1990 3353
231 140 308 179 294
701 139 954 178 LETTERs
994 138 1064 176 OF
1102 137 1368 176 ERASMUS
1708 131 1835 186 [1520

285 248 536 287 Prouocauit
567 250 607 284 te
637 248 791 296 Morus,
824 247 892 284 sed
927 249 1198 296 prouocatus;
1243 247 1313 285 sed
1346 250 1485 284 tamen
1515 245 1556 283 id
1588 245 1684 282 fecit
1713 245 1834 294 longe

170 313 213 344 60
231 303 397 341 ciuilius
418 316 543 352 quam
564 304 610 340 tu
630 301 879 350 respondes:
910 300 1019 350 quod
1038 301 1102 339 tui
1121 314 1286 350 quoque
1305 300 1488 338 fatentur
1508 298 1630 337 Galli.
1690 299 1747 336 Et
1765 298 1836 336 ille

231 357 397 407 scripsit
426 359 469 395 in
498 356 619 402 bello,
652 358 699 393 tu
731 357 792 393 tot
821 355 906 392 iam
935 356 1058 393 annis
1088 356 1211 393 rebus
1240 354 1544 404 pacatissimis,
1578 367 1654 391 nec
1681 352 1836 391 aedidit

231 415 372 449 tamen
404 411 474 449 ille
509 411 617 460 quod
651 410 883 459 scripserat,
918 409 990 447 sed
1023 410 1169 447 amicis
1201 408 1544 458 extorquentibus
1578 407 1766 454 indulsit,
1800 407 1837 445 si

231 465 354 503 modo
383 466 734 514 recognoscerent.
795 463 878 501 Nee
907 464 1064 501 mirum
1093 466 1156 501 est
1185 463 1230 501 in
1258 463 1429 501 homine
1459 462 1630 511 poetico,
1662 462 1698 500 si
1727 461 1838 499 veris

233 520 399 569 affingat
420 519 574 568 aliquid
595 518 848 556 attollendae
867 518 926 555 rei
945 519 1085 567 gratia,
1102 531 1175 555 nec
1190 517 1358 555 foedum
1373 519 1436 555 est
1451 516 1679 554 admodum
1698 528 1837 553 amore

170 580 210 621 65
230 575 386 623 patriae
424 573 680 611 hallucinari.
754 571 845 610 Hoc
878 574 1044 610 tantum
1083 572 1160 609 tibi
1192 572 1389 621 impingit
1423 572 1590 617 Morus,
1633 572 1679 608 tu
1714 582 1839 619 quam

229 628 425 666 atrociter
452 627 530 666 hoc
558 626 732 675 moliris,
754 629 802 666 vt
829 626 953 664 illum
978 627 1088 676 apud
1115 627 1271 675 Regem
1297 626 1456 663 deferas
1481 624 1615 663 veluti
1643 626 1838 674 paternae

232 682 367 720 laudis
400 681 723 731 suggillatorem.
784 681 892 719 Nam
927 694 1030 730 quae
1064 681 1114 718 de
1152 680 1349 718 carminis
1382 680 1502 718 viciis
1539 681 1715 726 notarat,
1753 691 1838 716 non

231 739 349 774 erant
383 737 507 786 digna
537 736 755 785 tragoedia.
815 735 908 773 Iam
940 749 1025 773 non
1055 735 1215 773 excutio
1247 734 1386 784 qualia
1418 734 1504 772 sint
1535 733 1685 783 quibus
1716 733 1839 770 illum

232 790 417 829 vicissim
437 794 579 838 taxas,
608 803 682 828 1100
710 790 824 828 0111111
851 792 912 827 est
938 790 1104 828 animus
1131 802 1227 827 cum
1255 789 1388 827 amico
1417 788 1561 826 Brixio
1592 788 1837 837 depugnare,

174 862 214 895 70
232 858 307 883 nec
337 858 439 894 opus
469 847 531 883 est
563 845 679 883 Moro
711 843 867 882 nostris
900 843 1140 893 praesidiis:
1182 843 1299 881 cuius
1330 842 1438 880 mihi
1470 842 1610 891 potius
1642 844 1706 880 est
1737 853 1840 891 opus

232 899 444 949 suppetiis.
504 900 598 937 Imo
618 913 668 937 ne
688 898 814 937 iudex
834 899 1005 947 quidem
1026 898 1193 948 cupiam
1219 910 1307 935 esse
1332 897 1443 935 inter
1469 897 1573 935 duos
1599 895 1763 943 amicos,
1787 908 1840 932 ne

233 953 404 992 alterius
422 955 627 992 iacturam
648 966 768 1002 cogar
786 953 928 990 facere.

287 1008 470 1046 Proinde
491 1021 740 1057 magnopere
762 1007 903 1053 miror,
927 1007 986 1044 mi
1012 1006 1143 1054 Brixi,
1168 1005 1266 1055 quid
1293 1005 1373 1043 tibi
1392 1004 1553 1043 venerit
1580 1005 1625 1042 in
1653 1005 1839 1042 mentem

233 1064 277 1100 vt
303 1062 429 1100 verba
454 1063 593 1100 nescio
619 1075 721 1112 quae
745 1074 839 1099 mea
864 1074 913 1098 ex
940 1061 1043 1098 meis
1069 1061 1121 1098 ad
1151 1059 1380 1098 Beraldum
1409 1060 1541 1097 literis
1565 1059 1624 1097 sic
1643 1059 1841 1107 interpre-

174 1132 212 1166 75
234 1116 394 1165 tareris,
430 1117 547 1165 quasi
580 1130 674 1154 meo
707 1115 962 1165 praeiudicio
1001 1115 1196 1164 palmam,
1218 1114 1465 1152 eruditionis
1495 1113 1574 1151 tibi
1605 1113 1838 1151 detulerim.

233 1170 323 1219 Ego
343 1170 557 1220 cupiebam
575 1174 783 1219 vtrunque
798 1171 996 1219 perpetuo
1015 1171 1206 1215 amicum,
1222 1181 1297 1206 nec
1315 1170 1402 1206 erat
1422 1168 1644 1206 consilium
1663 1168 1843 1206 alterum

235 1225 414 1263 alienare
440 1238 534 1262 meo
557 1225 726 1272 calculo,
750 1223 993 1273 praesertim
1021 1236 1114 1262 cum
1143 1223 1277 1261 adhuc
1303 1223 1414 1260 inter
1439 1235 1513 1260 vos
1542 1223 1721 1260 ferueret
1751 1233 1842 1259 con-

235 1279 378 1318 tentio.
441 1279 535 1317 Non
573 1279 674 1317 satis
706 1278 883 1317 memini
916 1278 1014 1328 quid
1049 1277 1287 1328 scripserim
1320 1277 1525 1324 Beraldo3
1567 1276 1673 1314 illud
1707 1275 1843 1313 ausim

234 1334 426 1381 deierare,
450 1347 517 1371 me
537 1333 647 1371 nihil
665 1334 810 1371 minus
829 1335 1007 1371 sensisse
1026 1346 1151 1382 quam
1172 1332 1280 1382 quod
1304 1332 1350 1369 tu
1376 1331 1671 1380 interpretaris.
1730 1329 1842 1368 Illud

175 1396 216 1427 80
232 1388 482 1436 sentiebam,
515 1388 681 1437 quando
713 1387 763 1425 de
795 1387 928 1425 literis
961 1390 1168 1425 certamen
1202 1388 1299 1433 erat,
1333 1399 1419 1423 non
1454 1385 1686 1434 oportuisse
1718 1384 1842 1422 aliam

235 1445 396 1492 captare
416 1442 584 1481 laudem
609 1455 659 1480 ex
684 1455 732 1480 eo
759 1441 984 1479 certamine
1010 1454 1135 1491 quam
1155 1444 1201 1479 vt
1229 1439 1462 1478 eruditione
1482 1440 1667 1478 vinceres
1687 1439 1839 1488 vtique,

234 1497 271 1535 si
294 1509 444 1546 posses.
505 1496 679 1534 Ostendi
704 1496 801 1546 quid
829 1496 908 1534 tibi
933 1496 1169 1534 conandum
1194 1495 1340 1541 fuerat,
1363 1507 1448 1532 non
1474 1494 1574 1544 quid
1603 1506 1712 1531 esses
1739 1505 1843 1530 asse-

235 1552 401 1601 quutus.
462 1551 580 1599 Quod
600 1551 636 1589 si
655 1564 730 1601 ego
750 1550 930 1588 maxime
950 1553 1066 1588 tuam
1087 1550 1317 1588 doctrinam
1337 1548 1516 1586 Moricae
1539 1547 1839 1597 praetulissem,

235 1607 375 1643 tamen
410 1605 588 1644 arbitror
620 1607 660 1643 te
694 1605 987 1642 modestiorem
1020 1617 1066 1642 ac
1103 1604 1418 1652 prudentiorem
1452 1615 1576 1652 quam
1611 1602 1683 1652 qui
1714 1600 1843 1639 velles

175 1668 215 1708 85
235 1672 467 1710 agnoscere.
529 1659 624 1697 Non
651 1659 928 1708 pronunciaui
955 1660 1048 1696 vter
1074 1661 1181 1696 esset
1210 1657 1378 1703 doctior,
1411 1670 1485 1694 1100
1514 1659 1577 1696 est
1606 1669 1770 1694 necesse
1798 1656 1845 1693 vt

235 1714 520 1764 pronunciem,
557 1715 597 1751 et
630 1713 743 1751 haud
777 1713 861 1751 scio
894 1726 948 1750 an
982 1725 1126 1750 meum
1159 1713 1214 1750 sit
1247 1712 1294 1749 de
1329 1711 1436 1750 Mori
1470 1714 1622 1760 tuaque
1656 1709 1844 1749 doctrina

236 1781 451 1806 censorem
479 1780 621 1816 agere;
662 1767 761 1817 quid
791 1767 863 1805 alii
892 1770 1086 1805 censeant
1115 1767 1210 1804 scio.
1400 1766 1404 1768 ’

291 1822 379 1860 Tua
412 1835 497 1860 non
531 1822 757 1860 admodum
791 1821 923 1859 multa
953 1821 1051 1869 vidi,
1085 1834 1218 1870 neque
1252 1820 1441 1858 cominus
1471 1819 1719 1857 eruditionis
1749 1821 1844 1856 tuae

237 1876 316 1915 feci
336 1877 579 1926 periculum.
638 1876 744 1914 Mori
764 1877 883 1925 plura
906 1875 998 1925 legi,
1022 1880 1063 1913 et·
1090 1889 1186 1913 cum
1212 1888 1260 1913 eo
1286 1875 1368 1913 fuit
1393 1874 1544 1912 intima
1568 1872 1842 1911 familiaritas.

177 1944 220 1976 90
239 1930 300 1968 De
330 1931 405 1968 illo
434 1930 570 1969 sentio
599 1931 709 1980 quod
741 1943 864 1968 nemo
895 1943 991 1968 non·
1010 1929 1139 1968 sentit
1169 1929 1242 1979 qui
1269 1928 1462 1979 pernouit
1491 1928 1718 1965 hominem.
1777 1926 1845 1964 In-

238 1985 409 2035 genium
448 1987 509 2023 est
554 1998 724 2034 prorsus
766 1984 1100 2034 incomparabile,
1141 1984 1341 2021 memoria
1389 1982 1637 2027 felicissima,
1680 1981 1844 2019 dicendi

237 2039 415 2078 facultas
452 2039 775 2089 promptissima.
832 2040 874 2076 A
906 2052 1034 2088 puero
1072 2037 1248 2076 feliciter
1283 2037 1452 2075 imbibit
1484 2036 1656 2074 Latinas
1688 2036 1842 2082 literas,

240 2094 414 2132 Graecas
448 2094 636 2140 iuuenis;
682 2094 806 2143 idque
839 2093 918 2131 sub
949 2093 1203 2131 doctissimis
1233 2091 1576 2141 praeceptoribus,
1609 2103 1706 2128 cum
1737 2089 1842 2135 aliis,

239 2150 331 2186 tum
370 2148 586 2197 pzaecipue
621 2148 781 2186 Thema
819 2148 993 2185 Linacro
1031 2149 1071 2185 et
1112 2147 1324 2185 Gulielmo
1363 2146 1554 2183 Grocino.
1628 2144 1681 2183 In
1719 2143 1846 2182 sacris

180 2214 220 2245 95
239 2202 370 2240 literis
397 2215 444 2240 eo
470 2215 712 2252 progressus
736 2204 799 2240 est
820 2204 865 2240 vt
892 2215 967 2240 nec
993 2201 1158 2251 magnis
1185 2200 1391 2249 theologis
1418 2200 1473 2238 sit
1502 2199 1845 2237 contemnendus.

239 2256 449 2294 Liberales
487 2256 728 2306 disciplinas
765 2269 851 2294 non
889 2255 1108 2294 infeliciter
1143 2255 1293 2304 attigit.
1353 2255 1405 2292 In
1438 2253 1703 2303 philosophia
1735 2252 1845 2291 vltra

238 2310 567 2349 mediocritatem
588 2323 828 2360 progressus
848 2313 934 2348 est:
964 2323 1016 2348 ne
1036 2310 1134 2359 quid
1159 2309 1330 2347 interim
1354 2309 1489 2346 dicam
1517 2308 1566 2345 de
1592 2307 1844 2357 professione

241 2365 364 2412 Iuris,
398 2365 641 2414 praesertim
670 2364 915 2411 Britannici,
945 2364 988 2401 in
1018 2377 1098 2413 qua
1128 2364 1200 2401 ille
1230 2363 1301 2401 vix
1329 2362 1405 2400 vlli
1434 2362 1555 2400 cedit.
1617 2360 1846 2399 Prudentia

240 2432 331 2457 rara
364 2423 407 2456 et
440 2419 638 2457 inaudita.
701 2419 811 2466 Quas
844 2418 896 2456 ob
931 2431 995 2455 res
1027 2419 1116 2456 Rex
1146 2417 1457 2455 cordatissimus
1490 2429 1574 2454 11011
1605 2414 1844 2466 conquieuit

161 2490 222 2511 100
240 2473 368 2510 donec
398 2473 612 2510 hominem
642 2473 692 2510 ad
722 2472 981 2522 penitissima
1010 2484 1083 2509 sua
1113 2471 1284 2509 consilia
1312 2470 1568 2520 pertraxerit.

736 2609 789 2637 99.
814 2608 901 2638 quas
918 2599 961 2629 ob
978 2608 1034 2629 res
1049 2601 1103 2628 H:
1128 2607 1199 2637 qua
1215 2597 1257 2627 de
1275 2607 1314 2627 ro
1330 2600 1365 2627 Γ.

287 2682 340 2711 62.
368 2680 461 2718 quod
490 2679 696 2720 scripserat]
731 2679 800 2710 His
842 2680 1021 2719 epigrams
1072 2680 1169 2716 logica
1209 2676 1247 2707 of
1282 2677 1455 2707 Aristotle
1500 2676 1591 2718 (LB.
1629 2676 1720 2715 App.
1759 2684 1845 2714 513:

244 2734 291 2754 on
308 2724 369 2754 the
386 2724 468 2763 ship
484 2722 722 2761 Chordigera:
746 2733 803 2754 see
820 2733 853 2763 p.
869 2723 946 2754 218.
1077 2722 1242 2759 1912A—c)
1258 2732 1266 2751 ε
1300 2722 1393 2751 most
1418 2720 1589 2760 probably
1617 2721 1656 2750 111
1684 2717 1846 2757 London,

287 2768 339 2798 66.
367 2766 520 2807 deferas]
545 2767 596 2797 Cf.
616 2767 679 2806 Ep.
699 2767 791 2805 1087.
808 2776 908 2797 22011.
1073 2766 1164 2796 after
1191 2764 1372 2794 Linacre’s
1401 2766 1527 2794 return
1556 2764 1649 2793 from
1681 2762 1780 2801 Italy
1807 2762 1846 2792 in

288 2812 340 2849 67.
368 2810 526 2851 notarat]
562 2811 600 2840 111
629 2813 700 2840 two
725 2810 888 2849 couplets
915 2819 961 2840 on
987 2819 1021 2849 p.
1074 2809 1136 2839 the
1159 2818 1318 2838 summer
1341 2807 1379 2837 of
1406 2817 1490 2846 1499
1506 2807 1631 2848 (ΕΗΒ.
1653 2806 1750 2836 xviii.
1769 2814 1843 2844 514,

246 2857 319 2893 246,
354 2855 394 2884 in
426 2854 487 2884 the
519 2863 637 2884 verses
675 2863 832 2884 PHOEBVS
870 2862 1021 2884 Bmxrvm
1078 2859 1143 2892 15).
1191 2853 1240 2882 As
1257 2852 1390 2882 Grocin
1407 2860 1478 2881 was
1498 2851 1537 2881 111
1554 2850 1703 2881 London
1726 2850 1763 2880 at
1785 2848 1846 2879 tho

245 2906 472 2934 ALLOerrvR.
1074 2905 1170 2925 sanie
1190 2896 1279 2925 time
1297 2895 1376 2935 (Ep.
1411 2895 1481 2924 118.
1510 2893 1606 2935 22n),
1632 2894 1800 2924 Erasmus
1815 2892 1846 2922 is

291 2951 344 2980 74.
369 2940 503 2981 literis]
528 2941 592 2972 See
610 2940 630 2970 l.
648 2949 707 2979 911.
1074 2939 1226 2977 perhaps
1243 2938 1427 2977 recording
1443 2938 1529 2968 here
1557 2938 1647 2968 facts
1666 2936 1704 2967 of
1724 2934 1846 2966 which

288 2994 341 3024 93.
368 2983 535 3025 Graecas]
576 2984 671 3014 More
712 2985 824 3014 states
856 2984 936 3014 that
976 2983 1021 3012 110
1075 2983 1118 3012 hc
1136 2981 1208 3012 had
1225 2981 1387 3021 personal
1405 2980 1624 3020 knowledge.

247 3029 358 3059 heard
384 3028 532 3059 Linaere
559 3027 692 3058 lecture
720 3036 766 3057 on
791 3027 852 3057 tho
883 3029 1022 3058 Metcoro-
1122 3035 1192 3056 100.
1217 3024 1450 3065 pertraxerIt]
1476 3024 1527 3055 Cf.
1546 3025 1607 3063 Ep.
1623 3033 1697 3062 999.
1715 3032 1768 3062 92.
