1990 3353
248 481 289 512 50

277 1598 294 1629 5

260 1878 297 1898 10

263 2418 302 2439 20

306 144 384 182 122
767 145 1016 184 LETTERS
1056 146 1124 184 OF
1162 147 1427 187 ERASMUS

1783 149 1907 204 [1519

305 251 392 300 ipse
422 251 646 290 Lutherius
675 253 854 291 aeditam
884 253 1020 301 dolet;
1056 255 1098 293 id
1128 257 1236 305 quod
1263 258 1462 307 proximis
1491 259 1577 297 suis
1607 261 1657 298 ad
1684 273 1750 298 me
1778 261 1912 299 literis

308 305 465 355 liquido
495 308 688 345 testatur.
745 307 886 346 Velim
915 308 1053 357 igitur,
1087 310 1159 359 qui
1189 311 1317 350 libros
1345 313 1487 360 edunt,
1520 316 1566 352 vt
1596 315 1831 353 abstineant
1859 315 1910 353 ab

309 360 543 398 istiusmodi
565 361 765 399 sediciosa
784 361 964 410 licentia,
989 376 1062 400 nec
1081 364 1307 403 abutantur
1328 369 1416 404 arte
1439 379 1523 412 sua,
1547 368 1742 407 iuuandis
1762 369 1913 407 studiis

308 427 354 452 ac
389 414 577 452 moribus
612 418 781 464 reperta,
815 429 900 453 non
934 418 1161 456 turbandae
1192 420 1489 469 tranquillitati
1519 422 1764 471 reipublicae
1797 422 1910 461 Chri-

308 469 476 506 stianae.
536 468 652 516 Quod
674 470 709 507 si
732 470 882 508 horum
904 471 1116 510 temeritas
1136 473 1318 512 cohiberi
1339 488 1421 512 non
1442 478 1589 524 potest.
1609 489 1749 515 meum
1770 480 1912 516 tamen

308 522 499 613 311ἰ11111111
512 523 609 584 ‘'t-ibi,
632 523 771 570 lector,
792 524 867 562 hoc
889 525 1161 576 chirographo
1176 530 1378 567 testatum
1399 543 1486 567 esse
1508 531 1635 568 volui.
1675 532 1788 570 Bene
1808 531 1910 570 vale.

400 589 549 615 ouann.

907 808 1032 849 1042.
1094 809 1156 849 TO
1188 834 1315 852 ---.

358 905 551 951 Epistolae
569 907 616 941 ad
635 907 802 943 diuersos
820 921 855 953 p.
874 912 955 954 498.

359 963 447 998 HN:
476 964 591 1000 Lond.
609 964 674 999 xii.
693 975 734 1010 31
754 977 762 1001 :
793 965 866 1001 LB.
886 968 967 1011 358.

1595 910 1775 947 Louvain.

1490 967 1723 1015 (November
1742 969 1870 1017 1519.)

359 1055 443 1096 [Not
468 1057 574 1087 much
599 1056 691 1088 later
715 1058 805 1088 than
831 1059 892 1089 the
917 1058 1187 1089 reconciliation
1206 1057 1297 1088 with
1320 1058 1381 1088 the
1398 1057 1559 1090 Louvain
1576 1059 1822 1099 theologians;
1845 1059 1918 1091 and

312 1099 487 1138 probably
504 1100 562 1140 (cf.
581 1100 603 1131 l.
628 1100 710 1140 1011)
728 1102 834 1132 about
852 1103 913 1132 the
931 1113 1026 1133 same
1043 1102 1125 1133 date
1141 1112 1180 1133 as
1196 1101 1285 1142 Epp.
1305 1111 1433 1140 1040,1.

355 1142 429 1172 The»,
462 1153 587 1182 person
619 1145 812 1175 addressed
844 1146 976 1185 clearly
1007 1156 1080 1176 was
1107 1156 1127 1176 a
1154 1146 1344 1185 physician
1361 1157 1368 1184 3
1408 1146 1637 1186 conceivably
1668 1148 1698 1178 J.
1734 1146 1920 1187 Bogardus

315 1186 393 1226 (Ep.
410 1196 485 1224 932.
503 1187 600 1226 5411),
620 1188 702 1219 who
719 1198 792 1219 was
808 1199 891 1220 now
908 1191 948 1220 in
964 1187 1116 1229 orders]

652 1291 860 1322 ERASMVS
891 1291 1071 1323 CVIDAM
1105 1292 1449 1323 OB'PRECTATORI
1481 1294 1516 1324 S.
1539 1294 1583 1324 D.

371 1372 578 1420 Qvomono
599 1374 655 1411 sis
675 1373 830 1411 abusus
850 1372 994 1421 lingua
1018 1374 1088 1412 tua
1115 1374 1212 1411 ante
1238 1373 1514 1411 instauratam
1535 1373 1809 1421 concordiam,
1834 1385 1920 1410 non

315 1439 382 1464 me
414 1426 520 1465 clam
554 1427 663 1472 fuit;
703 1428 774 1466 sed
812 1429 906 1477 post
940 1429 1102 1476 pactam
1142 1427 1331 1466 omnium
1373 1428 1630 1476 superiorum
1666 1427 1921 1466 obliuionem

315 1481 438 1519 audio
459 1484 500 1519 te
520 1481 713 1520 conuiuia
734 1484 805 1520 tua
825 1481 989 1530 singula
1009 1481 1175 1520 condire
1194 1481 1538 1520 virulentissimis
1554 1481 1922 1520 obtrectationibus

317 1535 361 1573 in
390 1535 603 1574 fortunam
632 1549 678 1574 ac
707 1536 839 1574 vitam
869 1535 1106 1586 famamque
1140 1549 1287 1574 meam.
1346 1536 1403 1573 Vt
1431 1535 1514 1573 sim
1544 1536 1580 1573 is
1613 1535 1657 1573 in
1686 1549 1809 1586 quem
1842 1535 1924 1573 ista

315 1590 465 1628 merito
500 1589 701 1637 dicantur,
735 1592 877 1628 tamen
910 1603 995 1628 non
1027 1590 1193 1639 ignoras
1225 1604 1349 1640 quam
1378 1590 1548 1628 foedum
1577 1590 1632 1628 sit
1662 1590 1802 1629 vlcisci
1835 1602 1923 1628 sese

317 1644 602 1682 obtrectatrice
629 1643 784 1694 lingua,
812 1644 937 1693 idque
963 1644 1007 1682 in
1031 1645 1263 1692 conuiuiis;
1298 1647 1339 1682 et
1368 1645 1537 1693 interim
1566 1644 1763 1694 praebere
1788 1643 1923 1694 perni-

317 1698 472 1736 ciesum
500 1699 739 1748 exemplum
768 1699 853 1736 tuis
876 1699 1195 1746 conuictoribus„
1224 1699 1467 1748 praesertiin
1493 1699 1538 1736 in
1568 1712 1611 1736 re
1636 1699 1680 1736 in
1705 1712 1786 1748 qua
1815 1697 1924 1736 nihil

317 1752 527 1801 intelligis.
569 1752 826 1800 praestabat,
851 1753 952 1791 dum
972 1753 1052 1791 ista
1072 1753 1215 1802 garris,
1238 1753 1430 1791 euoluere
1450 1752 1717 1802 Hippocratis
1732 1764 1920 1798 canones,

316 1808 363 1845 vt
401 1807 571 1845 haberes
611 1807 719 1856 quod
766 1807 1014 1856 respondeas
1060 1808 1237 1857 aegrotis
1276 1807 1596 1845 consultoribus.
1667 1807 1760 1845 Scio
1798 1807 1925 1845 istam

318 1861 597 1910 suspicionem
633 1864 775 1900 natam
809 1875 858 1899 ex
892 1861 1086 1910 epistolis.
1113 1862 1271 1900 duabus
1311 1861 1488 1911 pessime
1527 1861 1773 1899 intellectis:
1814 1860 1924 1910 quod

318 1916 440 1954 facile
473 1915 636 1963 docebo,
673 1916 707 1954 si
739 1916 804 1954 cui
838 1915 895 1953 sit
924 1929 1074 1954 sanum
1108 1916 1332 1954 cerebrum.
1394 1915 1501 1964 Quid
1533 1918 1673 1954 autem
1703 1928 1799 1966 agas
1829 1927 1925 1953 cum

317 1970 520 2008 furiosis?

373 2025 453 2062 Sed
474 2025 572 2062 haec
593 2024 798 2073 explicare
818 2023 872 2062 sit
892 2024 1107 2073 prolixius.
1166 2025 1223 2063 Vt
1243 2024 1385 2074 paucis
1405 2024 1551 2071 dicam,
1577 2024 1609 2061 si
1638 2023 1689 2062 ab
1716 2024 1795 2062 ista
1816 2023 1926 2062 viru-

318 2078 449 2116 lentia
476 2079 639 2127 linguae
668 2078 918 2128 temperaris,
945 2079 1098 2116 rectius
1124 2079 1313 2117 consules
1343 2078 1541 2128 dignitati
1564 2081 1669 2117 tuae.
1731 2078 1818 2128 Ego
1842 2092 1928 2127 per-

282 2149 298 2179 5
319 2132 452 2170 multa
475 2146 621 2182 passus
640 2146 750 2179 sum,
770 2146 823 2170 ne
844 2132 944 2181 quid
966 2133 1176 2171 tumultus
1195 2147 1287 2171 mea
1303 2145 1423 2171 causa
1444 2134 1704 2180 nasceretur;
1734 2135 1773 2170 et
1792 2132 1926 2170 adhuc

319 2200 463 2236 pacem
484 2188 760 2225 instauratam
786 2187 997 2225 mordicus
1022 2190 1154 2225 teneo.
1215 2188 1301 2238 Ego
1324 2187 1558 2225 Lutherum
1584 2199 1658 2224 nec
1680 2200 1826 2225 accuso
1851 2199 1928 2224 1100

319 2241 510 2280 defendo.
568 2241 636 2279 Sic
657 2254 743 2279 esse
764 2254 829 2279 res
848 2241 937 2291 ipsa
956 2241 1128 2280 docebit.
1180 2242 1314 2290 Quare
1334 2241 1467 2279 nolim
1487 2253 1554 2278 me
1574 2241 1726 2279 horum.
1746 2240 1928 2290 negociis

321 2295 549 2333 admisceri.
612 2296 666 2333 Et
686 2296 728 2333 id
749 2295 1043 2334 demonstrabo
1063 2295 1171 2334 veris
1191 2309 1237 2334 ac
1257 2295 1402 2334 solidis
1422 2294 1693 2344 argumentis
1753 2294 1871 2343 Quod
1893 2295 1929 2333 si

320 2353 366 2386 tu
382 2362 526 2398 perges
547 2350 626 2388 ista
646 2349 878 2399 petulantia
897 2349 1055 2387 famam
1075 2363 1212 2388 meam
1233 2350 1444 2396 incessere,
1466 2349 1561 2388 vide
1582 2363 1634 2387 ne
1655 2362 1746 2387 mea
1766 2362 1932 2399 quoque

321 2403 473 2442 lenitas
504 2403 614 2441 victa
647 2403 794 2442 efficiat
824 2406 870 2442 vt
905 2405 952 2442 tu
981 2406 1074 2454 post
1103 2404 1219 2442 mille
1248 2417 1381 2443 annos
1410 2404 1521 2441 inter
1553 2404 1787 2441 virulentos
1816 2416 1929 2452 syco-

320 2458 512 2506 phantas,
544 2458 652 2495 inter
677 2458 878 2507 gloriosos
908 2458 1146 2505 nebulones,
1174 2459 1285 2496 inter
1313 2458 1445 2496 malos
1474 2458 1656 2495 medicos
1684 2457 1930 2495 decanteris.

322 2511 400 2549 Sed
420 2511 527 2550 absit
548 2514 595 2549 vt
616 2511 693 2549 hoc
713 2512 887 2551 eueniat.
950 2512 1056 2550 Mihi
1077 2513 1313 2551 Christiana
1334 2511 1466 2560 magis
1486 2511 1661 2561 placent,
1686 2513 1727 2550 et
1748 2511 1800 2550 ad
1823 2524 1869 2549 ea
1889 2513 1932 2549 te

321 2578 508 2615 prouoco.
568 2566 681 2604 Bene
701 2566 804 2604 vale.
866 2567 1057 2607 Louanii.
1079 2564 1224 2618 [Anno
1245 2579 1286 2603 M.
1301 2579 1339 2604 D.
1356 2563 1499 2616 xvnr]

413 2651 506 2681 1042.
533 2652 564 2681 6.
593 2654 647 2681 H:
671 2651 914 2682 obtrectatrici
932 2654 966 2681 F.
1117 2660 1166 2688 23.
1194 2651 1356 2687 Louanii,
1376 2651 1484 2681 Anno
1502 2659 1583 2680 nnn.
1598 2659 1689 2681 xvnr
1704 2653 1777 2681 add.
1798 2652 1840 2681 Η.

372 2758 465 2788 1041.
494 2758 545 2794 46.
582 2757 715 2798 literis]
748 2758 817 2788 Not
846 2760 972 2789 extant
987 2770 993 2790 ;
1034 2759 1095 2789 but

324 2801 480 2840 scarcely
499 2813 517 2830 a
537 2802 637 2840 reply
657 2803 692 2832 to
712 2802 771 2841 Ep.
786 2803 861 2840 980.
899 2803 935 2833 It
952 2812 1099 2842 appears

324 2847 360 2876 to
378 2845 468 2874 have
488 2845 575 2874 been
589 2845 824 2884 conciliatory
841 2846 878 2876 in
893 2848 986 2876 tone.
1034 2846 1101 2875 For

324 2891 439 2918 traces
453 2887 490 2917 of
504 2889 607 2918 other
623 2888 924 2927 correspondence
943 2890 1099 2919 between

325 2932 425 2963 them
438 2931 475 2961 in
492 2940 575 2970 1520
586 2942 641 2962 see
654 2932 740 2971 Epp.
753 2942 765 2961 1
775 2941 786 2961 1
796 2941 835 2970 13
848 2933 993 2972 inm-od„
1008 2943 1019 2962 1
1031 2943 1100 2969 141.

331 2984 407 3015 1511,
429 2976 523 3005 1166.
551 2985 631 3014 90n.
659 2976 720 3005 but
744 2985 789 3005 no
815 2977 938 3006 letters
958 2977 1101 3007 surviw¹

326 3019 386 3050 till
408 3028 499 3058 1524.

1204 2757 1298 2787 1042.
1317 2765 1344 2787 1.
1357 2756 1600 2797 concordiam]
1610 2756 1731 2796 Cf.Ep.
1748 2756 1838 2786 1016.
1854 2764 1930 2794 1511.

1205 2809 1254 2830 10.
1280 2800 1440 2839 epistolis
1457 2799 1609 2840 duabus]
1632 2799 1706 2830 One
1723 2800 1762 2830 of
1782 2799 1882 2830 these
1900 2799 1930 2828 is

1160 2844 1336 2883 certainly
1354 2844 1417 2883 Ep.
1440 2844 1529 2882 980·,
1556 2843 1597 2873 cf.
1625 2843 1711 2882 Epp.
1737 2852 1830 2881 1040.
1855 2852 1930 2880 2-4,

1166 2897 1256 2925 1041.
1277 2897 1373 2926 22-4,
1392 2897 1487 2926 44-5.
1521 2887 1595 2917 The
1612 2887 1715 2916 other
1732 2887 1762 2916 is
1777 2885 1933 2926 perhaps

1164 2931 1225 2970 Ep.
1243 2932 1317 2969 948,
1337 2931 1457 2961 which
1472 2940 1544 2960 was
1561 2930 1703 2969 printed
1726 2930 1798 2960 and
1820 2929 1931 2960 circu-

1163 2973 1259 3004 latnd
1274 2974 1364 3004 with
1384 2974 1423 3004 it.

1207 3027 1258 3048 20.
1288 3017 1435 3057 lenitas]
1461 3017 1511 3049 Cf.
1528 3017 1590 3056 Ep.
1614 3027 1706 3056 1029.
1721 3026 1779 3056 911.
