1990 3353
6 1998 11 2017 ,-
5 1947 11 1988 ψ»
5 1935 7 1938 -
3 1699 11 1914 „naman-‚aan-

119 134 239 188 1111]
580 135 651 173 TO
688 134 840 173 JOHN
879 133 1049 173 LOUIS
1086 133 1257 171 VIVES
1640 131 1718 170 281

112 245 374 295 sperandum,
397 248 666 296 posteaquam
687 245 873 284 Sorbona
891 243 1042 293 spretis
1060 241 1297 293 leptologiis
1318 240 1493 279 solidam
1514 252 1560 277 ac
1579 251 1721 277 veram

111 300 365 350 theologiam
398 300 696 350 amplectitur?
753 299 925 338 Gaudeo
958 298 1143 336 reuocari
1174 297 1316 336 Musas
1346 294 1523 334 antehac
1551 305 1722 342 prorsus

112 354 254 393 exules
286 367 310 392 a
342 354 523 404 publicis
550 353 793 405 gymnasiis.
852 353 963 401 Quas
991 354 1132 390 tamen
1160 350 1219 390 sic
1247 349 1375 400 recipi
1401 348 1530 387 velim
1559 348 1607 385 vt
1636 346 1722 384 bar-

114 408 275 447 bariem
311 421 358 447 ac
394 409 566 447 friuolas
605 409 728 447 tricas
765 409 936 446 tantum
974 405 1209 450 discutiant,
1249 417 1336 442 non
1377 403 1506 441 etiam
1544 401 1722 440 obruant
1743 413 1781 444 15

114 462 355 512 disciplinas
374 463 543 513 cognitu
564 461 835 501 necessarias:
865 464 991 511 atque
1010 460 1061 498 ad
1081 460 1157 498 has
1176 458 1465 509 perdiscendas
1489 455 1724 517 conducent

113 517 252 564 etiam,
287 520 456 556 tantum
489 517 604 556 abest
638 520 683 555 vt
717 516 910 555 officiant.
971 514 1118 564 Neque
1150 515 1267 552 enim
1302 512 1402 552 solis
1436 511 1558 549 bonis
1590 510 1723 571 literis

111 571 359 620 vacandum,
397 572 506 622 quod
544 571 715 622 quidam
752 570 863 620 apud
900 568 1030 608 Italos
1061 568 1191 606 nimis
1223 567 1390 606 ethnice
1422 566 1607 611 faciunt;
1636 577 1724 625 ’qul

112 628 383 675 posteaquam
431 626 592 673 Iouem,
636 625 860 672 Bacchum,
907 624 1164 674 Neptunum,
1208 621 1441 667 Cinthium,
1482 619 1722 680 Cyllenlum

112 680 302 718 versibus
321 680 481 730 aliquot
499 680 769 727 infulserunt,
787 679 976 718 absolute
996 677 1107 716 docti
1127 677 1207 715 sibi
1227 676 1438 715 videntur.
1488 674 1570 712 His
1589 673 1722 733 literis
1743 686 1783 708 20

112 737 206 772 tum
225 734 396 773 demum
415 748 517 774 suus
537 737 600 773 est
623 735 756 773 honos
778 747 907 784 quum
933 732 1028 771 aliis
1053 731 1287 781 disciplinis
1311 728 1570 780 grauioribus
1589 727 1723 766 veluti

109 788 426 827 condimentum
446 788 738 828 admiscentur.
1660 835 1668 843 ¹

168 842 389 882 Caeterum
412 843 518 882 illud
545 857 664 893 saepe
691 856 856 882 mecum
883 841 1076 886 admiror,
1102 853 1232 891 quum
1258 851 1404 877 omnes
1431 839 1563 876 ferme
1592 837 1723 874 totius

113 896 225 935 orbis
251 898 496 937 Academiae
524 898 654 936 veluti
682 898 971 948 resipiscentes
998 895 1048 934 ad
1078 895 1346 934 sobrietatem
1374 892 1586 942 quandam
1613 904 1721 929 com·

113 954 273 1001 ponant
307 965 406 1000 sese,
439 953 546 1002 apud
581 953 690 992 solos
720 952 1000 991 Louanienses
1028 963 1117 989 esse
1147 949 1218 1000 qui
1245 951 1332 987 tam
1361 946 1626 1007 pertinaciter
1655 945 1722 1007 ob·
1743 961 1782 991 25

112 1005 328 1044 luctentur
350 1006 594 1046 melioribus
617 1007 762 1053 literis,
785 1006 1026 1057 praesertim
1053 1018 1183 1055 quum
1210 1016 1286 1041 nec
1314 1002 1360 1040 in
1389 1002 1467 1040 hoc
1494 1000 1722 1050 sophistico

112 1060 327 1099 doctrinae
347 1074 495 1110 genere
515 1075 766 1112 magnopere
788 1060 1054 1111 praecellant.
1114 1057 1310 1097 Narrauit
1335 1056 1443 1094 mihi
1468 1061 1566 1094 ante
1589 1067 1723 1093 annos

113 1116 200 1152 tres
220 1114 268 1154 R.
282 1115 330 1153 P.
352 1115 533 1154 Ioannes
552 1116 767 1166 episcopus
794 1115 1012 1161 Roffensis‚
1037 1114 1102 1152 vir
1120 1125 1232 1152 vnus
1251 1125 1348 1150 vere
1372 1111 1602 1160 episcopus,
1626 1122 1721 1147 vere

112 1169 344 1218 theologus,
363 1170 407 1208 in
428 1171 654 1209 Academia
669 1169 1011 1219 Cantabrigiensi,
1032 1168 1098 1206 cui
1118 1166 1399 1207 Cancellarius
1416 1168 1479 1203 est
1498 1170 1723 1215 perpetuus

113 1224 226 1261 —sic
246 1223 359 1262 enim
380 1224 444 1262 1111
464 1228 616 1263 vocant
639 1238 856 1263 summum
882 1237 927 1262 ac
954 1224 1203 1274 perpetuum
1229 1220 1393 1260 scholae
1418 1219 1718 1266 antistitem—,
1742 1229 1784 1260 30

113 1291 188 1327 pro
207 1278 448 1328 sophisticis
465 1279 799 1329 argutationibus
824 1291 935 1317 nunc
962 1277 1121 1316 sobrias
1146 1289 1192 1315 ac
1218 1288 1339 1314 sanas
1367 1275 1479 1313 inter
1506 1273 1723 1334 theologos

111 1332 419 1382 disputationes
433 1333 591 1382 agitari,
605 1334 716 1372 vnde
733 1333 952 1372 discedunt
967 1345 1051 1370 non
1072 1331 1210 1370 solum
1226 1329 1431 1368 doctiores
1445 1329 1722 1367 verumetiam

112 1387 315 1425 meliores.
367 1387 616 1426 Oxoniensis
635 1388 859 1426 Academia
879 1387 1180 1426 monachorum
1201 1384 1462 1434 quorundam
1480 1395 1603 1432 opera
1622 1395 1722 1420 non-

113 1440 223 1479 nihil
252 1441 459 1480 obluctata
488 1445 552 1481 est
579 1442 725 1489 initi03
764 1442 836 1481 sed
865 1442 912 1480 R.
937 1441 1056 1480 Card.
1078 1453 1123 1478 ac
1151 1439 1274 1488 Regis
1302 1438 1527 1477 autoritate
1556 1436 1723 1476 coerciti

110 1498 211 1534 sunt
233 1497 303 1545 qui
323 1498 488 1535 tantum
508 1497 667 1535 bonum
687 1497 942 1535 clarissimae
969 1508 1015 1534 ac
1034 1493 1344 1533 vetustissimae
1369 1491 1538 1531 scholae
1564 1491 1722 1529 inuide-
1744 1501 1783 1533 35

112 1549 223 1589 bant.
275 1550 337 1588 De
358 1550 479 1589 Italia
499 1551 598 1601 quid
618 1551 770 1589 attinet
786 1550 1144 1589 commemorare?
1163 1548 1207 1586 in
1223 1560 1304 1597 qua
1319 1560 1482 1595 semper
1496 1547 1725 1606 regnarunt

111 1604 214 1643 haec
237 1604 386 1653 studia,
410 1606 481 1643 sed
510 1618 614 1655 pene
641 1606 738 1652 sola,
761 1607 795 1644 si
821 1605 1073 1643 medicinam
1104 1605 1146 1641 et
1176 1603 1280 1641 iuris
1307 1601 1503 1651 peritiam
1531 1600 1721 1649 excipias

111 1658 340 1698 Academia
359 1658 672 1709 Complutensis
691 1673 775 1698 non
800 1659 967 1698 aliunde
995 1658 1277 1696 celebritatem
1304 1656 1488 1694 nominis
1513 1655 1726 1705 auspicata

111 1715 175 1752 est
195 1727 320 1763 quam
341 1727 365 1752 a
384 1714 695 1763 complectendo
715 1714 880 1764 linguas
898 1727 944 1752 ac
964 1713 1095 1752 bonas
1118 1711 1282 1750 literas:
1313 1710 1430 1748 cuius
1455 1709 1724 1760 praecipuum

112 1770 407 1807 ornamentum
443 1771 504 1807 est
537 1770 725 1819 egregius
758 1769 832 1807 ille
869 1781 993 1807 senex
1027 1767 1231 1817 planeque
1269 1765 1423 1814 dignus
1460 1763 1532 1814 qui
1569 1763 1725 1801 multos
1742 1773 1785 1805 40

113 1822 253 1861 vincat
277 1823 486 1870 Nestoras,
510 1824 724 1862 Antonius
752 1822 1029 1862 Nebricensis.
1090 1821 1143 1859 In
1171 1820 1395 1859 Germania
1420 1821 1482 1857 tot
1510 1818 1596 1856 fere
1623 1820 1725 1856 sunt

112 1877 361 1916 Academiae
390 1880 491 1927 quot
520 1878 681 1928 oppida.
742 1877 907 1916 Harum
937 1876 1055 1915 nulla
1082 1888 1189 1926 pene
1219 1877 1283 1912 est
1313 1886 1415 1924 quae
1445 1886 1530 1912 non
1558 1873 1725 1922 magnis

114 1930 277 1970 salariis
305 1934 484 1971 accersat
515 1932 754 1982 linguarum
789 1932 1051 1982 professores.
1123 1928 1321 1968 Coloniae
1353 1927 1493 1966 nescio
1526 1940 1608 1977 quo
1638 1927 1724 1965 fato

113 1999 329 2035 nunquam
352 1986 395 2024 in
414 1986 553 2036 precio
578 1987 750 2025 fuerunt
776 1986 1056 2025 mansuetiora
1082 1983 1230 2025 studia,
1254 1984 1364 2033 quod
1391 1981 1490 2029 illic,
1513 1988 1561 2020 vt
1586 1981 1722 2028 audio,

113 2042 287 2090 regnant
318 2040 513 2079 examina
547 2040 872 2080 Dominicalium
902 2054 948 2079 ac
978 2039 1356 2078 Franciscanorum.
1416 2037 1536 2075 Certe
1563 2049 1725 2085 semper
1743 2047 1784 2079 45

113 2094 292 2133 liberum
323 2096 402 2133 fuit
431 2095 497 2134 cui
526 2095 675 2134 liberet
703 2095 888 2146 profiteri
914 2094 979 2133 vel
1009 2093 1206 2132 mercede.

161 2241 213 2272 19.
236 2233 289 2262 H:
313 2231 507 2271 Cyllenum
523 2236 559 2264 F.
694 2235 747 2265 28.
774 2234 814 2266 R.
835 2233 871 2265 P.
890 2244 948 2265 om.
967 2236 1010 2265 H.
1137 2243 1190 2272 30.
1217 2234 1265 2263 sic
1283 2256 1290 2262 .
1309 2254 1318 2263 .
1336 2254 1345 2263 .
1363 2231 1568 2262 antistitem
1587 2232 1662 2262 add.
1679 2232 1723 2262 Η.

112 2285 166 2316 34.
194 2275 233 2307 R.
252 2275 354 2307 Card.
371 2278 419 2306 F:
442 2275 650 2309 Cardinalis
665 2280 708 2311 Η.
843 2287 896 2316 41.
924 2277 1169 2308 Nebrissensis
1184 2279 1226 2308 H.

161 2419 209 2448 19.
240 2408 448 2451 Cinthium]
465 2410 606 2450 Apollo.
951 2410 1084 2442 inti-od.
1111 2411 1183 2441 and
1211 2419 1303 2449 1¹43·
1331 2410 1428 2450 25n).
1487 2411 1560 2442 But
1583 2410 1629 2441 he
1652 2420 1726 2441 was

201 2452 428 2495 Cyllenium]
446 2454 622 2494 Mercury.
951 2455 1026 2485 also
1043 2455 1082 2485 in
1098 2454 1265 2494 England
1282 2454 1321 2485 in
1335 2455 1441 2495 April
1455 2464 1536 2494 1517
1550 2455 1622 2495 (see
1634 2455 1723 2494 Epp.

159 2497 211 2527 28.
239 2496 428 2539 Roffensis]
453 2497 527 2528 The
550 2499 731 2529 reference
754 2498 784 2529 is
808 2508 884 2538 per·
952 2499 1027 2537 566,
1048 2508 1111 2537 577
1136 2497 1316 2538 introdd.)
1342 2499 1413 2529 and
1438 2508 1521 2538 may
1537 2499 1628 2529 have
1651 2499 1723 2529 had

114 2539 204 2580 haps
221 2542 256 2570 to
273 2541 335 2572 the
353 2542 576 2581 comparison
593 2542 685 2572 with
704 2542 765 2573 the
783 2542 884 2574 Cam·
952 2542 1011 2573 his
1023 2542 1274 2573 conversation
1289 2542 1379 2572 with
1395 2543 1522 2573 Fisher
1535 2543 1636 2573 then.
1678 2543 1723 2573 In

113 2583 239 2623 bridge
256 2584 294 2614 of
307 2594 350 2623 3ο
365 2594 468 2624 years
483 2585 625 2625 earlier,
641 2586 745 2616 made
763 2586 801 2617 in
820 2586 883 2626 Ep.
953 2586 1016 2626 Ep.
1055 2586 1136 2624 1238
1168 2586 1338 2616 Erasmus
1369 2587 1479 2617 ranks
1510 2586 1724 2626 Cambridge

113 2628 189 2666 456.
210 2628 340 2666 228-43
356 2639 362 2660 :
388 2630 537 2660 written
555 2629 663 2659 when
684 2630 828 2670 staying
847 2630 885 2660 111
953 2629 1044 2660 with
1062 2630 1171 2660 Paris.

115 2671 274 2702 Fisher's
295 2671 405 2702 house
428 2674 467 2703 at
488 2672 690 2704 Rochester.
740 2673 792 2704 Cf.
812 2674 886 2704 also
996 2683 1049 2712 33.
1075 2671 1303 2712 Oxoniensis]
1323 2672 1374 2704 Cf.
1396 2674 1460 2713 Ep.
1478 2674 1555 2713 948.
1576 2673 1676 2705 18811.

115 2714 202 2755 Epp.
216 2724 396 2754 457.55—9,
407 2725 481 2755 730.
497 2725 545 2755 17,
558 2718 632 2756 965.
652 2718 767 2755 13-16.
792 2717 885 2748 Such
997 2727 1051 2756 34.
1076 2717 1115 2747 R.
1141 2715 1263 2757 Cara]
1288 2716 1460 2757 Wolsey;
1488 2717 1531 2749 cf.
1559 2718 1623 2757 Ep.
1646 2719 1724 2757 967.

112 2767 135 2788 a
159 2759 379 2798 compari-son
406 2760 578 2790 Erasmus
601 2760 788 2800 obviously
813 2770 886 2791 was
951 2761 1049 2791 26-8.

115 2805 180 2832 not
197 2802 235 2832 111
253 2812 273 2832 a
291 2802 446 2842 position
464 2805 500 2834 to
520 2803 623 2834 make
647 2803 701 2834 for
725 2804 884 2835 himself.
998 2805 1050 2843 38.
1086 2801 1369 2842 Complutensis]
1417 2804 1456 2835 of
1505 2805 1631 2836 Alcala
1680 2805 1724 2835 de

114 2845 189 2876 'l'he
206 2845 443 2886 discrepancy
460 2847 626 2878 between
642 2846 702 2878 his
718 2847 885 2879 estimato
954 2847 1117 2879 Henares
1132 2859 1138 2877 :
1163 2856 1220 2877 see
1236 2848 1301 2887 Ep.
1319 2857 1391 2887 541.
1409 2857 1488 2887 37¹1·

116 2889 203 2920 here
220 2890 290 2920 and
315 2890 377 2920 the
400 2890 481 2921 four
505 2900 609 2930 years
632 2891 790 2931 actually
806 2894 886 2932 past
998 2901 1049 2929 41.
1078 2890 1323 2932 Nebricensis]
1353 2891 1418 2923 See
1443 2893 1508 2932 Ep.
1537 2892 1611 2931 487.
1646 2903 1721 2930 141¹·

115 2933 212 2964 since
230 2933 292 2973 Ep.
307 2935 371 2973 456
388 2943 460 2965 was
476 2935 624 2965 written
642 2935 672 2965 is
688 2937 752 2965 not
768 2944 815 2966 an
832 2936 884 2966 in·
955 2935 1022 2966 For
1036 2935 1111 2965 this
1124 2936 1214 2965 form
1228 2934 1266 2965 of
1274 2935 1336 2965 the
1350 2945 1455 2966 name
1468 2936 1509 2966 cf.
1526 2946 1622 2966 some
1636 2938 1724 2966 Libri

116 2977 391 3008 surmountable
403 2977 576 3009 obstacle:
591 2977 645 3009 for
656 2978 713 3008 his
725 2987 886 3018 memory
954 2982 1088 3009 mmor-es
1101 2979 1282 3009 corrected
1297 2979 1344 3019 by
1357 2979 1448 3019 him,
1462 2979 1599 3019 Alcala,
1614 2979 1722 3010 Mich.

114 3018 171 3051 for
201 3020 330 3061 figures
363 3031 434 3051 was
465 3022 565 3053 weak
596 3022 656 3062 (cf.
684 3022 770 3061 Epp.
803 3023 886 3062 1098
954 3022 997 3053 de
1011 3022 1133 3062 Eguia,
1148 3032 1160 3051 1
1174 3021 1280 3061 April
1297 3032 1396 3062 1525:
1414 3032 1470 3053 see
1485 3022 1590 3054 ΒΕΓ.ι
1602 3023 1653 3053 111.
1667 3024 1720 3060 36.
