1990 3353
311 126 391 164 402
783 128 1035 168 LETTERS
1073 130 1143 169 oF
1180 129 1446 169 ERAsMUS
1781 125 1909 180 [1520

309 235 486 274 cendum
516 238 604 274 erat
631 236 887 286 sacerdotali,
912 250 1036 287 quem
1065 237 1153 287 ipse
1181 238 1373 276 Christus
1401 238 1597 285 instituit,
1621 239 1662 276 et
1682 237 1798 276 cuius
1820 237 1909 286 ipse

308 303 402 340 pars
421 290 503 329 fuit
519 305 527 329 z
557 291 810 340 parcendum
830 293 918 330 erat
937 292 1145 330 maiestati
1164 292 1415 342 principum,
1445 305 1548 342 quae
1568 292 1730 342 saepius
1749 292 1910 330 irritata

248 357 289 389 55
309 358 477 394 grauem
496 344 723 394 perniciem
743 346 895 384 excitat
919 345 1175 384 mortalibus.

362 399 503 448 Atque
519 400 565 437 vt
584 400 628 437 in
647 401 784 438 totum
805 400 913 438 mihi
933 400 1067 449 placet
1087 400 1253 438 nullum
1274 400 1447 439 omnino
1462 400 1652 439 ordinem
1672 400 1909 439 seditiosius

308 452 478 497 laedere,
500 452 560 491 ita
579 453 762 492 nimium
782 454 863 492 sibi
883 453 1012 492 tribui
1031 454 1258 504 postulant,
1281 455 1353 504 qui
1373 468 1468 493 cum
1488 454 1568 493 sibi
1588 454 1697 492 nihil
1717 467 1802 493 non
1822 468 1910 504 per-

307 507 482 545 mittant
510 507 554 545 in
582 507 699 557 alios,
731 508 869 558 palam
899 508 1028 546 etiam
1056 522 1102 547 ac
1131 509 1355 558 publicitus
1390 509 1643 547 mentientes
1675 508 1719 547 in
1753 508 1909 547 famam

309 561 505 610 alienam,
537 574 664 611 eaque
693 564 901 601 vertentes
931 563 975 601 in
1003 563 1194 601 haereses
1223 565 1296 602 aut
1325 566 1433 601 certe
1464 563 1724 602 odiosissime
1758 563 1910 601 calum-

248 619 290 651 60
308 615 474 654 uiantes
494 628 598 665 quae
618 630 691 654 nec
711 617 965 666 intelligunt,
991 630 1076 655 0011
1106 617 1317 666 patiantur
1336 618 1526 655 ordinem
1546 630 1669 655 suum
1699 617 1911 655 nominari

308 669 389 708 nisi
410 683 505 708 cum
526 670 696 709 honoris
715 671 999 720 praefatione3
1027 673 1068 710 et
1095 674 1210 710 totus
1239 671 1565 710 Dominicalium
1594 671 1693 710 ordo
1722 671 1911 709 coniuret

309 724 354 761 in
383 737 480 762 eum
512 724 583 774 qui
613 726 725 763 inter
753 726 953 764 amiculos
983 728 1178 775 queratur
1206 725 1284 764 sibi
1314 726 1424 764 furto
1453 725 1661 764 sublatam
1690 725 1910 775 pecuniam

308 780 380 817 aut
400 781 711 828 constupratam
727 793 899 819 vxorem
919 780 970 818 ab
991 780 1080 818 eius
1100 779 1257 818 ordinis
1275 780 1419 819 sodali.
1466 781 1600 818 Diuus
1621 780 1910 828 Hieronymus

308 834 410 882 quot
428 832 530 871 locis
550 834 737 884 depingit
761 834 868 872 vicia
894 834 1193 872 monachorum
1220 834 1308 884 ipse
1331 834 1587 873 monachus!
1644 834 1703 873 Vt
1732 833 1910 883 satyrico

247 892 288 932 65
309 887 394 926 sale
424 887 598 926 defricat
627 888 927 926 monacharum
955 901 1001 927 ac
1027 888 1242 937 virginum
1270 888 1428 927 vitam!
1459 890 1501 927 et
1530 891 1670 927 tamen
1699 888 1796 927 huic
1825 901 1910 926 non

308 944 523 980 succenset
555 941 698 989 Paula,
734 956 817 980 non
853 945 1068 981 succenset
1102 943 1385 981 Eustochium.
1454 943 1599 992 Neque
1629 943 1737 980 mihi
1768 944 1911 981 tamen

307 1009 493 1045 vnquam
521 1009 642 1034 sumo
672 997 779 1046 quod
810 996 891 1035 sibi
919 997 1048 1035 sumit
1077 996 1377 1046 Hieronymus.
1435 996 1610 1035 Nullum
1636 997 1824 1035 ordinem
1849 997 1910 1034 in-

309 1062 436 1097 cesso,
457 1050 616 1088 nullius
644 1064 799 1089 nomen
827 1051 1070 1100 perstringo,
1093 1064 1189 1089 cum
1209 1051 1291 1101 ipsi
1309 1052 1546 1101 frequenter
1572 1064 1595 1089 3
1621 1064 1714 1089 0100
1740 1051 1911 1089 nomine

309 1117 394 1143 non
415 1106 658 1154 temperent.
705 1105 889 1143 Tantum
908 1105 1009 1143 locis
1029 1105 1187 1155 aliquot
1203 1106 1443 1143 demonstro
1460 1106 1610 1155 quibus
1629 1105 1674 1143 in
1694 1107 1816 1143 rebus
1831 1105 1911 1143 sita

250 1167 289 1200 70
311 1159 366 1197 sit
380 1172 478 1196 vera
497 1158 641 1208 religio
656 1174 664 1198 ε
695 1173 770 1198 000
785 1172 962 1209 vsquam
979 1159 1139 1209 attingo
1156 1173 1202 1198 ea
1218 1161 1412 1198 dedecora
1427 1173 1530 1209 quae
1546 1160 1671 1210 vulgo
1688 1161 1911 1197 narrantur

309 1227 333 1252 3
352 1213 509 1260 multis,
533 1226 617 1251 non
637 1214 728 1252 sine
747 1214 903 1263 pudore
921 1227 1065 1252 eorum
1086 1215 1156 1263 qui
1176 1228 1271 1252 vere
1291 1215 1435 1252 fauent
1454 1214 1622 1252 illorum
1642 1213 1846 1252 instituto.

364 1267 449 1305 Hic
469 1267 672 1316 igiturest
689 1268 782 1306 fons
802 1282 848 1306 ac
868 1268 1142 1307 seminarium
1162 1269 1287 1306 huius
1307 1269 1435 1307 totius
1456 1268 1699 1318 tragoediae,
1722 1267 1910 1306 immedi-

309 1321 438 1360 cabile
460 1321 602 1360 odium
622 1321 863 1371 linguarum
879 1336 924 1360 30
939 1323 1142 1361 bonarum
1158 1322 1386 1361 literarum.
1432 1324 1492 1361 At
1504 1323 1680 1361 subinde
1693 1323 1912 1360 variantur

309 1389 466 1425 scenae,
498 1375 715 1414 variantur
743 1377 968 1415 histriones
997 1379 1037 1415 et
1071 1390 1294 1426 personae;
1324 1378 1393 1415 sed
1424 1379 1567 1415 tamen
1598 1376 1742 1415 eadem
1775 1376 1912 1426 agitur

249 1439 288 1473 75
308 1430 459 1468 fabula.
519 1430 633 1468 Hinc
652 1431 725 1469 illa
744 1433 968 1481 tempestas
988 1431 1033 1469 in
1061 1430 1263 1469 Ioannem
1291 1431 1575 1469 Reuchlinum
1595 1433 1636 1469 et
1656 1431 1752 1469 fidei
1775 1431 1910 1468 defen·

309 1485 466 1523 dendae
493 1487 738 1534 praetextus.
763 1498 858 1523 cum
887 1499 1031 1524 reuera
1060 1485 1169 1523 nihil
1198 1486 1310 1524 aliud
1340 1499 1465 1535 quam
1487 1485 1561 1524 vni
1590 1485 1804 1524 stomacho
1823 1485 1911 1523 vin·

310 1539 419 1577 dicta
438 1541 656 1588 peteretur.
699 1539 806 1577 Cum
826 1553 891 1577 res
911 1540 1099 1578 nondum
1115 1540 1215 1578 satis
1230 1553 1282 1578 ex
1296 1541 1428 1578 animi
1443 1540 1649 1578 sententia
1664 1540 1909 1586 succederet,

309 1595 351 1631 et
389 1593 624 1642 prodissent
661 1593 794 1641 malis,
833 1598 877 1632 vt
916 1593 1092 1642 videtur,
1129 1594 1277 1632 auibus
1310 1594 1464 1644 scripta
1502 1594 1701 1643 quaedam
1741 1593 1911 1631 Martini

310 1647 496 1695 Lutheri,
529 1647 671 1685 statim
702 1648 796 1686 istis
825 1648 954 1686 creuit
983 1648 1162 1696 animus,
1186 1648 1524 1687 existimantibus
1552 1648 1631 1686 sibi
1660 1648 1791 1686 telum
1823 1661 1910 1686 esse

249 1711 291 1741 So
309 1704 546 1750 porrectum
566 1715 646 1751 quo
667 1702 795 1740 simul
816 1704 856 1740 et
876 1702 1040 1749 linguas
1055 1705 1096 1740 et
1112 1703 1252 1741 literas
1272 1702 1488 1752 politiores
1504 1699 1544 1741 et
1566 1702 1849 1740 Reuchlinum
1870 1704 1911 1740 et

310 1756 530 1794 Erasmum
572 1756 833 1794 conficerent.
905 1756 1000 1795 Non
1035 1757 1125 1794 dico
1163 1757 1274 1795 hunc
1312 1757 1503 1795 animum
1543 1757 1672 1794 fuisse
1705 1756 1911 1806 theologis

310 1810 516 1848 omnibus.
574 1811 653 1849 Sed
675 1810 749 1848 hoc
770 1811 898 1848 fuisse
918 1811 1140 1849 consilium
1159 1811 1307 1860 primis
1327 1811 1413 1849 illis
1433 1811 1560 1849 huius
1580 1810 1742 1849 fabulae
1762 1810 1911 1849 autori-

310 1864 388 1902 bus
409 1864 474 1902 11οΙ
494 1864 598 1902 illud
623 1866 811 1913 testatur,
836 1865 945 1914 quod
966 1865 1125 1914 aliquot
1145 1866 1232 1903 eius
1251 1865 1408 1903 farinae
1429 1878 1527 1903 mox
1548 1866 1705 1914 passim
1724 1865 1840 1903 velut
1861 1877 1912 1902 ex

311 1919 538 1967 composito
573 1919 668 1957 dato
702 1919 820 1968 signo
853 1919 973 1957 miris
1006 1919 1142 1957 modis
1174 1919 1389 1958 vociferari
1422 1922 1645 1969 coeperunt
1676 1919 1720 1957 in
1755 1919 1912 1968 optima

250 1978 288 2017 85
310 1973 458 2021 studia,
484 1972 713 2011 Lutherani
742 1974 939 2021 nominis,
965 1974 1073 2023 quod
1103 1987 1226 2023 quam
1255 1974 1563 2012 odiosissimum
1595 1974 1766 2011 reddere
1795 1986 1911 2011 cona-

310 2027 473 2072 bantur,
496 2029 709 2065 communi
728 2027 887 2066 inuidia
907 2028 1203 2077 degrauantes3
1235 2028 1464 2066 clamantes
1483 2041 1534 2066 ex
1554 2028 1621 2065 his
1645 2028 1778 2066 literis
1798 2027 1911 2066 nasci

309 2081 506 2129 haereseS,
531 2081 767 2129 schismata,
790 2082 1087 2130 Antichristos,
1107 2095 1209 2132 quae
1229 2082 1422 2120 videmus
1441 2082 1673 2131 plurimum
1692 2084 1733 2120 et
1753 2081 1912 2120 decoris

309 2138 350 2173 et
370 2135 564 2185 praesidii
583 2136 778 2186 religioni
794 2138 959 2175 nostrae
975 2136 1199 2175 contulisse
1216 2150 1224 2174 :
1255 2137 1363 2186 quod
1379 2138 1420 2174 et
1436 2136 1643 2174 Breuibus
1659 2136 1745 2174 suis
1760 2136 1912 2174 fatetur

311 2190 350 2228 S.
376 2190 423 2227 D.
448 2189 500 2228 N.
522 2190 615 2238 Leo,
638 2193 689 2233 et,
715 2191 751 2228 si
771 2190 901 2228 literis
921 2190 1009 2229 suis
1028 2203 1113 2229 non
1134 2192 1368 2239 testaretur,
1387 2193 1527 2229 tamen
1549 2191 1638 2240 ipsa
1657 2204 1701 2228 re
1722 2190 1911 2229 testifica-

249 2254 292 2286 90
310 2245 390 2292 tur,
414 2244 554 2282 nullos
575 2245 709 2293 magis
730 2258 882 2283 ornans
901 2245 1081 2283 fortunis
1099 2247 1222 2295 atque
1241 2245 1471 2283 honoribus
1490 2257 1616 2295 quam
1631 2244 1743 2283 viros
1761 2244 1911 2283 harum

311 2298 526 2337 literarum
546 2298 694 2347 peritia
712 2301 981 2348 praestantes.

365 2351 499 2390 Porro
526 2366 657 2402 quum
683 2366 750 2391 me
778 2366 862 2391 non
888 2353 1049 2402 fugeret
1077 2365 1275 2402 quorsum
1302 2353 1365 2391 illi
1393 2354 1619 2401 tenderent,
1642 2352 1845 2391 nimirum
1866 2355 1912 2391 vt

312 2419 378 2444 res
395 2408 542 2444 natura
557 2406 784 2445 disiunctas
799 2420 882 2446 vno
897 2407 1006 2445 fasce
1025 2407 1301 2455 inuoluerent,
1326 2410 1366 2445 et
1387 2408 1508 2446 dictis
1528 2421 1573 2446 ac
1594 2406 1760 2456 scriptis
1780 2406 1911 2455 priua-

312 2460 391 2498 tim
410 2473 454 2498 ac
474 2460 635 2509 publice
655 2463 832 2500 test-atus
851 2474 946 2500 sum
965 2461 1075 2499 nihil
1090 2474 1178 2500 esse
1192 2473 1415 2500 commune
1432 2461 1666 2500 Reuchlino
1682 2474 1776 2499 cum
1792 2473 1912 2500 031153

250 2524 292 2556 95
313 2514 500 2561 Lutheri,
537 2515 647 2552 nihil
678 2515 784 2554 mihi
815 2529 910 2554 cum
942 2518 1143 2565 vtroque:
1184 2515 1265 2554 nisi
1293 2516 1400 2565 quod
1430 2516 1669 2565 plusculum
1699 2517 1785 2553 erat
1815 2528 1910 2554 011111

313 2568 557 2616 Reuchlino,
581 2569 750 2618 quicum
774 2569 880 2607 mihi
898 2582 1030 2608 vnum
1049 2571 1122 2608 aut
1139 2569 1316 2607 alterum
1336 2571 1622 2608 intercesserat
1643 2569 1906 2619 colloquium,

312 2624 354 2660 et
375 2635 594 2661 commune
614 2623 800 2661 studium
820 2624 1077 2674 prouehendi
1097 2624 1261 2673 linguas
1280 2637 1325 2662 ac
1343 2625 1472 2663 bonas
1492 2625 1645 2669 literas,
1663 2625 1767 2661 etex
1787 2623 1913 2662 huius

312 2676 430 2715 libris
460 2676 560 2714 olim
589 2677 784 2715 nonnihil
814 2678 940 2716 didici
959 2693 968 2726 ;
1006 2691 1101 2716 011111
1121 2678 1331 2716 Lutherus
1350 2679 1458 2716 mihi
1477 2691 1528 2716 ne
1549 2679 1600 2716 de
1619 2677 1721 2715 facie
1742 2677 1911 2727 quidem

313 2743 497 2780 vnquam
526 2731 581 2769 sit
610 2733 746 2779 notus,
770 2745 844 2770 nec
865 2745 911 2770 eo
930 2744 1172 2782 progressus
1190 2732 1246 2770 sit
1269 2733 1314 2770 in
1341 2732 1581 2783 linguarum
1606 2733 1678 2770 aut
1704 2731 1912 2781 peritioris

233 2794 294 2817 100
312 2784 551 2822 literaturae
588 2785 747 2833 peritia,
784 2791 831 2825 vt
864 2786 988 2824 huius
1023 2798 1144 2824 causa
1178 2785 1399 2836 quicquam
1438 2787 1642 2836 pert-ineat
1679 2786 1730 2823 ad
1768 2799 1911 2824 eorum

312 2838 548 2877 studiorum
576 2839 767 2878 fautores.

355 2914 408 2951 65.
434 2911 691 2942 monacharum
710 2916 753 2945 F:
779 2914 1035 2945 monachorum
1053 2916 1095 2945 H.
1251 2915 1302 2954 89.
1331 2916 1364 2945 S.
1385 2915 1426 2947 D.
1444 2916 1485 2947 N.
1505 2915 1573 2946 Leo
1589 2918 1639 2946 F:
1663 2914 1731 2946 Leo
1747 2924 1912 2946 summus

312 2956 474 2996 pontifex
490 2958 532 2985 H.
680 2966 750 2987 100.
776 2958 967 2997 quicquam
984 2956 1055 2987 FN²
1071 2968 1077 2987 :
1102 2958 1276 2997 quiquam
1293 2960 1322 2988 N
1354 2961 1451 2989 Lond.

398 3059 440 3088 94
466 3047 680 3089 Rcuchlino]
709 3047 761 3079 Cf.
782 3049 843 3088 Ep.
867 3058 959 3088 1¹55·
982 3049 1058 3079 18n.
1162 3050 1214 3088 96.
1240 3049 1476 3092 colloquium]
1495 3051 1548 3083 Cf.
1568 3052 1634 3092 Ep.
1651 3052 1724 3091 967.
1745 3061 1820 3090 72¹¹·
