1990 3353
184 2074 224 2106 70
245 2061 457 2112 Scriptura
484 2066 641 2114 probat.

256 158 336 196 342

720 160 970 200 LETTERS
1012 162 1081 201 OF
1119 161 1387 201 ERASMUS

1733 161 1858 214 [1520

254 271 296 307 et
315 269 365 308 ab
388 271 504 309 omni
524 274 641 321 parte
658 286 737 322 qua
752 272 850 322 quid
870 271 916 309 in
936 272 1068 310 literis
1087 272 1309 311 desiderari
1328 272 1469 322 possit,
1489 272 1549 310 nil
1571 273 1856 313 desideracius.

258 323 370 362 Hinc
404 327 466 363 est
500 327 610 375 quod
644 326 747 364 dum
784 327 836 364 ab
866 326 1056 376 insipidis
1091 327 1490 376 quaestionariorum
1524 327 1584 376 (vt
1617 327 1674 366 sic
1706 327 1856 378 dicam)

257 378 432 417 nexibus
470 379 735 430 barbarisque
773 380 980 419 subducor
1017 381 1275 431 syllogismis
1308 382 1484 431 tuosque
1518 382 1562 418 in
1595 382 1722 420 libros
1753 395 1858 421 ame-

194 445 237 477 40
257 433 481 471 nissimum
509 436 707 484 tanquam
734 435 973 484 paradisum
1003 448 1140 474 meme
1171 435 1333 485 recipio,
1357 435 1511 474 mirum
1531 438 1682 486 quanta
1705 436 1858 486 vbique

256 488 461 526 sermonis
481 490 528 527 vt
547 489 895 528 electissimorum
914 489 1130 528 fructuum
1151 489 1312 528 reficiar
1331 490 1560 529 dulcedine.

311 541 416 580 Cum
447 545 586 581 autem
615 557 759 593 nuper,
793 544 859 581 cui
887 544 1019 582 Verae
1052 544 1299 594 Theologiae
1332 544 1636 594 Compendium
1670 545 1858 584 indidisti

256 608 421 643 nomen,
454 596 499 635 in
528 611 679 636 manus
707 598 952 647 accepissem
983 598 1239 648 opusculum,
1271 598 1548 649 legissemque
1577 599 1667 648 ipso
1695 599 1740 637 in
1770 600 1858 638 loco

255 662 337 698 quo
366 663 504 689 sacrae
534 652 762 703 theologiae
791 653 983 702 gnauiter
1011 653 1186 703 castigas
1213 654 1417 700 abusores,
1440 666 1485 691 ac
1515 653 1626 692 inter
1648 666 1717 692 eos
1746 667 1858 693 sanc-

191 717 232 748 45
254 703 466 743 tissimum
496 705 708 745 doctorem
741 707 1015 755 Bernardum,
1049 707 1129 745 mei
1163 707 1320 745 ordinis
1353 707 1676 746 instauratorem
1709 709 1858 758 glorio·

252 758 479 807 sissimum,
503 773 812 809 commemoras,
830 761 925 799 ilico
943 761 1114 800 substiti
1134 763 1186 810 et,
1206 762 1323 811 quasi
1342 762 1442 800 noui
1461 765 1501 800 et
1522 761 1679 800 insueti
1698 762 1859 802 fructus

254 825 440 861 saporem
461 816 718 865 accepissem,
741 816 903 865 gelidus
922 815 966 853 in
988 829 1054 854 me
1081 816 1255 865 diriguit
1285 816 1466 865 sanguis.

1525 816 1683 855 Verum
1714 816 1755 854 id
1777 831 1856 856 vsu

254 867 370 905 venit
386 881 510 918 quam
530 870 786 920 saepissime,
801 873 849 909 vt
869 870 992 908 alicui
1012 883 1147 908 nouus
1167 872 1208 908 et
1228 871 1465 920 ingustatus
1485 870 1622 919 primo
1642 871 1855 920 displiceat

253 921 394 969 cibus3
441 923 541 962 dum
580 938 676 963 vero
715 925 886 963 aedendi
924 925 1270 963 consuetudinem
1304 924 1495 963 habuerit
1527 927 1567 963 et
1600 926 1651 963 ab
1684 925 1751 963 his
1786 927 1857 976 qui

192 988 233 1019 50
253 977 430 1014 vtuntur
460 990 589 1028 saepe,
623 979 711 1017 vim
745 980 834 1017 eius
871 979 1154 1029 virtutemque
1187 979 1454 1026 intellexerit,
1489 993 1573 1017 non
1608 987 1859 1019 commestor

254 1032 420 1069 tantum
440 1032 510 1070 sed
530 1035 697 1072 vorator
717 1034 788 1071 fiat
808 1033 1089 1072 auidissimus.

1146 1033 1262 1081 Quod
1284 1036 1323 1071 et
1345 1033 1451 1071 mihi
1475 1034 1646 1073 omnino
1668 1035 1734 1084 (ne
1753 1035 1856 1074 iocis

253 1084 428 1133 epistola
456 1088 602 1136 careat)
621 1088 665 1126 in
694 1087 928 1137 peponibus
956 1088 1140 1137 contigit,
1165 1101 1340 1138 quorum
1371 1101 1466 1126 cum
1494 1088 1631 1138 primo
1660 1089 1703 1126 in
1733 1089 1855 1128 Italia

253 1139 359 1176 mihi
396 1144 713 1190 apponerentur,
749 1155 822 1180 nec
856 1142 1029 1180 modum
1069 1156 1144 1180 nec
1174 1155 1296 1180 vsum
1328 1143 1521 1181 vescendi
1560 1143 1687 1181 habui
1719 1144 1854 1182 Vllum

251 1192 445 1241 (plurima
479 1196 695 1245 siquidem,
727 1198 773 1235 vt
806 1196 895 1244 scis,
932 1197 1264 1235 Alemannorum
1297 1210 1391 1246 pars
1420 1197 1521 1246 ipsis
1552 1199 1674 1246 caret)
1692 1212 1701 1245 ;
1742 1211 1853 1237 nunc

190 1254 203 1284 f
211 1255 228 1285 5
250 1250 390 1285 autem
411 1249 481 1287 vix
501 1251 610 1299 quod
636 1264 801 1289 mensae
826 1251 1049 1301 apponitur
1074 1253 1248 1299 nostrae,
1274 1251 1477 1289 libencius
1508 1252 1723 1290 commedo
1743 1253 1852 1302 quic·

251 1314 387 1350 quam.
449 1303 516 1342 Sic
546 1318 717 1355 quoque,
748 1306 808 1343 mi
837 1305 1019 1354 Erasme,
1052 1306 1265 1344 literarum
1296 1306 1339 1343 in
1370 1307 1567 1344 exercicio
1590 1306 1740 1356 vbique
1771 1307 1853 1346 fere

248 1356 407 1405 accidit,
442 1360 486 1396 vt
526 1358 628 1398 dum
667 1360 809 1398 minus
846 1360 1057 1407 dictiones,
1094 1361 1323 1398 sentencias
1356 1364 1653 1410 auctorumque
1690 1361 1855 1401 animos

250 1409 539 1461 intelligimus,
573 1413 673 1462 ipsis
708 1414 758 1452 de
792 1428 876 1453 non
908 1414 1132 1453 intellectis
1162 1414 1479 1465 auctoribusque
1508 1415 1617 1453 male
1647 1417 1852 1454 sentimus

250 1477 375 1514 quam
396 1468 660 1516 saepissime;
691 1471 732 1507 at
760 1471 979 1518 postquam
1006 1470 1085 1508 rite
1112 1470 1252 1508 onmia
1276 1469 1582 1519 intelliguntur,
1608 1483 1693 1508 non
1721 1471 1852 1509 semel

186 1526 228 1558 60
249 1518 292 1556 id
311 1520 485 1568 probari,
508 1521 666 1560 laudari
686 1526 727 1560 et
747 1523 888 1561 extolli
909 1524 1017 1573 quod
1038 1526 1132 1562 ante
1153 1523 1409 1573 displicebat,
1431 1526 1690 1574 compertum
1711 1528 1782 1563 est„

302 1573 389 1624 Ego
410 1588 506 1613 vero
528 1578 695 1615 tuorum
717 1578 908 1615 omnium
930 1591 1033 1627 quos
1044 1578 1129 1617 vidi
1150 1578 1366 1625 librorum,
1388 1591 1440 1616 ne
1453 1591 1535 1616 vna
1556 1578 1704 1616 saltem
1726 1592 1850 1628 quam

249 1627 328 1666 ista
349 1633 595 1679 commotus,
615 1645 668 1669 ne
690 1631 823 1669 dicam
845 1633 1038 1679 offensus,
1058 1633 1269 1670 sentencia
1290 1633 1349 1670 fui
1364 1645 1561 1682 vnquam.
1615 1633 1715 1680 Quis
1735 1634 1849 1671 enim

247 1684 333 1720 tam
355 1682 461 1721 bono
482 1685 532 1722 de
552 1685 731 1733 homine,
755 1686 917 1724 meliori
936 1687 1197 1736 philosopho,
1222 1687 1380 1736 optimo
1401 1687 1590 1736 theologo
1612 1687 1852 1726 offensionis

246 1737 467 1776 materiam
497 1743 658 1788 caperet
678 1741 841 1778 vllam?
896 1741 1045 1779 Nescio
1074 1743 1216 1779 tamen
1246 1755 1326 1790 quo
1357 1741 1413 1779 de
1436 1742 1515 1779 ista
1541 1741 1664 1779 modo
1690 1742 1732 1779 in
1754 1742 1845 1780 Ber·

185 1792 225 1834 65
249 1791 425 1830 nardum
454 1792 662 1832 locutione
694 1796 844 1842 noster,
869 1796 1141 1844 quantumuis
1169 1796 1223 1833 sit
1252 1795 1434 1844 exiguus,
1462 1809 1583 1833 suam
1612 1798 1727 1834 extra
1756 1809 1848 1834 con-

246 1846 511 1886 suetudinem
562 1848 782 1887 dissentire
820 1849 1008 1888 videatur
1054 1850 1303 1888 intellectus.

1380 1850 1590 1898 Quantum
1637 1850 1750 1888 enim
1798 1851 1849 1889 de

246 1900 509 1939 sanctissimo
540 1903 620 1941 isto
649 1906 763 1953 patre
794 1904 961 1953 suisque
996 1904 1189 1953 operibus
1222 1904 1405 1954 agnoscit
1438 1904 1592 1953 (filialis
1620 1905 1664 1942 in
1694 1905 1850 1944 iudicio

244 1953 353 1992 absit
400 1968 514 1994 amor
551 1958 900 2007 professionisque
940 1959 1106 2008 vnitas),
1145 1971 1352 2008 nusquam
1391 1972 1485 1996 eum
1528 1972 1611 1996 non
1648 1959 1844 2008 grauiter,

245 2020 453 2058 nusquam
473 2023 557 2049 non
578 2013 688 2061 apte,
710 2025 794 2050 non
820 2013 910 2060 rite,
932 2026 1017 2051 non
1045 2026 1208 2051 summa
1235 2026 1329 2051 cum
1354 2014 1569 2051 maiestate
1592 2026 1701 2051 sacra
1723 2027 1846 2051 vsum

701 2067 891 2116 Denique
920 2070 1056 2116 preter
1080 2068 1157 2106 hoc
1183 2069 1223 2105 et
1247 2067 1291 2104 in
1318 2070 1459 2117 aperto
1486 2080 1559 2105 sua
1587 2069 1686 2106 sunt
1712 2081 1844 2117 opera.

243 2116 366 2155 Vitae
389 2118 522 2168 ipsius
551 2120 783 2170 scriptores,
815 2121 996 2170 profecto
1025 2135 1109 2160 non
1134 2122 1335 2171 vulgares,
1366 2122 1517 2171 quique
1539 2122 1678 2171 ipsum
1704 2123 1846 2160 viuen-

245 2172 330 2209 tem
363 2171 407 2210 in
440 2174 565 2212 terris
599 2188 622 2212 a
653 2176 772 2213 cunis
805 2176 924 2225 quasi
957 2178 997 2214 et
1031 2176 1216 2214 amicicia
1249 2180 1290 2214 et
1323 2176 1507 2214 literario
1541 2189 1843 2225 nonnunquam

243 2237 463 2274 congressu
493 2232 713 2277 nonerunt,
736 2229 814 2268 tibi
843 2230 994 2268 directe
1023 2230 1322 2268 contradicunt„

1382 2230 1495 2268 Haec
1525 2231 1650 2278 enim,
1673 2231 1710 2269 si
1742 2231 1846 2269 bene

242 2280 428 2328 memini,
453 2282 497 2320 in
518 2296 613 2321 suae
633 2284 741 2322 vitae
761 2283 867 2321 libro
887 2284 1084 2334 leguntur
1103 2285 1225 2323 verba
1242 2299 1250 2322 ε
1286 2286 1294 2302 ‘
1311 2284 1538 2323 Canonicas
1558 2286 1696 2322 autem
1716 2285 1842 2334 scrip·

181 2345 219 2379 75
242 2334 355 2371 turas
375 2335 622 2386 simpliciter
641 2350 685 2375 ac
706 2338 903 2385 seriatim,
928 2339 1130 2377 libencius
1154 2352 1198 2376 ac
1227 2339 1388 2388 saepius
1409 2339 1578 2388 legebat.

286 2452 335 2479 42.
362 2443 471 2474 Verae
486 2445 712 2486 Theologiae]
730 2446 792 2477 See
810 2446 875 2485 Ep.
893 2456 966 2486 745.

284 2495 335 2524 45.
364 2487 606 2529 Bernardum]
639 2490 753 2520 ‘Sunt
785 2491 846 2528 qui
879 2490 1007 2521 ludant

240 2530 355 2559 verbis
382 2530 586 2570 Scripturae
618 2533 773 2570 diuinae,
807 2544 857 2573 ac,
892 2535 1005 2564 veluti

240 2572 281 2602 fit
310 2573 349 2602 in
375 2576 587 2606 centonibus
618 2578 816 2616 poetarum,
847 2578 892 2608 ad
919 2579 1003 2608 alie-

240 2625 328 2645 num
340 2626 485 2647 sensum
505 2629 568 2649 ceu
582 2629 644 2658 per
656 2621 772 2650 iocum
789 2622 1000 2652 abutuntur.

239 2658 338 2698 Quod
355 2660 545 2700 aliquoties
564 2663 647 2692 facit
666 2664 773 2694 diuus
787 2665 1004 2702 Bernartius,

238 2706 387 2733 venuste
427 2706 538 2744 magis
576 2716 682 2744 quam
720 2709 886 2746 grauiter.
927 2718 1004 2738 meo

237 2746 384 2784 quidem
417 2748 558 2779 iudicio.
608 2750 663 2780 Sic
689 2752 784 2780 enim
812 2751 1003 2782 imbiberat

237 2790 293 2819 vir
332 2791 393 2820 ille
424 2792 628 2830 praeclarus
664 2803 779 2824 sacras
811 2794 934 2825 literas
965 2799 1003 2827 vt

237 2842 412 2872 nusquam
451 2845 522 2865 non
562 2839 809 2868 occursarent’
843 2839 927 2877 (LB.
968 2850 997 2870 v.

240 2879 351 2916 129A>.
413 2878 486 2908 'rho
526 2889 669 2919 passage
693 2881 773 2911 'was
813 2882 928 2913 added
962 2883 999 2913 in

237 2920 407 2951 Martens’
437 2922 531 2952 issue
559 2924 598 2953 of
622 2924 707 2953 Nov.
739 2926 830 2964 1518,
859 2924 949 2965 f0.p⁴
961 2929 998 2954 νο

237 2964 308 3002 (see
340 2964 402 3004 Ep.
436 2975 497 3004 745
530 2966 704 3006 introd.);
740 2969 811 2998 and
839 2970 874 2998 in
906 2971 997 3008 spite

235 3008 273 3037 of
293 3008 450 3039 Schirn's
477 3012 613 3048 protest
640 3020 710 3041 was
739 3012 801 3041 left
827 3013 998 3052 ›tandIng

235 3050 273 3080 in
300 3051 361 3081 the
395 3051 487 3082 lator
516 3053 683 3084 editions.

731 3054 805 3085 Tho
834 3065 938 3086 namo
968 3057 1006 3087 of

1640 2338 1724 2377 Nec
1744 2339 1841 2377 vllis

1078 2447 1240 2477 Bernard
1259 2457 1378 2477 occurs
1396 2448 1431 2476 in
1452 2447 1539 2487 Epp.
1563 2456 1610 2485 15.
1626 2457 1679 2486 35,
1695 2457 1748 2486 39.
1767 2457 1838 2487 150,

1077 2491 1150 2530 858.
1171 2500 1244 2529 513.
1264 2500 1356 2529 1033.
1375 2491 1427 2529 83,
1451 2501 1542 2529 1173.
1564 2500 1634 2529 173.
1664 2501 1756 2521 1202.
1787 2501 1835 2531 17,

1079 2536 1170 2564 1206.
1190 2544 1259 2573 109,
1279 2536 1368 2573 1236.
1381 2544 1451 2573 159,
1470 2544 1561 2573 1313.
1576 2544 1628 2574 91,
1646 2544 1740 2573 1334.
1756 2536 1837 2573 136;

1076 2579 1137 2608 but
1145 2580 1207 2608 not
1219 2578 1837 2617 frequentlyinErasmus’writings.

1118 2631 1169 2659 47.
1197 2621 1361 2661 diriguit]
1375 2622 1426 2652 Cf.
1443 2622 1546 2661 Verg.
1563 2625 1639 2652 Aen.
1657 2631 1686 2660 3.
1704 2624 1835 2661 259,60.

1118 2674 1168 2702 74.
1197 2666 1291 2695 vitae
1311 2664 1414 2705 libro]
1434 2665 1478 2695 In
1502 2665 1563 2695 the
1586 2666 1648 2695 life
1674 2666 1718 2704 by
1741 2665 1836 2696 Alan

1074 2708 1321 2745 ‹>fAuxe1-r0<†
1333 2719 1344 2739 1
1355 2709 1414 2738 182
1435 2709 1570 2743 ‚which
1582 2710 1663 2739 isan
1677 2709 1837 2748 abridge-

1073 2756 1173 2781 mont
1205 2752 1241 2781 of
1270 2751 1331 2782 the
1364 2753 1493 2782 earlier
1523 2752 1757 2791 composition
1791 2753 1836 2791 by

1074 2796 1235 2825 William
1253 2797 1289 2826 of
1310 2796 1358 2826 St.
1378 2796 1588 2826 Theodore’s
1611 2797 1647 2825 at
1671 2795 1830 2826 Rheims.

1073 2839 1116 2868 In
1144 2840 1217 2868 this
1248 2849 1391 2879 passage
1422 2840 1483 2869 the
1515 2842 1585 2869 two
1617 2848 1717 2878 agree
1742 2839 1833 2869 with

1069 2883 1156 2921 only
1187 2882 1298 2922 slight
1325 2883 1546 2921 different-es,
1580 2883 1643 2912 but
1669 2883 1708 2913 in
1735 2882 1833 2913 these

1068 2926 1229 2955 Schirn's
1262 2929 1336 2957 text
1361 2927 1494 2964 always
1522 2926 1658 2956 follows
1682 2926 1833 2956 Alan‘s:

1068 2970 1185 2999 which
1205 2980 1317 2999 seems
1335 2972 1396 3000 not
1414 2972 1449 3000 to
1467 2970 1556 3000 have
1575 2970 1662 2999 been
1688 2969 1832 3009 printed

1067 3013 1183 3043 before
1200 3013 1400 3043 Mabillon’s
1411 3013 1544 3043 edition
1558 3012 1778 3051 of1690,vol.
1793 3013 1829 3050 ii,

1071 3066 1127 3095 pp.
1149 3066 1241 3095 1072,
1267 3057 1355 3093 1248.
