1990 3353
330 138 382 176 20
800 140 1049 181 LETTERS
1086 141 1156 180 OF
1191 142 1458 183 ERASMUS

382 246 565 286 Animus
593 250 655 286 est
687 262 711 287 a
740 250 905 289 sordido
936 249 1052 289 lucro
1083 250 1374 290 alienissimus.

1803 141 1927 198 [1519

1435 251 1596 291 Liberis
1625 251 1713 290 suis
1745 253 1928 292 semouit

329 315 351 339 e
383 301 652 341 facultatibus
685 304 792 353 quod
827 304 913 343 illis
943 304 1044 343 satis
1076 317 1163 343 esse
1194 307 1339 355 putat;
1380 306 1489 356 quod
1523 308 1721 356 superest,
1758 306 1929 357 largiter

250 371 312 394 200
328 355 518 395 effundit.
560 357 665 395 Cum
681 358 1022 397 aduocationibus
1037 359 1170 398 adhuc
1184 359 1374 408 aleretur,
1393 359 1501 398 nulli
1517 373 1601 398 non
1617 360 1731 399 dedit
1745 361 1928 400 amicum

327 422 553 460 verumque
569 410 806 460 consilium,
826 413 960 462 magis
974 413 1144 452 illorum
1160 413 1390 452 commodis
1404 415 1656 464 prospiciens
1675 427 1801 464 quam
1815 415 1902 454 suis
1917 429 1930 464 ;

327 463 533 514 plerisque
558 465 704 504 solitus
724 467 966 515 persuadere
986 468 1048 506 vti
1070 467 1189 506 litem
1210 469 1531 517 componerent:
1561 468 1701 507 minus
1720 469 1834 507 enim
1861 469 1928 509 hic

327 518 416 556 fore
433 518 652 569 dispendii.

713 519 763 558 Id
784 520 819 558 si
838 521 979 560 minus
1000 521 1261 571 impetrabat,
1283 523 1375 560 tum
1395 523 1599 561 rationem
1617 523 1828 562 indicabat
1847 537 1928 573 qua

327 575 494 622 possent
530 586 654 623 quam
687 574 865 614 minimo
902 575 1117 625 dispendio
1149 576 1334 625 litigare:
1379 577 1541 626 quando
1576 577 1825 626 quibusdam
1857 577 1927 617 hic

247 641 308 673 205
326 627 491 665 animus
516 629 589 675 est,
617 630 663 666 vt
692 628 838 667 litibus
864 631 991 668 etiam
1021 630 1286 668 delectentur.

1348 630 1401 668 In
1429 630 1529 669 vrbe
1559 631 1854 680 Londoniensi‚
1882 632 1927 671 in

327 694 407 730 qua
435 683 558 719 natus
587 684 659 729 est,
691 695 823 722 annos
852 684 1009 734 aliquot
1039 685 1219 723 iudicem
1254 684 1339 734 egit
1366 685 1412 722 in
1441 685 1577 724 causis
1610 685 1815 725 ciuilibus.
1875 686 1927 724 Id

327 747 480 774 munus
507 737 554 773 vt
582 735 809 775 minimum
839 738 962 777 habet
991 739 1128 777 oneris
1157 739 1271 787 (nam
1300 752 1385 776 non
1413 739 1578 777 sedetur
1605 739 1687 778 nisi
1716 740 1781 778 die
1811 739 1928 780 Iouis

327 801 457 839 vsque
485 790 535 827 ad
564 791 813 840 prandium),
836 793 895 830 ita
927 806 1022 831 cum
1055 793 1202 843 primis
1234 792 1511 831 honorificum
1545 793 1732 832 habetur.

1792 793 1926 833 Nemo

327 842 467 892 plures
496 857 639 882 causas
665 845 854 894 absoluit,
884 860 1006 885 nemo
1033 860 1076 885 se
1099 847 1226 897 gessit
1252 847 1484 897 integrius;
1517 848 1692 887 remissa
1716 848 1926 898 plerisque

247 910 309 933 210
327 897 498 946 pecunia
519 911 643 947 quam
664 912 713 937 ex
737 901 988 950 praescripto
1010 900 1160 940 debent
1181 901 1252 951 qui
1272 901 1466 950 Iltigant:
1497 901 1704 951 siquidem
1723 904 1818 941 ante
1837 903 1926 942 litis

327 953 671 991 contestationem
709 956 822 993 actor
863 955 1033 1004 deponit
1069 956 1170 994 treis
1213 956 1444 1002 drachmas,
1485 956 1660 995 totidem
1701 969 1808 1004 reus,
1850 971 1926 997 nec

325 1006 507 1055 amplius
536 1007 755 1057 quicquam
783 1009 845 1048 fas
873 1011 935 1048 est
963 1010 1136 1059 exigere.

325 1072 423 1098 suae
442 1061 564 1110 longe
582 1061 849 1102 charissimus
869 1066 985 1102 esset.

1196 1009 1277 1049 His
1309 1010 1497 1048 moribus
1526 1010 1661 1049 effecit
1687 1013 1735 1049 vt
1763 1010 1926 1051 ciuitati

380 1113 787 1156 Deoreueratfautem
808 1118 883 1156 hac
902 1119 1069 1156 fortuna
1089 1131 1177 1156 esse
1197 1120 1427 1166 contentus,
1450 1132 1554 1168 quae
1574 1120 1613 1156 et
1633 1118 1735 1157 satis
1753 1119 1925 1159 haberet

247 1180 306 1211 215
325 1169 570 1215 autoritatis,
594 1184 668 1210 nec
688 1173 828 1210 tamen
850 1175 956 1211 esset
976 1173 1175 1222 grauibus
1195 1172 1371 1211 obnoxia
1388 1172 1593 1222 periculis.
1644 1173 1783 1212 Semel
1801 1176 1925 1223 atque

323 1221 474 1261 iterum
509 1227 701 1264 extrusus
733 1229 796 1264 est
835 1226 881 1264 in
918 1227 1194 1276 legationem;
1236 1227 1279 1264 in
1315 1240 1395 1276 qua
1428 1240 1523 1265 cum
1556 1240 1599 1266 se
1638 1227 1924 1267 cordatissime

323 1277 524 1325 gessisset,
558 1293 641 1318 non
673 1280 911 1330 conquieuit
940 1280 1229 1319 serenissimus
1259 1281 1347 1319 Rex
1379 1281 1590 1320 Henricus
1622 1282 1710 1320 eius
1740 1282 1925 1322 nominis

324 1333 496 1370 octauus
514 1333 644 1372 donec
664 1335 878 1373 hominem
899 1335 942 1373 in
963 1336 1099 1373 aulam
1127 1348 1245 1373 suam
1271 1335 1535 1384 pertraheret.

1597 1336 1680 1374 Cur
1703 1336 1817 1375 enim
1837 1350 1923 1376 non

324 1384 459 1424 dicam
488 1389 774 1436 pertraheret?
821 1389 973 1428 Nullus
1001 1402 1186 1440 vnquam
1214 1390 1504 1428 vehementius
1530 1390 1678 1429 ambiit
1706 1390 1751 1429 111
1783 1391 1924 1431 aulam

244 1449 306 1471 220
323 1439 491 1478 admitti
517 1456 640 1491 quam
667 1443 734 1481 hic
761 1443 919 1481 studuit
947 1444 1136 1493 effugere.

1195 1444 1352 1482 Verum
1382 1458 1477 1482 cum
1504 1447 1611 1483 esset
1637 1444 1795 1494 optimo
1821 1446 1924 1495 Regi

323 1492 368 1531 in
388 1494 528 1533 animo
550 1497 750 1535 familiam
778 1510 897 1536 suam
925 1498 1110 1546 eruditis,
1135 1498 1342 1547 grauibus,
1365 1499 1541 1537 cordatis
1566 1500 1608 1537 et
1630 1499 1804 1549 integris
1824 1499 1923 1539 viris

324 1547 530 1588 differtam
546 1551 726 1598 reddere,
746 1565 840 1590 cum
861 1552 963 1591 alios
977 1554 1218 1602 permultos,
1238 1554 1329 1590 tum
1344 1553 1508 1591 Morum
1527 1553 1572 1591 in
1588 1552 1736 1602 primis
1750 1554 1897 1592 acciuit
1913 1569 1922 1602 ;

325 1615 447 1651 quem
468 1604 525 1642 sic
546 1605 590 1643 in
616 1605 778 1644 intimis
801 1606 926 1645 habet
946 1610 992 1645 vt
1011 1620 1033 1645 a
1053 1620 1096 1645 se
1118 1620 1333 1657 nunquam
1356 1607 1541 1656 patiatur
1564 1607 1781 1646 discedere.
1825 1608 1922 1647 Siue

324 1656 443 1695 seriis
463 1659 667 1697 Vtendum
694 1663 767 1707 est,
792 1661 899 1699 nihil
918 1661 993 1699 illo
1014 1661 1268 1708 consultius;
1297 1661 1383 1699 siue
1402 1661 1542 1703 visum
1563 1663 1625 1700 est
1645 1662 1749 1711 Regi
1767 1662 1922 1702 fabulis

245 1728 304 1760 225
323 1712 624 1752 amoenioribus
662 1715 799 1753 laxare
836 1715 1037 1763 animum,
1078 1716 1220 1754 nullus
1258 1728 1395 1753 comes
1432 1715 1631 1754 festiuior.

1690 1716 1819 1765 Saepe
1856 1730 1922 1756 res

323 1765 472 1804 arduae
487 1767 667 1806 iudicem
687 1782 858 1818 grauem
874 1772 915 1808 et
934 1770 1149 1808 cordatum
1166 1769 1377 1819 postulant
1394 1784 1403 1818 3
1433 1770 1506 1808 has
1521 1770 1579 1808 sic
1595 1770 1736 1808 Morus
1751 1770 1922 1809 discutit

323 1820 370 1857 vt
389 1822 563 1871 vtraque
595 1835 688 1872 pars
722 1823 871 1861 habeat
902 1824 1089 1874 gratiam.

322 1875 500 1922 petrauit
521 1878 566 1914 vt
586 1890 741 1916 munus
761 1891 783 1916 a
803 1891 1010 1928 quoquam
1030 1878 1242 1928 acciperet.

1149 1824 1232 1862 Nec
1264 1825 1405 1862 tamen
1438 1824 1489 1863 ab
1521 1838 1567 1862 eo
1599 1825 1817 1874 quisquam
1846 1825 1920 1864 im-

1304 1878 1462 1917 Felices
1482 1879 1735 1928 respublicas
1757 1879 1793 1917 si
1812 1879 1919 1918 Mori

321 1927 480 1967 similes
504 1931 769 1981 magistratus
790 1932 941 1982 vbique
965 1934 1202 1982 praeficeret
1226 1933 1443 1982 princeps!
1485 1933 1569 1971 Nec
1592 1933 1764 1972 interim
1783 1933 1919 1972 vllum

241 2005 302 2036 230
318 1986 485 2024 accessit
506 1986 782 2036 supercilium.

376 2039 493 2078 Inter
512 2042 649 2079 tantas
665 2041 929 2090 negociorum
951 2041 1081 2080 moles
1102 2044 1142 2080 et
1163 2045 1350 2080 veterum
1371 2041 1645 2080 amiculorum
1666 2041 1860 2081 meminit
1879 2043 1919 2080 et

320 2093 370 2132 ad
391 2093 533 2133 literas
552 2096 764 2134 adamatas
779 2095 954 2134 subinde
975 2096 1093 2134 redit.
1137 2096 1341 2146 Quicquid
1361 2095 1565 2145 dignitate
1580 2095 1700 2145 valet,
1724 2096 1918 2147 quicquid

920 2191 995 2212 211.
1019 2182 1107 2212 treis
1123 2183 1176 2211 H:
1199 2190 1261 2212 sex
1278 2183 1316 2211 E.

322 2279 407 2309 born
425 2289 466 2308 22
480 2279 574 2319 Sept.
594 2280 675 2317 1482
689 2279 759 2309 and
771 2280 927 2310 married
941 2281 977 2310 to
990 2280 1086 2310 John

321 2322 455 2353 Rastell
474 2323 509 2361 (†
523 2323 632 2363 1536),
646 2323 707 2353 the
721 2324 869 2362 printer.
908 2322 1015 2354 Their
1025 2333 1088 2355 son

321 2365 484 2397 William
503 2367 548 2406 (c.
578 2366 747 2406 1508—27
772 2367 862 2405 Aug.
893 2367 1004 2407 1565),
1027 2367 1087 2398 ad-

320 2408 449 2448 hering
479 2412 514 2440 to
538 2409 599 2440 the
624 2410 683 2440 old
707 2410 871 2449 religion,
895 2409 1087 2441 withdrew

320 2452 436 2483 under
452 2453 605 2483 Edward
618 2462 654 2483 VI
668 2455 703 2483 to
716 2453 874 2484 Louvain
888 2454 975 2484 with
989 2454 1086 2484 John

319 2495 491 2533 Clement,
531 2496 650 2527 whose
688 2496 864 2536 daughter
905 2497 1086 2528 Winifred

321 2539 358 2580 (†
371 2539 467 2579 1553)
492 2540 537 2570 he
565 2539 731 2570 married.
780 2540 906 2571 Under
922 2540 1023 2581 Mary
1039 2541 1085 2571 he

320 2583 489 2614 returned
502 2585 537 2613 to
549 2582 725 2622 England,
741 2583 813 2614 and
827 2583 946 2615 edited
958 2584 1086 2615 More’s

320 2626 469 2666 English
486 2626 626 2665 Works,
647 2626 806 2665 London,
832 2636 922 2666 1557.
972 2628 1087 2659 Three

320 2670 438 2700 weeks
473 2670 589 2701 before
626 2670 756 2709 Mary's
790 2671 897 2701 death
934 2670 977 2701 hc
1013 2681 1086 2702 was

319 2713 422 2744 made
435 2713 545 2753 judge
559 2714 598 2744 of
609 2714 669 2744 the
687 2712 835 2753 Queen's
852 2714 976 2745 Bench
991 2725 999 2751 ;
1022 2715 1086 2746 but

319 2757 457 2796 shortly
475 2757 685 2788 afterwards
702 2757 893 2788 withdrew
917 2758 1022 2798 again
1048 2761 1085 2789 to

320 2800 490 2838 Louvain,
510 2801 628 2831 where
652 2800 696 2830 he
719 2810 791 2831 was
814 2801 939 2831 buried
966 2801 1084 2833 beside

320 2844 378 2874 his
404 2844 486 2874 wife
515 2844 552 2874 in
582 2846 631 2874 st.
660 2842 791 2874 l’eter’s
816 2844 966 2876 church.
1021 2845 1084 2876 See

319 2887 463 2927 Wright
477 2887 515 2926 (l.
529 2887 821 2927 61n),rep1·inted
837 2888 883 2926 by
895 2887 1083 2929 Scebohm,

319 2940 352 2970 p.
371 2940 456 2970 522;
483 2930 554 2961 and
573 2931 677 2962 DNB.
699 2931 800 2962 xlvii.
818 2940 937 2970 303-5.

362 2976 438 3006 206.
463 2974 636 3014 iudicem]
686 2974 981 3012 Under-Sheriff3
1048 2976 1083 3006 to

319 3018 438 3049 which
453 3017 547 3049 office
560 3018 603 3049 110
612 3027 683 3049 was
697 3018 840 3057 elected,
851 3018 973 3058 3Scpt.
989 3027 1080 3057 1510.

1194 2289 1267 2310 211.
1291 2280 1377 2311 treis
1400 2280 1605 2322 drachmas]
1625 2280 1697 2312 The
1720 2281 1917 2312 correction

1151 2323 1254 2354 made
1271 2324 1357 2354 here
1379 2324 1418 2354 in
1437 2325 1473 2355 H
1498 2334 1571 2355 was
1592 2324 1746 2364 perhaps
1768 2325 1917 2364 pointed

1151 2368 1213 2397 out
1225 2367 1271 2406 by
1285 2367 1392 2398 More.
1433 2367 1451 2398 Ι
1465 2368 1555 2399 have
1565 2367 1717 2408 adopted
1728 2367 1758 2399 it
1770 2368 1916 2400 because

1150 2411 1179 2441 it
1191 2419 1305 2440 seems
1319 2411 1431 2441 easier
1442 2413 1478 2442 to
1491 2421 1641 2452 suppose
1654 2411 1734 2442 that
1748 2411 1917 2444 Erasmus

1150 2453 1341 2493 originally
1358 2454 1461 2485 made
1483 2464 1504 2485 a
1524 2454 1689 2492 mistake,
1708 2455 1843 2495 adding
1865 2457 1914 2486 to-

1149 2497 1276 2537 gether
1290 2498 1352 2528 1110
1369 2498 1440 2528 fees
1455 2498 1539 2538 paid
1558 2499 1604 2538 by
1616 2498 1701 2529 each
1719 2498 1805 2537 side,
1823 2499 1912 2530 than
1966 2502 1968 2506 “

1150 2540 1230 2571 that
1247 2542 1319 2571 treis
1334 2541 1371 2571 in
1395 2541 1431 2572 H
1448 2542 1479 2572 is
1494 2551 1515 2572 a
1532 2551 1627 2573 merc
1644 2542 1740 2582 lapse
1757 2542 1848 2573 from
1863 2552 1916 2573 sex

1150 2583 1187 2614 of
1205 2584 1269 2615 the
1290 2585 1418 2615 earlier
1441 2584 1608 2616 editions.
1653 2586 1671 2616 I
1687 2587 1820 2617 cannot
1837 2586 1914 2617 find

1148 2637 1220 2666 any
1237 2627 1341 2658 other
1356 2627 1525 2659 evidence
1541 2629 1595 2659 for
1611 2628 1673 2659 the
1696 2628 1768 2660 fees
1784 2628 1823 2660 of
1839 2629 1914 2661 liti-

1148 2671 1252 2710 gants
1269 2670 1306 2700 in
1324 2671 1385 2701 the
1403 2670 1706 2703 Under-Sheriff's
1722 2674 1833 2704 court.

1191 2723 1266 2752 214.
1291 2724 1366 2745 esse
1376 2715 1583 2756 contentus]
1598 2715 1910 2756 Cf.Ep.388.131‚2.

1191 2759 1264 2788 216.
1295 2758 1333 2788 in
1343 2758 1575 2799 legationem]
1591 2758 1642 2790 Cf.
1652 2759 1740 2800 Epp.
1749 2760 1908 2799 388.94n,

1147 2802 1223 2840 623.
1240 2811 1282 2831 2ο
1294 2810 1329 2832 11.
1349 2811 1378 2832 2.
1962 2807 1963 2820 ¹

1190 2845 1264 2875 218.
1292 2845 1532 2886 pertraheret]
1557 2845 1610 2877 Of.
1629 2845 1667 2877 ll.
1687 2855 1763 2884 7on,
1782 2856 1858 2887 279.

1191 2897 1264 2919 221.
1291 2888 1483 2930 familiam]
1521 2889 1572 2920 Cf.
1612 2889 1700 2929 Epp.
1733 2890 1808 2929 855.
1841 2890 1911 2922 2811
1962 2894 1968 2911 ¹

1150 2931 1284 2969 (where
1315 2932 1369 2962 for
1399 2933 1461 2971 837
1491 2932 1572 2964 read
1604 2933 1696 2973 832),
1722 2943 1798 2973 917.
1832 2942 1909 2972 1111,
1960 2935 1967 2959 Σ

1145 2975 1220 3014 966,
1236 2975 1376 3014 968-70,
1395 2977 1470 3015 976,
1488 2984 1581 3014 1004,
1599 2985 1691 3015 1005.
1703 2986 1799 3017 31-2‚
1815 2977 1908 3009 1028.
1960 2971 1966 3026 ¹

1150 3029 1223 3056 1-2,
1244 3027 1336 3057 1031.
1358 3028 1471 3059 17—21‚
1493 3028 1586 3058 1032.
1607 3029 1723 3060 17-23.
1964 3028 1966 3037 ¹
