1990 3353
248 396 286 427 15

249 666 289 688 20

251 1209 294 1240 30

253 1476 293 1507 35

253 1756 297 1787 40

260 2302 301 2333 50

304 112 385 149 484
768 111 1017 149 LETTERS
1057 110 1125 148 OF
1163 109 1428 148 ERASMUS

306 219 511 269 Episcopi.
554 219 773 257 Praeluces
794 220 988 257 omnibus
1008 219 1247 269 integritate
1266 219 1388 266 vitae,
1409 219 1540 268 pascis
1559 219 1722 257 assidue
1743 232 1912 269 gregem

306 276 428 312 tuum
449 273 702 322 Euangelica
717 273 917 321 doctrina,
934 287 980 311 ac
1001 273 1104 312 tales
1119 274 1287 312 asciscis
1302 274 1381 312 tibi
1401 274 1639 321 sacerdotes,
1655 274 1725 323 qui
1745 286 1908 312 morum

305 329 555 369 innocentia.
584 328 656 377 qui
685 341 799 366 sacra
827 327 1059 366 eruditione
1093 330 1134 367 et
1164 330 1313 366 ornent
1342 327 1556 366 ecclesiam
1586 330 1703 366 tuam
1733 330 1774 366 et
1801 328 1912 377 apud

306 383 507 433 populum
536 385 629 420 tuas
649 381 760 420 vices
789 395 927 432 gerere
956 382 1144 432 possint3
1179 382 1236 420 sic
1262 384 1310 420 vt
1339 382 1447 419 nihil
1479 395 1582 432 opus
1612 382 1667 421 sit
1695 382 1773 420 hoc
1802 395 1912 420 nouo

306 450 454 486 genere
487 436 837 484 Praedicatorum,
872 450 973 486 quos
1008 437 1200 475 Christus
1238 450 1323 475 non
1354 436 1553 483 instituit,
1591 437 1660 475 sed
1695 438 1913 485 pastorum

308 491 526 529 oscitantia
555 491 718 529 inuexit
746 491 791 528 in
820 491 1041 529 mundum.
1099 491 1178 539 Qui
1206 491 1242 528 si
1261 491 1414 540 vbique
1441 491 1502 528 tui
1534 490 1694 528 similes
1720 491 1912 538 fuissent,

310 559 394 583 non
414 546 498 583 iam
527 545 638 583 orbis
658 547 814 583 teneret
841 546 988 594 lupum
1017 545 1199 591 auribus,
1223 558 1347 595 quem
1379 558 1514 594 neque
1545 545 1648 583 ferre
1679 547 1812 594 potest
1838 557 1913 582 nec

309 600 515 650 quomodo
546 600 729 638 excutiat
757 600 882 638 videt.
943 600 1037 637 Non
1072 602 1113 638 te
1145 600 1326 649 populus
1359 602 1640 648 compotorem
1673 599 1809 647 habet,
1841 599 1913 637 sed

309 655 532 701 doctorem,
556 654 625 692 sed
656 654 969 702 consolatorem,
997 654 1065 692 sed
1096 654 1365 702 hortatorem,
1395 654 1464 691 sed
1496 653 1812 701 admonitorem,
1841 653 1913 691 sed

309 709 591 746 consultorem
624 708 875 746 fidissimum
909 711 950 746 et
990 708 1328 746 amantissimum
1361 709 1585 757 experitur.
1641 710 1780 757 Atque
1814 708 1914 745 adeo

310 775 395 801 non
434 763 624 812 deglubis
661 776 828 813 gregem
869 765 1002 810 tuum,
1044 766 1092 801 vt
1130 762 1179 800 de
1217 764 1289 800 tuo
1327 762 1452 800 etiam
1492 762 1662 811 largiter
1700 762 1915 811 opituleris

312 819 492 867 egestate
511 817 689 867 pressis,
719 831 793 855 nec
819 817 897 855 tibi
924 817 1112 866 congeris
1138 830 1247 866 opes,
1270 817 1341 854 sed
1372 816 1534 866 ingenti
1557 816 1695 854 studio
1721 829 1914 865 properas

311 873 361 910 ad
383 872 576 910 brabium
606 872 712 909 illud
737 871 1077 917 immortalitatis,
1101 870 1210 920 quod
1242 871 1352 910 bona
1380 871 1460 909 fide
1486 870 1564 909 tibi
1589 871 1827 908 redditurus
1852 874 1915 908 est

273 939 287 969 ξ
312 940 504 965 summus
525 927 594 964 ille
615 928 765 975 pastor,
788 925 980 975 princeps
1004 927 1219 974 pastorum
1246 926 1447 973 omnium,
1473 925 1545 975 qui
1572 925 1701 974 gratis
1728 925 1914 963 animam

311 981 519 1030 impendit
549 980 698 1018 ouibus
728 980 827 1018 suis.
887 980 1168 1028 Quantumuis
1198 980 1354 1018 multas
1386 993 1483 1029 opes
1512 980 1761 1029 congesserit
1788 979 1914 1017 homo

311 1037 357 1073 in
377 1036 454 1074 hac
474 1035 571 1083 vita,
595 1037 735 1072 tamen
757 1047 841 1072 non
862 1036 998 1083 potest
1018 1047 1102 1072 non
1129 1034 1416 1083 pauperrimus
1441 1034 1541 1071 hinc
1571 1034 1691 1081 exire,
1717 1033 1783 1071 cui
1808 1033 1916 1071 nihil

312 1090 485 1127 omnino
519 1102 660 1127 rerum
695 1091 985 1137 congestarum
1016 1088 1113 1126 licet
1144 1088 1298 1127 efferre.
1363 1088 1441 1126 Ille
1474 1089 1644 1126 demum
1679 1089 1797 1126 diues
1829 1088 1913 1125 exit

314 1144 385 1194 qui
424 1144 578 1182 talibus
615 1143 848 1181 rationibus
885 1144 1049 1181 abunde
1087 1143 1372 1181 communitus
1411 1143 1508 1180 exit.

313 1199 493 1246 interim,
525 1199 595 1236 sed
625 1197 755 1235 bonae
784 1197 881 1235 fidei
910 1200 973 1236 est
1002 1198 1171 1246 quicum
1200 1197 1321 1235 nobis
1350 1210 1414 1235 res
1443 1199 1517 1235 est.

1581 1142 1778 1180 Rationes
1817 1149 1916 1180 sunt

1576 1196 1659 1235 Nec
1686 1197 1916 1245 periculum

313 1255 376 1291 est
404 1253 440 1290 si
470 1253 649 1290 rationes
678 1253 723 1289 in
752 1252 1007 1290 immensum
1033 1253 1266 1290 accrescant
1282 1266 1290 1298 ;
1323 1252 1439 1290 diues
1467 1253 1529 1289 est
1555 1251 1599 1289 in
1624 1264 1768 1289 omnes
1794 1264 1917 1300 aquo

314 1307 548 1356 praemium
569 1309 842 1356 expectamus.

368 1361 475 1399 Mihi
495 1364 535 1399 et
556 1361 660 1399 illud
682 1361 819 1410 arguit
840 1364 954 1398 tuam
974 1361 1184 1410 pietatem,
1209 1361 1314 1409 quod
1347 1361 1390 1398 in
1418 1360 1596 1398 sacrario
1621 1359 1916 1397 bibliothecam

313 1417 499 1461 adornas,
525 1416 577 1453 iis
607 1415 873 1464 potissimum
902 1415 1118 1453 autoribus
1145 1416 1340 1453 refertam
1365 1427 1544 1464 quorum
1574 1415 1728 1463 scripta
1756 1414 1918 1463 spirant

314 1471 613 1520 Euangelicam
661 1470 935 1508 charitatem:
994 1470 1135 1518 quales
1182 1472 1281 1507 sunt
1329 1469 1536 1519 Origenes,
1580 1469 1913 1518 Chrysostomus,

314 1526 558 1575 Cyprianus,
576 1524 836 1571 Ambrosius,
857 1524 1131 1572 Augustinus,
1149 1523 1448 1573 Hieronymus.
1490 1523 1553 1560 Ex
1568 1523 1718 1561 horum
1738 1522 1916 1560 lectione

316 1579 522 1618 sentimus
541 1579 663 1617 nobis
683 1578 937 1616 inflammari
964 1583 1107 1627 pectus
1132 1579 1183 1616 ad
1207 1591 1392 1616 amorem
1418 1591 1558 1616 rerum
1587 1577 1844 1623 coelestium,
1865 1577 1917 1615 ad

315 1636 601 1683 contemptum
623 1646 766 1671 eorum
786 1645 964 1682 quorum
985 1646 1100 1670 caeca
1120 1633 1345 1682 cupiditate
1368 1645 1520 1682 susque
1540 1632 1668 1681 deque
1689 1631 1920 1668 miscentur

315 1702 380 1727 res
400 1688 652 1735 mortalium,
674 1700 769 1725 cum
789 1687 839 1724 ab
860 1688 1037 1725 istorum
1058 1700 1160 1736 quos
1179 1687 1340 1724 scholae
1362 1687 1555 1724 solennes
1576 1685 1695 1723 nobis
1715 1685 1918 1723 dederunt

315 1743 492 1781 lectione
521 1755 739 1792 surgamus
767 1741 919 1790 frigidi,
943 1754 1245 1790 nonnunquam
1275 1743 1315 1778 et
1344 1741 1423 1779 fide
1458 1742 1599 1778 minus
1632 1740 1765 1778 solida
1793 1753 1919 1789 quam

316 1797 601 1836 attuleramus.
661 1796 754 1834 Iam
773 1808 964 1833 mensam
984 1799 1099 1833 tuam
1127 1809 1210 1833 non
1241 1796 1376 1833 solum
1403 1796 1667 1833 commendat
1686 1795 1916 1844 frugalitas,

315 1853 386 1890 sed
426 1851 627 1890 condiunt
665 1851 791 1888 etiam
831 1864 852 1887 e
890 1850 1014 1888 sacris
1052 1850 1174 1888 libris
1211 1850 1364 1899 petitae
1398 1849 1574 1895 fabulae,
1609 1862 1712 1898 quae
1751 1854 1919 1898 pascant

316 1906 479 1944 animos
512 1905 663 1943 talium
696 1905 914 1954 epularum
946 1904 1171 1943 famelicos.
1229 1905 1456 1941 Proferunt
1495 1905 1538 1941 in
1576 1903 1760 1941 medium
1795 1916 1919 1941 suum

317 1961 491 2010 quisque
516 1960 737 1997 flosculum
767 1972 788 1996 e
817 1960 945 2007 pratis
971 1959 1211 1996 diuinorum
1232 1958 1495 1996 voluminum
1521 1958 1784 2006 decerptum;
1814 1958 1920 1995 alius

281 2028 296 2058 5
316 2016 473 2053 eructat
503 2014 660 2063 aliquid
696 2013 834 2051 mellei
868 2013 994 2058 succi,
1026 2026 1149 2062 quem
1183 2012 1368 2062 apiculae
1400 2013 1444 2050 in
1478 2025 1639 2050 morem
1672 2025 1745 2060 per
1777 2024 1920 2050 omnes

317 2083 488 2107 arcanae
528 2068 760 2117 Scripturae
794 2067 986 2106 flosculos
1025 2067 1261 2105 obuolitans
1298 2067 1452 2105 exuxit.
1533 2066 1617 2104 Nec
1657 2067 1762 2104 sinis
1802 2067 1918 2104 tuam

316 2136 506 2162 mensam
544 2122 819 2161 contaminari
857 2122 1078 2160 virulentis
1116 2122 1278 2169 fabulis,
1322 2134 1425 2171 quae
1472 2121 1649 2159 liuorem
1696 2122 1739 2158 et
1776 2119 1919 2158 odium

316 2178 495 2228 sapiunt.

373 2232 507 2281 Quam
539 2245 636 2270 vero
666 2231 850 2279 grauiter
886 2231 1122 2280 imposuisti
1156 2243 1289 2279 nuper
1321 2230 1537 2268 silentium
1571 2229 1735 2267 duobus
1766 2228 1837 2278 qui
1878 2242 1921 2267 se

319 2288 474 2325 iactant
507 2299 642 2325 sacros
674 2285 894 2335 Euangelii
927 2298 1159 2334 praeconeS,
1193 2297 1286 2322 cum
1326 2285 1461 2322 multa
1492 2297 1576 2321 non
1613 2283 1755 2321 minus
1787 2283 1921 2332 impu-

320 2342 467 2379 denter
505 2354 631 2390 quam
670 2340 927 2378 amarulente
965 2340 1196 2388 coepissent
1234 2351 1425 2376 enomere
1464 2339 1508 2376 in
1547 2338 1796 2376 Erasmuml
1863 2338 1921 2376 Vt

320 2396 584 2444 pestilentem
610 2407 847 2432 sermonem
874 2394 1209 2442 interrumperes,
1234 2393 1405 2442 rogabas
1435 2405 1538 2431 num
1568 2392 1766 2442 legissent
1794 2391 1922 2430 libros

364 2556 415 2585 33.
444 2542 716 2583 bibliothecam]
742 2542 921 2573 Frederici
943 2541 1008 2571 left
1029 2541 1087 2571 his

321 2589 429 2620 books
458 2591 493 2619 to
524 2588 586 2618 the
616 2587 751 2618 church
784 2586 822 2616 of
849 2586 899 2616 St.
929 2585 1087 2622 Martin3

322 2634 471 2663 whence
503 2632 590 2670 they
616 2630 743 2670 passed
772 2631 811 2660 in
847 2630 929 2666 1624
960 2630 996 2659 to
1025 2628 1087 2658 the

322 2676 536 2714 University
561 2674 600 2704 of
627 2674 848 2713 Groningen.
911 2672 1021 2711 Eight
1053 2671 1091 2701 of

1157 2550 1231 2578 304.
1262 2540 1358 2579 89η).
1417 2539 1585 2569 Another
1616 2538 1646 2569 is
1677 2548 1759 2569 now
1790 2538 1828 2568 in
1860 2538 1921 2569 the

1158 2583 1330 2614 Bodleian
1362 2583 1420 2623 (A.
1449 2593 1482 2614 2.
1509 2593 1540 2621 9.
1575 2591 1614 2612 10
1640 2582 1705 2613 Th.
1735 2581 1871 2619 Seld.):
1902 2591 1921 2612 a

1156 2629 1262 2657 Biblia
1285 2629 1469 2662 Βαὸόίηίοιι,
1494 2626 1638 2665 Venice,
1662 2625 1703 2656 D.
1731 2625 1918 2664 Bomberg,

1157 2680 1197 2710 27
1222 2671 1309 2701 Nov.
1336 2671 1419 2709 1518
1437 2670 1496 2709 (cf.
1515 2670 1577 2708 Ep.
1604 2670 1678 2708 456.
1704 2668 1803 2709 92n)‚
1829 2669 1919 2699 with

322 2721 423 2750 them
441 2730 500 2750 are
517 2718 723 2756 catalogued
740 2718 785 2756 by
800 2717 861 2747 Dr.
873 2716 915 2747 A.
931 2716 969 2747 G.
984 2715 1085 2754 Roos,

321 2775 366 2799 ορ.
394 2766 467 2801 cit.;
495 2762 576 2793 who
600 2761 729 2800 kindly
752 2761 905 2791 informs
928 2769 984 2789 me
1008 2758 1088 2789 that

323 2808 387 2837 the
425 2806 575 2844 Library
612 2804 686 2835 also
725 2813 898 2844 possesses
943 2805 1015 2833 two
1054 2802 1092 2832 of

324 2850 535 2881 Frederici’s
548 2849 651 2879 books
658 2848 793 2878 oflater
802 2848 895 2887 date,
908 2845 1088 2876 Eusebius'

327 2896 503 2932 ΟΙινοηίσονι,
524 2892 634 2931 Paris,
655 2891 702 2922 H.
729 2891 932 2930 Stephanus
955 2889 1028 2920 and
1051 2890 1082 2920 J.

326 2938 472 2975 Badius,
516 2945 553 2974 13
591 2936 686 2966 June
735 2944 827 2973 1512,
868 2933 940 2964 and
979 2933 1089 2964 Faber

326 2978 561 3021 Stapulensis’
578 2981 612 3011 S.
628 2980 721 3010 Pauli
744 2980 900 3015 Ept'stolac
925 2978 996 3017 (see
1020 2976 1082 3016 Ep.

1156 2725 1201 2744 an
1220 2714 1416 2753 autograph
1435 2713 1651 2752 inscription
1677 2713 1725 2751 by
1740 2711 1921 2742 Frederici

1157 2759 1284 2797 saying
1300 2758 1381 2788 that
1398 2757 1442 2787 he
1458 2757 1531 2788 had
1550 2756 1684 2796 bought
1700 2757 1730 2786 it
1747 2755 1922 2786 unbound

1157 2803 1211 2831 for
1245 2811 1284 2831 10
1315 2801 1449 2840 florius,
1479 2811 1517 2831 12
1541 2799 1625 2839 May
1650 2808 1742 2838 1520,
1771 2803 1778 2815 ⁴
1789 2799 1858 2830 sibi
1888 2801 1923 2829 et

1158 2845 1311 2884 posteris
1325 2846 1344 2876 ’.
1373 2845 1435 2876 Dr.
1446 2844 1536 2875 Roos
1547 2845 1707 2883 suggests
1717 2842 1798 2873 that
1809 2843 1838 2873 it
1848 2852 1922 2873 was

1157 2888 1232 2919 sold
1257 2895 1319 2918 out
1341 2888 1378 2919 of
1391 2888 1453 2919 the
1470 2888 1622 2926 Library
1638 2896 1675 2917 as
1691 2896 1712 2917 a
1728 2885 1919 2925 duplicate.

1201 2942 1251 2970 49.
1278 2931 1432 2971 duobus]
1445 2931 1660 2962 Laurentius
1669 2931 1740 2970 (see
1751 2929 1816 2969 Ep.
1830 2940 1844 2961 1
1853 2930 1922 2961 166.

1158 2977 1241 3016 2612)
1258 2985 1331 3006 was
1346 2975 1501 3015 perhaps
1517 2984 1585 3005 one
1603 2975 1640 3005 of
1652 2973 1763 3005 these.
