1990 3353
61 123 182 178 1217]
317 124 387 164 ΤΟ
427 125 543 164 THE
585 124 990 164 THEOLOGIANS
1029 125 1099 163 OF
1138 123 1398 163 LOUVAIN
1579 120 1660 159 537

54 235 119 273 illi
145 236 211 274 ius
230 235 389 274 faciens
415 236 615 283 redderet,
636 236 673 275 si
693 235 904 273 videretur
934 234 1152 284 expedire;
1182 234 1247 272 sin
1275 233 1430 279 minus,
1454 234 1654 270 exureret.

56 290 106 328 Is·
132 292 173 328 et
206 303 296 328 sero
330 290 513 329 reddidit
541 293 594 337 et,
634 290 879 340 priusquam
918 289 1117 335 redderet,
1155 287 1441 327 excudendam
1479 286 1655 329 curauit,

56 345 230 382 mutatis
248 344 373 382 etiam
392 344 530 383 verbis
553 344 725 394 aliquot,
748 346 795 381 vt
822 343 957 381 audio.
1015 344 1121 382 Cum
1151 343 1267 380 enim
1295 355 1371 391 ego
1400 340 1658 391 scripsissem

58 398 132 436 ‘de
161 398 380 447 Luthero',
407 399 479 437 ille
507 398 690 437 mutauit
722 397 795 435 ‘de
824 397 1008 435 Luthero
1038 398 1180 435 nostro
1193 397 1213 434 ⁹.
1275 395 1393 444 Quod
1417 408 1482 433 res
1507 395 1659 433 tumul-
1681 411 1718 441 25

56 453 190 491 tuosis
219 452 469 491 clamoribus
497 453 642 491 statim
671 454 861 501 ageretur
880 452 988 501 apud
1017 451 1295 501 promiscuam
1323 449 1655 496 multitudinem,

56 520 191 556 neque
210 510 302 545 tum
320 506 543 557 probabam
564 520 699 556 neque
718 519 830 544 nunc
850 506 990 555 probo.
1031 505 1087 544 Et
1105 506 1183 543 hoc
1203 505 1300 554 plus
1320 504 1445 542 habet
1465 503 1660 554 ponderis

55 561 165 610 apud
197 574 341 599 omnes
374 561 677 599 Parisiensium
715 573 901 606 censura,
933 559 1043 609 quod
1081 572 1173 598 sero
1210 558 1424 609 prodierit.
1482 557 1659 596 Nullum

55 615 247 653 ordinem
278 628 353 653 nec
384 615 484 654 laesi
518 628 703 665 vnquam
736 627 810 652 nec
844 613 923 652 odi.
983 613 1115 652 Malos
1149 613 1229 662 odi,
1262 626 1507 663 quacunque
1545 616 1659 651 veste

56 672 261 719 tegantur.
321 670 379 708 Vt
398 672 538 708 autem
558 670 658 708 ordo
678 669 733 706 sit
752 667 1073 707 honestissimus
1092 667 1201 716 apud
1230 680 1386 712 omnes,
1409 667 1450 705 id
1482 668 1528 705 in
1558 667 1660 716 ipsis
1679 680 1720 712 30

55 724 185 762 situm
214 725 286 770 est,
321 737 405 762 non
438 723 483 762 in
517 737 595 762 me.
659 724 777 772 Quod
808 723 844 761 si
875 722 969 761 istis
1000 722 1112 761 cordi
1142 724 1204 760 est
1243 722 1386 770 magni
1423 720 1513 759 fieri
1550 722 1658 770 apud

57 791 214 826 omnes,
234 791 302 816 eas
321 778 439 816 dotes
458 777 539 816 sibi
558 780 704 828 parent
717 790 820 827 quae
839 777 996 815 famam
1017 776 1249 819 honestam,
1269 789 1374 825 quae
1392 775 1659 814 autoritatem

57 845 104 871 ac
123 832 306 870 fauorem
327 832 560 871 conciliant.
614 832 690 871 Sin
712 832 957 881 intelligunt
977 844 1020 869 se
1041 830 1216 869 minoris
1236 830 1324 868 fieri
1345 843 1470 880 quam
1489 829 1660 874 vellent,

56 899 103 925 ea
124 889 289 925 mutent
308 887 419 925 vnde
438 886 738 925 detrimentum
759 885 970 936 opinionis
991 886 1105 923 nasci
1125 884 1342 923 senserint.

111 941 326 980 Hactenus
356 942 404 979 de
434 941 618 990 epistola.
681 940 915 980 Consilium
940 939 1046 978 illud
1076 953 1162 978 non
1189 941 1251 977 est
1278 952 1302 976 a
1320 952 1388 976 me
1412 938 1656 987 profectum,
1680 951 1720 982 35

57 995 127 1034 sed
166 1008 190 1034 a
223 994 512 1034 Praedicatore
546 996 724 1046 quodam
762 995 954 1044 theologo
994 1007 1078 1032 non
1111 993 1341 1044 vulgariter
1377 992 1551 1031 erudito.
1609 991 1659 1030 Id

57 1049 222 1088 cuidam
260 1049 440 1100 principi
478 1050 558 1088 fuit
596 1049 842 1095 exhibitum,
880 1052 926 1087 vt
964 1048 1263 1098 expenderetur
1299 1060 1353 1086 an
1390 1047 1578 1097 placeret,
1622 1049 1661 1085 et

55 1103 292 1142 exhibitum
321 1104 400 1143 fuit
429 1106 526 1143 ante
554 1104 770 1154 vulgatam
801 1103 1097 1153 Captiuitatem
1127 1103 1433 1152 Babylonicam,
1468 1114 1564 1139 cum
1595 1114 1661 1138 res

55 1161 164 1196 esset
197 1159 332 1197 adhuc
363 1158 600 1198 sanabilior.
661 1159 712 1197 Id
744 1172 906 1208 quoque
939 1158 1076 1196 nescio
1108 1171 1188 1207 quo
1223 1170 1319 1195 casu
1348 1157 1568 1205 vulgatum
1600 1158 1662 1194 est

58 1226 82 1250 a
113 1212 345 1260 Germanis,
382 1214 456 1263 qui
486 1213 595 1252 haud
627 1213 711 1251 scio
742 1226 822 1263 quo
856 1212 1029 1251 consilio
1060 1212 1169 1250 nihil
1202 1224 1285 1249 non
1320 1211 1476 1249 habent
1509 1209 1657 1259 palam.
1679 1223 1721 1254 40

57 1269 120 1306 Ac
153 1267 261 1305 mihi
291 1268 459 1317 quidem
492 1269 584 1306 tum
618 1267 807 1306 exhibuit
841 1267 1106 1305 Praedicator
1140 1266 1221 1313 ille,
1259 1266 1332 1315 qui
1370 1278 1456 1303 non
1496 1264 1661 1314 negabit

56 1334 146 1360 esse
179 1334 333 1369 suum3
363 1335 438 1360 nec
470 1322 577 1360 mihi
609 1322 822 1370 displicuit
853 1322 1036 1368 omnino,
1073 1324 1119 1359 vt
1149 1321 1330 1370 ingenue
1361 1320 1506 1358 dicam.
1568 1318 1661 1357 Non

57 1376 173 1414 enim
206 1376 284 1414 hoc
318 1377 473 1426 agebat,
501 1379 548 1415 vt
582 1376 886 1414 rescinderetur
916 1375 1121 1414 sententia
1153 1374 1371 1413 Pontificis
1405 1376 1477 1412 aut
1508 1376 1657 1420 vestra,

57 1431 130 1468 sed
159 1433 206 1469 vt
235 1431 457 1469 hominum
485 1431 739 1481 persuasioni
769 1430 1001 1477 satisfieret,
1035 1431 1106 1480 qui
1135 1429 1420 1475 clamitabant,
1451 1430 1491 1466 et
1527 1428 1663 1466 adhuc

57 1485 290 1533 clamitant,
323 1484 559 1523 Lutherum
590 1486 812 1523 autoritate
846 1485 1050 1535 opprimi3
1095 1497 1169 1522 nec
1198 1484 1433 1522 laederetur
1460 1482 1664 1520 autoritas
1681 1497 1722 1527 45

59 1538 290 1587 Pontificis,
313 1539 349 1577 si
368 1539 514 1578 volens
532 1540 689 1590 aliquid
710 1540 941 1578 remitteret
960 1540 1011 1577 de
1037 1551 1110 1577 sua
1135 1538 1354 1577 seueritate
1380 1537 1431 1575 ob
1453 1536 1663 1586 publicam

59 1593 423 1643 tranquillitatem.
483 1595 623 1644 Atque
662 1594 703 1632 id
744 1593 978 1634 Consilium
1015 1593 1170 1643 placuit
1207 1593 1331 1630 etiam
1370 1592 1544 1641 regibus,
1583 1591 1665 1629 nisi

58 1647 289 1697 Captiuitas
317 1647 471 1698 aliique
500 1648 598 1686 huic
625 1648 783 1687 similes
811 1648 943 1686 libelli
979 1647 1259 1698 complurium
1292 1647 1456 1685 animos
1493 1645 1664 1683 alienas·

58 1704 165 1740 sent.
228 1702 282 1741 In
311 1703 687 1742 consultationibus
715 1703 893 1741 liberum
922 1705 983 1741 est
1013 1701 1236 1751 vnicuique
1266 1700 1399 1739 dicere
1428 1713 1547 1738 suam
1577 1712 1662 1738 sen-

61 1757 253 1805 tentiam,
284 1757 443 1807 opinor.
522 1758 578 1795 Et
615 1758 733 1807 pium
770 1760 833 1795 est
871 1755 1169 1807 tranquillitati
1207 1755 1395 1806 publicae
1435 1754 1658 1802 consulere,
1681 1769 1723 1800 50

60 1811 183 1849 modo
214 1811 257 1849 id
292 1811 365 1850 fiat
394 1812 597 1850 incolumi
627 1811 846 1850 Pontificis
876 1811 1092 1861 dignitate.
1153 1810 1269 1859 Quod
1304 1810 1340 1848 si
1373 1809 1435 1847 fas
1468 1822 1552 1847 non
1586 1812 1660 1857 est,

58 1879 140 1915 qua
177 1865 324 1915 fronte,
357 1879 453 1904 cum
490 1866 702 1905 Lutherus
739 1869 848 1905 esset
880 1866 1162 1913 Vuormaciae‚
1198 1865 1361 1914 magnis
1399 1863 1548 1902 studiis
1586 1863 1664 1901 hoc

60 1919 200 1969 ipsum
228 1921 426 1970 agebatur
454 1934 527 1970 per
554 1921 667 1959 viros
695 1921 1016 1968 laudatissimos,
1046 1920 1171 1969 idque
1200 1932 1295 1957 cum
1324 1918 1477 1956 laude:³
1533 1917 1600 1955 Ita
1629 1917 1664 1955 si

61 1987 204 2013 meum
232 1977 340 2014 esset
369 1975 445 2014 hoc
466 1975 710 2021 Consilium,
732 1978 778 2013 vt
806 1988 892 2013 non
921 1978 994 2020 est,
1021 1977 1162 2013 tamen
1192 1987 1279 2011 non
1304 1973 1425 2011 video
1455 1985 1527 2010 cur
1557 1971 1663 2009 mihi

59 2028 116 2067 sit
154 2029 370 2068 excitanda
406 2030 626 2079 tragoedia.
696 2030 817 2068 Nunc
854 2029 981 2067 habet
1019 2030 1205 2067 autorem
1243 2041 1378 2075 suum,
1414 2039 1538 2077 quem
1578 2039 1664 2064 non
1685 2031 1723 2063 55

59 2083 234 2133 pudebit
261 2083 394 2122 fateri.

115 2137 370 2177 Meministis
393 2142 598 2189 quantum
628 2138 935 2189 tragoediarum
965 2137 1072 2176 mihi
1101 2137 1355 2175 concitatum
1379 2136 1433 2174 sit
1460 2149 1509 2173 ex
1534 2135 1663 2172 salsis-

60 2191 166 2230 sima
198 2192 444 2242 suspicione,
475 2207 572 2232 cum
604 2193 789 2242 primum
822 2192 1060 2243 prodissent
1094 2205 1217 2240 opera
1247 2189 1431 2237 Lutheri,
1465 2189 1516 2227 ob
1554 2202 1664 2238 prae-

60 2246 335 2285 fatiunculam
355 2248 478 2297 paulo
498 2248 758 2298 politiorem:
788 2260 883 2285 cum
904 2249 945 2285 et
965 2246 1233 2285 verissimum
1252 2245 1308 2283 sit
1328 2247 1368 2283 et
1388 2258 1411 2282 a
1434 2257 1503 2282 me
1522 2243 1664 2281 crebro

60 2302 271 2348 testatum,
286 2301 331 2339 in
348 2303 544 2341 omnibus
562 2303 678 2342 illius
691 2302 809 2341 libris
825 2300 984 2339 nullam
999 2314 1087 2339 esse
1108 2300 1311 2349 syllabam
1327 2312 1395 2337 me
1411 2298 1573 2337 conscio
1594 2301 1665 2336 aut
1684 2304 1726 2335 60

104 2433 157 2463 34.
181 2426 238 2454 H:
261 2425 412 2455 senserit
428 2428 463 2456 F.
600 2427 652 2464 36.
678 2424 924 2465 praedicatore
941 2427 990 2454 F:
1016 2423 1252 2455 Doininicano
1269 2425 1312 2453 H.
1445 2432 1497 2460 41.
1527 2422 1664 2462 praedi-

60 2475 158 2498 cator
173 2471 220 2498 F:
245 2468 504 2500 Dominio-anus
520 2471 565 2500 H.
699 2479 750 2506 42.
777 2469 868 2499 mihi
886 2470 960 2498 acm.
977 2469 1021 2499 H.

106 2614 157 2643 25.
186 2604 344 2635 Luthero
361 2603 499 2644 nostro]
518 2604 582 2635 See
599 2614 632 2644 p.
652 2604 704 2643 98.
941 2604 991 2642 38.
1020 2601 1294 2642 Captiuitatein]
1342 2601 1534 2641 publishcd
1581 2612 1611 2632 c.
1644 2603 1665 2632 6

106 2649 157 2679 28.
185 2647 353 2689 censura]
385 2648 449 2678 See
484 2648 571 2688 Epp.
613 2658 704 2686 1141.
748 2657 823 2687 1911,
896 2647 969 2677 Oct.
993 2655 1076 2685 1520
1095 2645 1191 2685 (LE2.
1213 2655 1287 2685 350.
1307 2646 1389 2686 38):
1413 2656 1469 2676 see
1488 2646 1550 2685 Ep.
1570 2655 1662 2685 1153.

66 2701 160 2723 1202.
180 2701 281 2722 22on.
901 2692 997 2729 14611.

151 2734 244 2776 sero]
274 2745 311 2765 as
339 2734 527 2775 compared
553 2735 643 2765 with
670 2735 770 2765 those
795 2735 833 2765 of
943 2745 995 2772 40.
1022 2745 1041 2764 a
1067 2732 1273 2773 Germanis]
1301 2732 1352 2763 Cf.
1380 2732 1442 2772 Ep.
1472 2733 1565 2763 1186.
1582 2743 1662 2763 2211.

62 2779 216 2819 Cologne
227 2779 299 2809 and
311 2779 471 2809 Louvain
485 2790 492 2817 ;
504 2788 559 2809 see
572 2779 633 2819 Ep.
644 2787 736 2816 1030.
752 2780 828 2809 16n.
942 2787 994 2815 50.
1021 2776 1221 2817 consulere]
1235 2776 1321 2807 This
1331 2778 1500 2806 sentence
1513 2776 1664 2816 rougth

107 2833 158 2862 29.
186 2822 368 2853 ordineml
387 2822 439 2853 Cf.
459 2822 522 2861 Ep.
547 2824 639 2853 1006.
656 2832 712 2859 4n.
899 2821 1108 2860 reproduces
1125 2820 1187 2851 the
1205 2820 1288 2850 title
1306 2820 1345 2850 of
1357 2820 1420 2850 the
1438 2822 1615 2851 Consilium.

107 2868 158 2905 36.
187 2865 452 2907 Praedicatore]
481 2866 576 2896 John
603 2866 737 2904 Faber-3
772 2875 829 2896 see
942 2874 995 2903 52.
1020 2863 1272 2904 Vuormaciae]
1289 2863 1424 2894 Luther
1441 2863 1506 2893 left
1522 2863 1664 2893 Worms

63 2909 125 2949 Ep.
147 2919 230 2949 1149
247 2909 380 2941 introd.
899 2917 943 2938 on
963 2909 1005 2938 26
1021 2909 1121 2947 April
1139 2919 1145 2937 :
1174 2917 1231 2938 see
1249 2907 1324 2937 also
1342 2908 1406 2946 Ep.
1430 2916 1522 2945 1203.
1547 2916 1623 2937 τοι).

108 2963 158 2992 37.
185 2952 358 2994 principi]
371 2952 445 2983 The
456 2953 545 2992 Abp.
562 2952 600 2983 of
609 2952 726 2984 Mainz
741 2964 748 2991 3
774 2963 829 2983 see
942 2961 993 2990 59.
1023 2952 1128 2991 paulo
1145 2950 1366 2991 politiorem]
1384 2951 1436 2982 Cf.
1457 2951 1543 2990 Epp.
1568 2951 1659 2988 1167.

65 3000 203 3036 Sponqia
214 2996 296 3037 (LB.
309 3007 340 3027 x.
355 2997 466 3035 1648ss
482 3011 507 3023 =
525 2997 602 3027 HE.
619 2999 721 3036 333,§
736 2997 824 3036 158).
902 2997 972 3036 106,
990 3005 1083 3035 1225.
1102 2995 1216 3034 108—9.
