1990 3353
295 105 374 143 604
768 105 1019 144 LETTERS
1056 105 1127 143 OF
1166 104 1431 143 ERASMUS
1769 101 1808 156 [1
1818 115 1864 151 52
1875 114 1889 138 1

297 213 484 251 cionibus
513 214 720 252 infamant
749 214 857 263 apud
888 213 1103 263 populum,
1135 214 1243 263 apud
1273 215 1479 264 principes
1509 214 1635 252 variis
1663 214 1800 252 titulis
1829 214 1894 251 de-

298 268 450 305 ferunt.
509 268 686 315 Quidam
707 271 859 318 cogunt
879 270 925 305 vt
946 268 1121 306 scribam
1142 268 1339 306 aduersus
1358 269 1600 307 Lutherum.
1625 269 1691 306 0111
1719 281 1804 306 non
1833 269 1895 306 est

238 335 278 366 30
299 322 435 360 ocium
464 322 598 360 vllum
629 324 674 360 vt
706 323 769 360 vel
800 323 935 371 legam
965 322 1079 360 illius
1108 322 1282 360 libellos.
1344 322 1459 360 Nihil
1490 336 1564 372 ego
1597 322 1717 360 video
1747 321 1898 360 melius

297 389 419 425 quam
440 376 484 414 in
505 377 580 414 hac
602 390 644 414 re
664 389 860 415 mussare.
922 377 1015 415 Tibi
1034 377 1232 415 suaserim
1252 380 1297 415 vt
1324 390 1396 427 pro
1416 378 1488 415 tua
1509 390 1627 415 causa
1646 376 1798 415 scribas
1817 376 1898 425 ipsi

297 430 437 468 Leoni.
497 431 572 468 Est
592 431 757 480 ingenio
777 431 1000 469 mitissimo
1030 433 1071 469 et
1100 431 1213 469 fauet
1233 431 1334 469 viris
1360 431 1546 469 eruditis.
1603 431 1729 480 Apud
1750 430 1898 468 Alean-

297 485 417 522 drum
447 498 492 523 ea
517 485 566 523 de
596 498 639 522 re
668 485 866 535 loquutus
889 499 982 523 sum
1007 499 1109 535 quae
1138 486 1222 523 sint
1251 485 1294 523 in
1323 499 1410 523 rem
1440 488 1555 523 tuam
1585 498 1769 534 quaeque
1798 486 1899 534 puto

298 552 384 577 esse
413 552 519 577 vera.
580 540 691 577 Bene
720 539 821 578 vale.

237 606 276 637 35
349 593 546 632 Basileae.
607 594 721 632 Prid.
746 594 905 632 Natalis
924 595 962 633 S.
986 595 1177 633 Andreae
1198 596 1324 632 Anno
1350 605 1461 642 1521.
1522 594 1703 643 Raptim.

352 647 406 686 In
433 648 680 697 quibusdam
703 649 934 696 Germanis,
967 649 1117 699 quibus
1146 651 1233 687 toto
1262 651 1424 698 pectore
1453 648 1642 695 fidebam,
1674 647 1901 686 minimum

298 703 428 752 reperi
448 703 555 741 fidei.

1517 757 1717 796 Erasmus
1736 759 1844 795 tuus.

357 857 596 896 Clarissimo
627 857 673 895 D.
698 858 906 896 Bilibaldo
928 858 1251 904 Pirckheimero,
1286 856 1466 895 senatori
1486 854 1836 904 Norembergensi
1861 856 1900 891 et

238 920 282 949 40
303 911 519 950 Caesareae
540 912 770 950 maiestatis
791 912 1038 951 consiliario.

669 1089 862 1130 12351245.
926 1089 1059 1131 FROM
1082 1089 1234 1129 Parni-1
1268 1087 1537 1129 BAanzics.

350 1173 505 1219 Leipzig
527 1172 602 1208 MS.
1579 1171 1758 1208 Vittoria.

352 1232 424 1267 EE.
446 1244 480 1277 3.
1462 1241 1506 1275 29
1525 1229 1734 1266 November
1756 1240 1856 1275 1521.

678 1330 751 1370 [An
771 1331 924 1369 original
941 1330 1058 1369 letter,
1075 1330 1269 1370 autograph
1288 1329 1539 1370 throughout]

360 1420 505 1466 SALvE,
529 1420 766 1457 doctissime
793 1420 961 1458 domine
987 1421 1047 1457 mi
1066 1420 1248 1458 Erasme.
1310 1421 1486 1459 Reddite
1509 1423 1609 1459 sunt
1629 1420 1759 1458 michi
1777 1419 1905 1458 simul

304 1475 370 1512 his
392 1474 536 1512 diebus
555 1475 651 1512 bine
671 1474 790 1512 litere
810 1477 890 1522 tue,
913 1475 1040 1512 altere
1068 1475 1119 1512 ad
1144 1488 1302 1513 nonum
1323 1475 1409 1521 cal..
1434 1475 1618 1524 alter<e>
1640 1475 1690 1513 ad
1711 1477 1904 1512 octauum

304 1529 375 1566 cal.
400 1529 546 1575 octob.,
577 1529 695 1567 ambe
722 1529 945 1567 Andrelaci
973 1529 1134 1579 scripte.
1194 1529 1331 1568 Tui-be
1361 1530 1565 1568 bellorum
1595 1542 1696 1579 quas
1725 1528 1907 1578 patimur

304 1583 493 1629 efficient,
518 1584 658 1628 timeo,
678 1596 729 1621 ne
751 1597 826 1621 vos
852 1584 1000 1621 saltem
1030 1586 1116 1622 tam
1146 1584 1225 1621 cito
1255 1584 1622 1633 possiminuisere.
1684 1584 1746 1621 Ne
1767 1585 1906 1620 tamen

268 1650 285 1681 5
305 1651 389 1675 non
410 1637 579 1675 firmum
605 1638 660 1675 sit
688 1638 797 1686 quod
828 1638 905 1676 tibi
934 1638 1028 1676 aliis
1056 1638 1189 1676 literis
1218 1639 1320 1677 meis
1350 1639 1532 1688 promisi,
1558 1639 1635 1676 hoc
1660 1640 1722 1675 est
1746 1637 1813 1675 vel
1840 1650 1907 1674 me

304 1694 410 1730 istuc
429 1694 655 1730 venturum
682 1694 776 1730 ante
802 1692 1075 1730 Natiuitatem
1097 1693 1271 1731 Domini
1296 1694 1363 1731 vel
1391 1693 1562 1730 modurn
1592 1693 1907 1742 prospectui-um

307 1759 386 1795 quo
407 1746 482 1783 tibi
509 1747 651 1794 pensio
678 1748 963 1796 assignaretur,
987 1748 1285 1785 communicata
1317 1761 1360 1785 re
1382 1760 1477 1784 cum
1498 1747 1746 1796 quibusdam
1767 1746 1909 1795 peritis

306 1802 481 1839 istorum
521 1803 783 1850 negociorum
816 1802 1110 1846 Romanorum,
1149 1802 1331 1851 comperi
1369 1802 1478 1851 quod
1517 1800 1806 1839 sanctissimus
1840 1800 1908 1838 do-

307 1855 448 1892 minus
464 1857 614 1893 noster.
633 1855 939 1893 interueniente
952 1868 1156 1894 consensu
1172 1869 1275 1903 meo,
1291 1856 1408 1894 facile
1422 1855 1649 1893 reseruabit
1660 1855 1737 1893 tibi
1750 1854 1909 1892 fructus

250 1919 289 1941 10
307 1910 457 1947 horum
478 1923 557 1959 que
583 1910 656 1947 abs
684 1913 734 1956 te,
760 1910 927 1947 domine
955 1911 1011 1948 mi
1035 1910 1217 1958 Erasme,
1242 1911 1378 1960 accepi
1407 1910 1699 1948 beneficiorum
1720 1922 1794 1958 pro
1813 1921 1908 1957 pen-

307 1964 436 2001 sione.
496 1964 585 2012 (ἔξω)
605 1966 713 2002 facto
732 1964 923 2002 futurum
943 1968 1005 2002 est
1025 1967 1080 2011 vt,
1103 1965 1192 2002 siue
1217 1965 1367 2002 moriar
1388 1965 1477 2002 siue
1497 1965 1647 2011 viuam,
1672 1977 1755 2001 non
1775 1964 1909 2012 possis

308 2018 443 2056 solitis
461 2031 600 2056 carere
619 2018 834 2056 fructibus.
895 2019 951 2056 Et
971 2019 1065 2068 quia
1084 2019 1189 2057 forte
1211 2019 1321 2057 dices
1351 2024 1359 2037 ⁶
1378 2019 1580 2068 Sumptus
1601 2018 1750 2068 ingens
1769 2018 1844 2055 hac
1864 2017 1907 2054 in

309 2086 350 2109 re
380 2072 590 2110 faciendus
623 2073 728 2121 erit‚'
766 2085 842 2122 ego
879 2073 1106 2122 respondeo
1139 2074 1247 2123 quod
1282 2074 1331 2111 ad
1363 2073 1440 2110 hoc
1474 2086 1610 2111 coram
1649 2072 1909 2111 sanctissimo

309 2126 478 2164 domino
498 2129 639 2165 nostro
658 2127 971 2176 transigendum
994 2141 1068 2176 ego
1098 2129 1350 2165 constituam
1371 2130 1653 2176 procuratores
1673 2129 1718 2164 vt
1739 2127 1911 2164 nomine

254 2190 289 2221 15
311 2194 400 2218 meo
432 2182 694 2220 consentiant
725 2182 770 2218 in
800 2181 1040 2219 huiusmodi
1070 2182 1337 2230 pensionem,
1377 2184 1417 2219 et
1449 2195 1498 2219 ex
1529 2194 1651 2229 nunc,
1686 2194 1758 2229 pro
1787 2183 1833 2218 vt
1861 2193 1910 2217 ex

312 2237 421 2280 tunc,
442 2248 628 2284 propono
654 2236 903 2283 firmissime,
925 2235 1012 2273 visa
1037 2236 1124 2273 sola
1152 2236 1363 2285 signatura
1391 2236 1481 2273 sine
1506 2236 1764 2285 expeditione
1784 2234 1911 2272 bulla-

312 2302 416 2337 rum,
440 2290 591 2327 dictam
611 2290 854 2339 pensionem
885 2303 951 2327 me
981 2290 1228 2328 soluturum.
1290 2290 1342 2327 Et
1369 2291 1427 2327 sic
1453 2303 1539 2328 non
1559 2290 1638 2327 erit
1658 2302 1761 2338 opus
1781 2290 1911 2327 facere

310 2344 518 2392 impensas
536 2346 714 2382 maiores
730 2357 854 2393 quam
870 2345 994 2383 vnius
1007 2344 1154 2391 ducati,
1170 2343 1318 2383 saltem
1333 2357 1406 2393 per
1422 2345 1552 2382 vitam
1568 2357 1705 2382 meam
1723 2358 1731 2391 ;
1755 2343 1862 2393 quod
1875 2344 1912 2380 si

312 2398 525 2447 contingat
547 2411 614 2436 me
641 2398 747 2436 mori
774 2401 870 2436 ante
898 2400 950 2446 te,
980 2399 1025 2436 in
1054 2401 1126 2436 tua
1154 2401 1231 2437 erit
1260 2399 1454 2436 facultate
1478 2399 1706 2437 secundum
1726 2400 1910 2436 tenorem

359 2510 452 2572 12424.
473 2519 524 2548 34.
551 2511 626 2539 LB:
652 2519 732 2540 vera
751 2510 921 2542 Basileae.
954 2511 1052 2541 Bene
1071 2511 1147 2540 vale
1164 2513 1196 2540 P.
1288 2511 1341 2550 38.
1368 2510 1535 2541 Erasmus
1552 2534 1558 2541 .
1580 2534 1586 2541 .
1606 2534 1614 2541 .
1634 2520 1686 2548 40.
1711 2509 1912 2540 consiliario

314 2563 370 2584 om.
392 2556 413 2583 O
429 2578 435 2584 .

360 2664 453 2694 1244.
484 2673 538 2702 30.
563 2664 619 2693 vel
646 2664 775 2705 legam]
811 2666 859 2696 Cf.
893 2665 953 2705 Ep.
985 2675 1076 2704 1225.
1150 2663 1918 2704 Ep.1257.5-7showsthatNesenwasoneof

315 2708 453 2746 258-60.
1149 2709 1249 2739 those
1266 2709 1381 2738 whom
1400 2708 1567 2738 Erasmus
1584 2708 1655 2738 had
1670 2708 1708 2738 in
1725 2708 1782 2738 his
1799 2706 1912 2737 mind.

358 2752 409 2788 36.
431 2750 637 2790 Germanis]
657 2751 706 2781 Cf.
725 2752 812 2791 Epp.
831 2762 920 2790 1225.
935 2753 1075 2791 357—61‚
1194 2753 1288 2782 1245.
1309 2762 1337 2782 2.
1366 2752 1494 2791 altere]
1521 2751 1584 2790 Ep.
1606 2761 1699 2790 1235.

320 2795 411 2832 1258.
428 2795 522 2831 26-7.
574 2794 635 2832 Ep.
656 2795 745 2832 1278.
766 2796 1002 2835 10-1311121kes
1018 2796 1078 2826 the
1236 2794 1361 2835 altere]
1390 2795 1546 2835 Perhaps
1564 2806 1581 2825 a
1600 2795 1780 2834 duplicate
1797 2795 1832 2824 to
1851 2793 1912 2833 Ep.

315 2838 483 2876 meaning
504 2837 606 2873 clear,
627 2838 705 2867 that
728 2840 766 2868 111
785 2840 820 2875 F,
841 2850 878 2870 as
898 2841 936 2869 in
958 2840 997 2877 E,
1018 2840 1080 2870 the
1152 2848 1244 2878 1235,
1265 2841 1343 2869 sent
1361 2839 1408 2877 by
1424 2839 1575 2869 another
1591 2847 1801 2876 messenger.

315 2881 448 2912 editors
459 2883 494 2910 to
502 2880 623 2910 whom
635 2881 705 2911 had
718 2883 806 2912 been
820 2883 1007 2914 entrusted
1018 2883 1080 2914 the
1192 2893 1223 2921 3.
1249 2881 1440 2922 bellorum]
1454 2883 1497 2913 In
1510 2882 1642 2913 Castile
1649 2881 1722 2913 and
1732 2881 1912 2912 valencia.

316 2924 486 2955 selec-tion
511 2923 581 2953 and
604 2925 758 2956 revision
784 2926 821 2956 of
841 2936 921 2957 new
945 2927 1078 2964 letters,
1194 2936 1222 2964 5.
1250 2925 1382 2965 literis]
1408 2926 1477 2956 Not
1494 2928 1628 2956 extant.

317 2967 1081 3010 hadcommitted.indiscretions:seep.498.
1199 2980 1245 3000 10.
1274 2969 1540 3009 beneficiorum]
1566 2969 1615 3000 Cf.
1634 2969 1696 3008 Ep.
1720 2978 1811 3008 1094.
