1990 3353
335 152 414 190 158
804 152 1051 191 LETTERS
1091 151 1160 191 OF
1197 153 1461 192 ERASMUS
1808 151 1934 205 [1520

333 265 509 302 rentem.
570 263 719 310 Quales
748 266 789 302 et
822 263 889 301 hic
919 263 1092 301 extitere
1125 263 1306 313 quidam,
1345 266 1386 301 et
1415 263 1539 301 isthic
1573 263 1780 313 quendam
1813 263 1936 302 audio

334 317 474 364 fuisse,
497 318 569 366 qui
587 318 632 355 in
653 318 849 355 concione
868 317 1077 367 frequenti
1097 317 1345 355 vociferatus
1368 318 1422 356 sit
1442 331 1508 355 me
1531 318 1736 367 corrigere
1754 317 1937 357 voluisse

334 372 612 421 Euangelium
625 371 806 419 Ioannis,
823 371 932 421 quod
946 384 1019 421 pro
1032 373 1142 411 verbo
1154 372 1350 410 verterim
1365 383 1573 411 sermonem
1592 386 1600 410 :
1626 372 1742 421 quasi
1758 371 1936 411 Ioannes

333 426 545 476 scripserit
565 426 724 473 Latine,
750 428 821 464 aut
841 427 959 475 quasi
978 439 1063 463 non
1083 427 1178 464 ante
1198 439 1266 464 me
1292 425 1445 464 Filium
1466 425 1544 463 Dei
1563 439 1638 474 pro
1659 428 1769 465 verbo
1793 437 1936 466 sermo-

275 493 314 524 25
333 493 421 519 ‘nem
453 480 703 529 appellarint
732 479 974 529 Cyprianus,
1008 479 1210 527 Hilarius,
1244 480 1541 529 Hieronymus,
1575 493 1751 530 cumque
1778 480 1845 519 his
1873 480 1936 518 in-

333 534 524 580 numeri3
552 537 624 572 aut
645 534 763 583 quasi
781 546 905 574 sermo
930 548 1016 573 non
1042 534 1192 572 melius
1217 534 1424 584 exprimat
1445 535 1643 573 Graecam
1663 547 1807 572 vocem
1835 536 1938 584 loyos

334 601 460 637 quam
480 590 644 626 verbum.
704 588 812 636 Quid
839 588 1012 627 stultius
1037 588 1120 627 dici
1146 589 1281 638 potuit
1303 589 1412 637 apud
1439 589 1611 627 doctos?
1648 591 1689 627 at
1710 589 1807 638 quid
1829 589 1936 638 apud

335 642 574 691 imperitam
604 643 923 681 multitudinem
958 643 1227 681 seditiosius?
1268 644 1328 681 At
1355 643 1427 680 vbi
1459 643 1629 681 interim
1662 643 1734 681 illa
1764 643 1937 681 dulcedo

335 697 568 735 studiorum
598 709 723 746 quam
754 699 893 735 narrat
922 697 1244 747 Hieronymus?
1283 697 1353 734 vbi
1383 697 1488 735 illud
1517 697 1562 735 in
1587 710 1730 747 campo
1757 696 1938 747 Scriptu-

277 763 317 793 30
335 764 476 788 rarum
508 751 597 788 sine
628 751 767 789 dolore
805 755 945 790 nostro
983 752 1156 790 ludere?
1205 751 1313 799 Quid
1345 751 1452 801 quod
1491 751 1661 789 interim
1701 751 1808 789 bona
1845 764 1940 800 pars

335 806 494 843 fructus
526 806 634 854 perit
664 806 883 855 vti-isque?
923 819 1022 844 nam
1055 808 1097 844 et
1134 806 1198 844 illi
1232 807 1333 844 dum
1363 805 1488 844 sacris
1521 805 1800 851 concionibus,
1835 820 1938 855 quae

335 861 498 908 praeter
529 859 744 898 Christum
783 860 893 899 nihil
927 874 1073 899 sonare
1113 860 1320 907 deberent,
1357 859 1587 898 admiscent
1620 873 1714 897 suos
1751 860 1933 907 affectus,

335 914 477 951 minus
492 917 757 952 commouent
777 916 977 964 populum
998 915 1047 953 ad
1069 915 1268 964 pietatem
1285 930 1292 960 ;
1321 917 1362 951 et
1382 914 1514 952 nostri
1534 914 1631 951 libri
1647 915 1714 952 vel
1734 928 1757 952 a
1777 914 1938 963 paucio—

336 968 452 1006 ribus
471 968 538 1006 vel
560 970 719 1006 minore
739 983 834 1007 cum
852 970 990 1007 fructu
1009 970 1216 1017 leguntur,
1239 969 1390 1007 viciata
1415 982 1487 1017 per
1506 969 1608 1006 istos
1626 967 1936 1018 imaginatione,

275 1033 314 1063 35
337 1035 439 1072 quae
458 1023 608 1072 vbique
624 1023 735 1061 valet
753 1024 984 1072 plurimum
1000 1038 1009 1062 :
1040 1024 1142 1061 adeo
1161 1025 1210 1061 vt
1229 1023 1264 1061 si
1284 1023 1377 1072 quis
1392 1022 1619 1072 Augustini
1642 1022 1799 1060 librum
1815 1023 1935 1072 legat,

336 1090 556 1126 persuasus
576 1090 664 1115 esse
683 1077 846 1127 Pelagii
863 1078 1068 1123 haeretici,
1086 1077 1313 1115 minimum
1332 1077 1491 1115 fructus
1511 1077 1566 1115 sit
1585 1078 1880 1125 reportaturus».

391 1131 438 1169 R.
457 1130 507 1168 D.
529 1131 573 1169 Τ.
596 1132 798 1169 succurrit
817 1132 942 1170 isthic
973 1132 1096 1170 bonis
1116 1131 1258 1179 literis,
1281 1132 1390 1180 apud
1418 1145 1492 1170 nos
1518 1131 1652 1169 adhuc
1673 1144 1768 1169 cum
1787 1131 1940 1170 veteris

336 1185 522 1223 inscitiae
561 1186 746 1234 patronis
787 1186 1143 1236 belligerantibus.
1208 1186 1383 1223 Vtinam
1423 1186 1615 1235 dignetur
1652 1188 1692 1223 et
1730 1199 1939 1223 sacrorum

336 1240 570 1278 studiorum
593 1239 887 1289 tranquillitati
908 1241 1129 1286 consulere,
1148 1253 1232 1278 non
1253 1240 1388 1278 solum
1409 1241 1516 1289 apud
1539 1240 1766 1278 Britannos
1780 1252 1939 1277 verum·

275 1310 318 1341 40
337 1294 463 1332 etiam
498 1296 585 1332 toto
616 1297 822 1332 terrarum
855 1295 976 1334 orbe!
1025 1294 1074 1332 Id
1110 1294 1230 1332 facile
1263 1294 1346 1341 fiet,
1385 1294 1421 1331 si
1455 1294 1503 1332 R.
1536 1295 1580 1332 Τ.
1616 1294 1665 1332 D.
1701 1294 1938 1332 Romanum

336 1347 584 1386 Pontificem
605 1348 738 1387 literis
753 1349 842 1387 suis
861 1349 1083 1388 admoneat
1101 1351 1149 1388 vt
1176 1362 1249 1387 sua
1272 1349 1490 1387 autoritate
1510 1349 1723 1386 coherceat
1750 1349 1857 1387 hanc
1876 1349 1938 1386 in-

337 1403 525 1440 cessendi
553 1403 789 1449 licentiam;
825 1417 941 1442 suam
972 1404 1148 1454 quisque
1181 1402 1479 1452 professionem
1513 1406 1630 1440 ornet
1664 1402 1766 1440 citra
1799 1405 1939 1441 contu-

337 1457 506 1495 meliam
526 1457 694 1505 alienae,
718 1458 1071 1507 quemadmodum
1099 1458 1257 1496 Paulus
1283 1470 1407 1495 suum
1433 1457 1636 1506 glorificat
1661 1457 1937 1506 euangelium,

335 1524 419 1549 non
439 1511 664 1550 obscurans
683 1514 826 1550 tamen
845 1513 1109 1561 euangelium
1130 1511 1256 1550 Petri.
1318 1512 1435 1560 Quod
1457 1512 1492 1550 si
1512 1511 1765 1549 dissentiunt
1786 1511 1939 1549 alicubi

276 1577 317 1607 45
334 1566 514 1615 ingenia,
537 1579 601 1604 res
622 1566 860 1605 Christiana
881 1566 1085 1605 modestia
1102 1569 1333 1616 peragatur,
1358 1579 1441 1604 non
1468 1566 1670 1604 diabolica
1690 1566 1914 1604 virulentia
1931 1581 1940 1613 ;

335 1620 594 1669 argumentis
614 1621 853 1668 decertetur,
875 1635 959 1659 non
980 1621 1189 1659 seditiosis
1204 1620 1468 1663 clamoribus,
1488 1623 1534 1658 vt
1554 1622 1596 1657 et
1610 1620 1742 1657 victor
1758 1620 1942 1658 discedat

337 1674 553 1723 gloriosior
571 1677 612 1713 et
632 1675 768 1713 victus
782 1676 993 1714 eruditior.
1037 1676 1142 1713 Rem
1164 1688 1359 1724 magnam
1381 1675 1633 1724 praestiterit
1650 1677 1719 1711 tua
1739 1674 1941 1712 celsitudo

338 1731 378 1766 et
409 1729 458 1766 de
487 1729 698 1778 republica
722 1730 957 1768 Christiana
983 1729 1141 1779 optime
1167 1729 1318 1767 merita
1340 1728 1475 1775 fuerit,
1508 1728 1544 1766 si
1570 1728 1804 1766 studiorum
1835 1731 1941 1766 tran—

338 1782 539 1831 quillitati
554 1783 804 1831 dignabitur,
821 1786 866 1821 vt
882 1784 990 1830 facit,
1011 1784 1232 1822 autoritate
1247 1796 1321 1821 sua
1334 1783 1558 1821 consulere.
1600 1782 1852 1832 Scripsimus
1867 1783 1942 1821 hac

279 1849 320 1880 50
339 1837 389 1875 de
409 1851 452 1874 re
472 1837 667 1875 nonnihil
694 1838 732 1876 S.
758 1838 940 1876 Domino
961 1838 1010 1876 N.
1032 1837 1174 1876 Leoni.
1234 1837 1313 1876 Sed
1335 1837 1585 1887 quantulum
1606 1850 1681 1875 nos
1699 1837 1942 1875 homunculi

339 1894 584 1941 possumus!

392 1946 570 1984 Absolui
601 1947 880 1996 Paraphrases
913 1947 958 1985 in
991 1960 1137 1985 omnes
1175 1945 1383 1995 Epistolas
1422 1945 1510 1984 diui
1542 1945 1666 1984 Pauli
1699 1958 1943 1995 germanas;

340 2014 454 2049 opus,
478 2001 522 2038 ni
545 2000 676 2048 fallor,
707 2002 927 2048 victurum,
950 2003 991 2039 et
1018 2001 1117 2038 adeo
1143 2000 1243 2038 felix
1264 2003 1312 2039 vt
1338 2000 1423 2038 illis
1447 2013 1609 2050 quoque
1636 2000 1832 2049 probetur
1856 1999 1942 2049 qui—

339 2055 416 2092 bus
436 2055 543 2092 nihil
564 2054 698 2103 placet
723 2055 996 2094 Erasmicum.
1055 2055 1228 2093 Vtinam
1250 2054 1357 2092 mihi
1381 2055 1559 2092 liberum
1580 2056 1686 2092 esset
1712 2054 1808 2092 huic
1827 2054 1942 2103 operi

281 2119 319 2151 55
340 2109 399 2147 tui
422 2108 605 2147 nominis
624 2110 755 2148 facem
782 2110 1070 2159 praetendere!
1119 2109 1197 2148 Sed
1218 2111 1266 2148 vt
1294 2108 1458 2158 magnis
1483 2108 1730 2154 interuallis,
1752 2121 1838 2146 non
1860 2121 1942 2146 vno

339 2163 513 2212 impetu,
535 2164 764 2213 perfectum
784 2166 858 2212 est,
882 2164 941 2202 ita
959 2164 1113 2213 parteis
1133 2163 1285 2201 laboris
1305 2163 1480 2201 diuersis
1503 2163 1801 2211 inscripsimus.
1862 2162 1942 2200 Sed

339 2220 561 2266 quaeretur
592 2218 707 2256 aliud
740 2231 868 2268 aeque
905 2219 1114 2256 victurum
1153 2217 1261 2267 quod
1302 2220 1396 2255 tuae
1435 2217 1675 2255 celsitudini
1712 2216 1940 2254 dicabitur:

339 2273 498 2310 certum
519 2274 581 2311 est
601 2273 715 2310 enim
730 2273 798 2311 his
817 2273 986 2310 immori
1005 2271 1228 2316 laboribus,
1248 2271 1410 2309 etiamsi
1432 2271 1564 2309 sentio
1583 2283 1651 2308 me
1673 2271 1808 2309 indies
1826 2270 1943 2308 reddi

339 2327 584 2374 segniorem,
617 2340 702 2364 non
736 2328 823 2365 tam
856 2329 989 2365 aetate
1023 2340 1148 2375 quam
1181 2326 1414 2365 studiorum
1449 2325 1659 2363 laboribus
1695 2324 1942 2374 irrequietis,

279 2382 322 2412 60
340 2379 426 2417 imo
459 2380 595 2418 taedio
627 2381 945 2420 contentionum
985 2381 1118 2430 magis
1151 2393 1275 2429 quam
1309 2379 1521 2417 laboribus
1554 2393 1626 2428 per
1657 2392 1700 2417 se
1738 2379 1942 2417 iucundis.

342 2433 457 2471 Bene
476 2435 611 2472 valeat
633 2435 680 2473 R.
699 2434 745 2473 T.
765 2436 813 2473 D.
874 2434 1052 2474 Louanii
1072 2434 1156 2474 Cal.
1181 2434 1295 2472 Febr.
1354 2435 1435 2472 An.
1460 2446 1636 2472 M.D.XIX.

386 2573 436 2603 28.
465 2572 515 2602 At
530 2575 577 2603 F:
602 2572 791 2603 Caeterum
809 2576 850 2605 H.
959 2584 1012 2614 37.
1041 2574 1079 2604 R.
1095 2573 1136 2604 D.
1151 2574 1188 2604 T.
1209 2576 1255 2604 F:
1280 2573 1354 2603 Tua
1369 2574 1545 2604 autoritas
1560 2576 1601 2604 H.
1709 2583 1761 2612 40.
1790 2572 1828 2604 R.
1844 2573 1880 2603 T.
1897 2573 1938 2604 D.

342 2627 399 2646 mn.
422 2619 463 2646 H.
554 2626 607 2654 41.
627 2618 700 2647 tuis
716 2617 908 2648 admoneas
923 2620 966 2649 H.
1058 2628 1109 2656 49.
1138 2619 1177 2648 vt
1194 2617 1282 2647 facit
1298 2619 1371 2648 add.
1391 2620 1436 2650 H.
1526 2626 1578 2654 50.
1608 2616 1640 2647 S.
1661 2616 1816 2647 Domino
1833 2616 1876 2647 N.
1894 2619 1942 2647 F:

343 2669 484 2690 summo
500 2660 663 2698 pontifici
679 2663 721 2690 H.
857 2670 910 2700 55.
937 2663 977 2692 vt
993 2671 1052 2692 om.
1071 2662 1111 2692 N.
1247 2661 1300 2692 61.
1325 2660 1443 2691 valeat
1459 2659 1497 2692 R.
1515 2660 1552 2691 T.
1567 2660 1609 2691 D.
1626 2662 1676 2691 F:
1700 2659 1780 2690 vale
1795 2662 1838 2691 H.

387 2791 435 2812 21.
462 2782 660 2821 quendam]
701 2783 891 2821 standish;
935 2784 976 2815 cf.
1016 2784 1103 2823 Epp.
1219 2792 1269 2820 4.9
1296 2780 1528 2822 Scripsimus]
1547 2780 1610 2821 Ep.
1630 2791 1722 2820 1007.

342 2826 417 2856 608.
442 2835 519 2864 14n,
540 2835 623 2864 1072
642 2826 785 2866 introd.,
810 2828 900 2858 1126.
1220 2836 1270 2865 52.
1300 2824 1618 2865 Parapln··1ses]Cf.
1634 2825 1695 2864 Ep.
1716 2823 1941 2855 10621nt10d

385 2878 437 2908 25.
463 2869 680 2909 Cyprianus]
708 2872 827 2901 Testim.
854 2880 884 2901 2.
909 2880 950 2909 3;
980 2873 1104 2902 Domin.
1176 2870 1247 2900 and
1268 2879 1364 2907 17511.
1988 2867 1990 2894 ἕ

340 2916 416 2943 orae.
438 2913 504 2950 28;
531 2915 613 2943 Vnit.
630 2915 686 2944 eccl
715 2923 766 2944 21.
1263 2911 1469 2953 germanas]
1496 2913 1621 2951 except
1645 2911 1843 2942 Heln-meus
1836 2933 1843 2941 .
1875 2909 1938 2950 Ep.

383 2965 436 2995 29.
464 2955 728 2996 Hieronymus]
747 2959 803 2992 Ep.
823 2958 875 2988 82.
898 2967 924 2988 1.
1179 2957 1272 2987 1181.

385 3009 437 3038 37.
465 3000 567 3029 bonis
585 2999 714 3041 literis]
732 3000 782 3031 Of.
805 3000 866 3039 Ep.
887 3002 960 3040 967.
982 3002 1062 3031 2611.
1218 3009 1270 3039 57.
1305 3000 1496 3039 quaeretur
1525 2998 1639 3038 aliud]
1670 2997 1756 3028 This
1785 2997 1943 3036 promise
1988 3006 1990 3010 ⁴

385 3053 440 3082 43.
465 3042 611 3084 Paulus]
629 3043 706 3075 Gal.
724 3054 753 3074 2.
776 3053 792 3082 7
808 3054 876 3083 seq.
1175 3053 1247 3074 was
1263 3043 1408 3082 quickly
1425 3042 1614 3073 redecmed
1630 3053 1637 3072 :
1661 3051 1717 3072 see
1734 3041 1798 3080 Ep.
1820 3050 1910 3071 1112.

1988 2813 1990 2835 l

1987 2952 1989 2985 l
