1990 3353
87 143 208 198 1007]
727 147 797 186 ΤΟ
835 147 943 186 LEO
982 147 1023 185 X
1631 153 1683 190 53

83 259 220 295 sceret.
293 256 400 305 Quid
439 256 520 295 sibi
558 257 842 306 persuaserint
880 256 1030 298 nescio,
1070 257 1177 293 certe
1215 256 1387 295 rudibus
1426 260 1468 296 et
1505 259 1682 299 indoctis

83 311 326 360 persuadele
355 313 557 349 conantur
585 311 827 360 linguarum
857 309 1138 359 cognitionem
1167 309 1378 361 bonasque
1408 324 1510 361 quas
1533 316 1682 352 vocant

81 364 223 403 literas
242 366 367 403 aduer
369 365 452 404 sali
471 364 702 414 theologiae
722 364 871 440 studio,
891 377 987 402 cum
1004 362 1136 402 nullis
1156 364 1391 414 disciplinis
1406 379 1453 404 ea
1467 367 1599 416 magis
1615 368 1680 406 vel

81 421 252 457 ornetur
270 419 336 457 vel
356 419 586 457 adiuuetur.

134 473 205 521 Hi,
228 476 273 512 vt
296 476 394 512 sunt
414 473 608 511 omnibus
627 473 760 511 Musis
778 474 820 510 et
840 472 997 511 Gratiis
1022 472 1140 511 iratis
1166 473 1265 521 nati,
1295 473 1384 512 sine
1406 474 1490 512 fine
1515 475 1679 526 bellige-
1697 493 1742 522 40

79 530 226 566 rantur
253 528 453 566 aduersus
472 527 611 566 studia
631 540 720 565 sese
739 526 896 565 nostris
920 527 1181 576 temporibus
1209 527 1259 565 ad
1279 528 1493 566 meliorem
1514 530 1679 580 frugem

78 581 294 631 erigentia.
356 582 529 620 Summa
548 595 646 620 vero
667 581 864 619 victoriae
881 593 974 631 spes
992 582 1038 619 in
1059 581 1185 619 meris
1206 583 1488 631 sycophantiis
1507 583 1594 623 illis
1615 588 1678 624 est

79 636 166 674 sita.
227 636 270 674 Si
302 636 422 674 libris
445 639 580 685 agant,
616 635 724 674 nihil
752 635 865 674 aliud
895 648 1020 685 quam
1049 649 1166 674 suam
1195 636 1420 675 traducunt
1449 639 1677 678 stulticiam

78 689 204 728 simul
224 692 345 740 atque
366 690 587 729 inscitiam.
650 690 694 728 Si
716 689 949 728 rationibus
965 690 1267 737 conflictantur,
1287 691 1489 730 nimirum
1509 696 1677 742 superat

78 744 296 783 manifesta
324 745 486 783 veritas.
543 746 725 783 Tantum
750 745 857 793 apud
886 744 1124 794 imperitam
1154 744 1411 794 plebeculam
1444 747 1677 797 stultasque
1693 765 1733 795 45

75 798 339 837 mulierculas
358 799 648 847 vociferantur,
673 799 824 848 quibus
844 799 1057 847 imponere
1071 799 1318 837 facillimum
1339 803 1413 848 est,
1432 803 1675 849 praesertim

76 852 288 902 religionis
304 855 530 902 praetextu,
546 854 665 891 cuius
677 852 936 891 simulandae
951 853 1050 891 miri
1063 856 1163 891 sunt
1178 853 1367 892 artifices.
1420 855 1676 896 Praetexunt

74 906 277 946 horrenda
296 908 478 955 nomina,
506 908 706 955 haereses,
731 907 1024 946 antichristos:
1054 907 1246 945 iactitant
1266 908 1492 957 periclitari
1514 913 1674 950 nutare-

75 975 153 1011 que
183 962 425 1011 religionem
457 962 754 1009 Christianam,
788 975 913 1011 quam
944 962 1026 1011 ipsi
1059 962 1216 1000 scilicet
1248 963 1335 1001 suis
1365 964 1554 1003 humeris
1585 979 1672 1004 sus-

75 1015 213 1054 tinent
223 1031 232 1063 ;
262 1019 383 1066 atque
413 1017 480 1054 his
509 1019 596 1055 tam
626 1016 780 1055 odiosis
808 1016 1040 1054 admiscent
1070 1017 1328 1055 mentionem
1357 1018 1595 1067 linguarum
1627 1034 1673 1059 ac
1692 1037 1732 1067 50

74 1070 279 1119 politioris
306 1071 557 1109 literaturae.
623 1070 755 1109 ‘Haec
771 1071 780 1085 ’
806 1071 1017 1120 inquiunt,
1045 1072 1054 1089 ⁴
1070 1071 1277 1109 horrenda
1304 1072 1417 1110 dictu
1444 1077 1673 1114 nascuntur

72 1137 122 1162 ex
147 1125 355 1174 poetica';
386 1139 484 1164 nam
510 1125 590 1164 1100
616 1125 818 1164 vocabulo
842 1125 1065 1163 traducunt
1093 1125 1290 1175 quicquid
1317 1129 1379 1164 est
1406 1126 1672 1176 elegantioris

74 1178 296 1228 doctrinae,
320 1179 399 1218 hoc
420 1182 483 1218 est
503 1180 700 1230 quicquid
717 1180 799 1230 ipsi
815 1193 898 1218 non
916 1180 1162 1218 didicerunt.
1223 1180 1480 1220 Huiusmodi
1501 1183 1671 1222 naenias

71 1245 157 1271 non
177 1234 305 1284 pudet
323 1234 448 1272 etiam
473 1235 517 1272 in
547 1235 671 1273 sacris
696 1234 965 1273 concionibus
991 1235 1253 1283 deblaterare,
1285 1236 1356 1284 qui
1385 1248 1427 1273 se
1450 1249 1671 1285 praecones

72 1287 343 1338 Euangelicae
389 1288 598 1327 doctrinae
636 1289 781 1327 haberi
826 1289 1051 1337 postulant.
1124 1288 1373 1327 Abutuntur
1411 1292 1451 1328 et
1490 1291 1670 1331 Romani
1689 1311 1704 1339 5
1711 1310 1727 1340 5

71 1341 290 1381 Pontificis
309 1345 350 1381 et
366 1343 579 1381 Romanae
598 1343 709 1382 sedis
729 1344 911 1391 nomine,
936 1343 1129 1381 videlicet
1149 1344 1257 1393 apud
1278 1344 1427 1392 nullos,
1451 1345 1510 1383 ita
1529 1348 1576 1384 vt
1595 1360 1669 1396 par

69 1398 144 1443 est,
167 1410 251 1435 11011
271 1399 541 1436 sacrosancto.

124 1450 206 1490 His
235 1451 410 1499 technis,
447 1452 513 1489 his
547 1452 751 1490 cuniculis
782 1452 933 1490 adoriri
966 1454 1115 1500 parant
1150 1452 1449 1491 efflorescentes
1489 1456 1668 1504 optimas

68 1504 210 1544 literas
228 1519 273 1544 ac
294 1507 502 1555 puriorem
522 1507 641 1544 illam
662 1506 913 1556 theologiam
935 1519 1031 1545 suos
1050 1506 1187 1544 fontes
1206 1507 1486 1556 resipientem.
1549 1509 1666 1548 Nihil

69 1572 154 1598 non
174 1562 385 1599 tentatum
406 1563 479 1607 est,
503 1561 669 1599 nullum
690 1561 923 1599 calumniae
950 1574 1079 1610 genus
1102 1574 1186 1599 non
1213 1562 1504 1611 excogitatum,
1528 1564 1570 1601 111
1599 1578 1668 1603 000
1685 1571 1727 1602 60

68 1627 242 1664 quorum
273 1628 396 1665 opera
425 1615 574 1654 vident
606 1615 707 1654 haec
737 1615 876 1654 studia
907 1615 1102 1665 gliscere:
1133 1616 1243 1653 inter
1273 1629 1375 1666 quos
1404 1629 1470 1654 me
1500 1632 1665 1668 quoque

67 1672 302 1717 numerant,
341 1670 412 1719 qui
438 1671 643 1719 quantum
676 1669 890 1708 attulerim
921 1670 1125 1708 momenti
1156 1670 1304 1709 nescio.
1365 1671 1485 1710 Certe
1514 1686 1665 1722 magno

68 1726 214 1762 conatu
245 1737 341 1762 sum
369 1725 546 1762 adnixus
571 1727 618 1763 vt
647 1724 840 1762 homines
868 1724 918 1762 ab
947 1724 1014 1762 his
1039 1724 1201 1775 frigidis
1227 1724 1412 1775 argutiis,
1442 1727 1487 1764 in
1514 1728 1664 1777 quibus

67 1780 236 1816 tantum
265 1778 623 1826 consenescebant,
654 1779 706 1817 ad
735 1778 915 1828 purioris
941 1779 1095 1828 pariter
1122 1793 1167 1818 ac
1191 1780 1410 1817 seuerioris
1433 1781 1663 1832 theologiae

66 1833 254 1871 studium
288 1833 565 1871 accenderem.
627 1833 771 1883 Neque
803 1833 988 1871 laborem
1021 1833 1133 1871 hunc
1166 1834 1271 1871 mihi
1310 1847 1478 1883 prorsus
1512 1836 1665 1875 frustra
1683 1846 1723 1886 65

67 1890 305 1936 susceptum
334 1901 423 1926 esse
450 1887 517 1925 vel
546 1888 643 1926 hinc
672 1887 876 1938 intelligo,
902 1888 1010 1938 quod
1032 1888 1200 1937 quidam
1222 1889 1280 1926 sic
1300 1889 1341 1926 in
1369 1902 1436 1926 me
1456 1891 1659 1938 saeuiunt,

66 1941 216 1990 quibus
237 1955 354 1991 aegre
375 1944 438 1980 est
458 1942 679 1992 quicquam
698 1942 743 1981 in
759 1941 895 1992 precio
916 1955 1003 1980 esse
1019 1943 1125 1992 quod
1142 1943 1223 1992 ipsi
1240 1956 1315 1981 nec
1331 1943 1472 1981 docere
1488 1948 1663 1994 possunt

66 1997 107 2033 et
126 1996 376 2034 erubescunt
389 1996 556 2035 discere.
615 1997 697 2035 Ast
709 2010 784 2046 ego
797 1997 980 2046 primum
996 1997 1162 2035 Christo
1177 1999 1291 2041 teste,
1312 1997 1378 2035 cui
1394 1999 1662 2047 potissimum

65 2061 179 2088 meae
207 2050 385 2099 vigilant
414 2050 565 2099 literae,
600 2051 749 2089 deinde
778 2054 873 2090 tuae
896 2052 1130 2090 sanctitatis
1153 2051 1317 2098 iudicio,
1348 2052 1399 2089 ad
1431 2052 1531 2091 haec
1561 2055 1662 2093 recti

66 2105 325 2152 conscientia,
348 2108 557 2154 postremo
578 2107 641 2143 tot
660 2106 894 2155 insignium
914 2106 1101 2144 virorum
1118 2106 1313 2155 suffragio
1325 2106 1466 2156 fretus,
1485 2108 1661 2147 istorum
1682 2123 1721 2154 70

62 2158 239 2197 latratus
257 2173 421 2209 semper
438 2160 615 2209 neglexi.

118 2213 210 2251 Hoc
239 2215 661 2264 quantulumcunque
688 2217 752 2253 est
777 2214 996 2264 ingenium
1022 2214 1149 2252 semel
1179 2215 1346 2253 Christo
1377 2215 1559 2255 dicatum
1583 2221 1656 2256 est.

63 2267 200 2305 Vnius
235 2268 361 2306 huius
403 2268 555 2318 gloriae
600 2269 761 2316 seruiet,
810 2269 963 2307 seruiet
997 2269 1202 2308 Ecclesiae
1242 2270 1463 2318 Romanae,
1508 2272 1660 2310 seruiet

63 2321 270 2360 Ecclesiae
286 2322 483 2372 Principi,
500 2324 741 2372 praesertim
753 2326 894 2362 autem
914 2324 1127 2361 sanctitati
1147 2326 1251 2372 tuae,
1271 2324 1336 2362 cui
1355 2338 1421 2362 me
1437 2326 1658 2375 plusquam

62 2378 199 2414 totum
213 2376 351 2414 debeo.
406 2377 601 2415 Poteram
617 2378 712 2416 aliis
731 2378 988 2427 argumentis
1010 2378 1235 2416 tractandis
1254 2379 1302 2417 ad
1326 2392 1434 2431 opes,
1459 2381 1508 2418 ad
1530 2381 1659 2430 digni·
1679 2387 1718 2419 75

60 2432 167 2469 tates
189 2431 385 2479 prouehi:
416 2432 674 2481 grauissimis
696 2432 873 2471 testibus
897 2433 1040 2470 docere
1066 2445 1234 2481 possum
1264 2447 1412 2474 verum
1440 2448 1528 2472 esse
1551 2435 1658 2484 quod

61 2485 164 2523 dico.
207 2484 299 2523 Hoc
312 2485 475 2524 lucrum
496 2486 602 2524 mihi
613 2487 752 2525 visum
766 2489 828 2525 est
841 2487 1000 2536 potius3
1024 2487 1181 2525 Christi
1194 2488 1349 2537 gloriae
1361 2489 1513 2528 seruire
1528 2489 1658 2528 malui

61 2551 184 2588 quam
199 2552 323 2577 meae.
368 2540 540 2590 Semper
555 2554 579 2579 a
598 2554 725 2590 puero
746 2541 852 2579 mihi
866 2554 937 2578 0111
940 2556 985 2578 10
1002 2541 1082 2578 luit
1102 2555 1154 2579 ne
1168 2542 1265 2591 quid
1280 2545 1377 2582 aut
1367 2543 1495 2593 impie
1511 2543 1657 2582 scribe-

61 2606 149 2631 rem
175 2596 246 2632 aut
262 2607 406 2643 spurce
432 2597 503 2632 aut
523 2594 727 2634 seditiose.
787 2595 903 2643 Quod
925 2596 959 2633 si
982 2596 1080 2644 quid
1103 2597 1229 2634 etiam
1255 2598 1355 2636 olim
1380 2611 1452 2660 per
1477 2600 1657 2636 aetatem

61 2646 254 2686 licentius
275 2648 545 2697 effutiuimus,
568 2649 675 2688 hanc
703 2651 812 2688 certe
838 2652 1013 2688 aetatem
1040 2650 1148 2688 nihil
1177 2651 1292 2689 decet
1320 2653 1401 2691 nisi
1428 2653 1584 2690 001111111
1611 2666 1656 2691 ac
1675 2661 1715 2690 80

61 2704 263 2741 sanctum.
305 2702 458 2741 Nullus
471 2703 604 2742 adhuc
621 2704 726 2742 111010
737 2704 904 2753 scriptis
924 2704 1057 2742 factus
1072 2707 1132 2743 est
1146 2705 1213 2743 vel
1226 2706 1311 2755 pilo
1328 2708 1496 2757 nigrior,
1514 2706 1658 2745 nullus

537 2794 589 2823 43.
617 2785 724 2823 agant
739 2786 789 2814 E:
814 2785 952 2823 ragunt
969 2786 1174 2816 scribentum.

101 2906 153 2935 37.
180 2896 402 2938 linguarum]
421 2897 471 2929 Cf.
493 2898 554 2937 Ep.
575 2908 652 2938 934.
668 2909 728 2938 311.
885 2900 961 2938 967.
998 2900 1112 2938 181—5.
1164 2901 1333 2933 Erasmus
1364 2913 1435 2934 was
1466 2902 1650 2933 (loubtless

99 2950 151 2979 47.
178 2940 414 2982 Praetexunt]
431 2941 596 2982 Cf.Verg.
611 2946 687 2973 Aen.
698 2954 727 2981 4.
747 2953 818 2981 172.
890 2942 1072 2983 thinking,
1092 2947 1158 2981 too,
1182 2946 1219 2975 of
1240 2946 1302 2976 tho
1328 2946 1649 2985 unacknowledged

101 2984 153 3015 80.
180 2983 363 3024 licentius]
404 2985 446 3016 In
491 2987 552 3016 the
594 2988 698 3016 Moria
736 2987 813 3026 (Ep.
888 2987 1087 3026 Iulius-(Ep.
1104 2989 1193 3028 502).
1241 2990 1390 3020 Seealso
1402 2991 1465 3029 Ep.
1483 3000 1576 3029 1195.
1594 3000 1659 3028 4n,

56 3028 158 3068 222);
182 3028 224 3058 cf.
243 3027 315 3058 also
340 3027 425 3068 Epp.
443 3031 518 3060 622.
535 3039 629 3068 21-2,
648 3030 723 3069 636.
742 3040 816 3069 4-5,
932 3030 985 3061 81.
1012 3031 1161 3072 nigrior]
1190 3033 1241 3063 Cf.
1273 3034 1359 3072 Epp.
1388 3043 1462 3072 337.
1494 3043 1535 3072 59
1564 3044 1651 3072 seqq
