1990 3353
238 430 276 461 15

237 702 278 725 20

236 1248 279 1278 30

236 1515 275 1546 35

236 1787 279 1819 40

237 2059 277 2090 45

238 2332 280 2363 50

297 146 377 184 310
762 144 1013 182 LETTERS
1052 143 1121 181 OF
1159 142 1426 181 ERASMUS
1768 139 1898 195 [1520

296 265 430 292 vnum
461 253 624 303 egregie
652 252 865 299 stolidum,
891 252 1016 290 habet
1047 251 1309 291 Standicium
1337 251 1483 289 multis
1505 251 1642 290 titulis
1670 251 1892 301 insignem,

296 308 480 356 primum
501 306 755 353 Minor-itam,
778 306 927 345 deinde
945 306 1198 356 theologum,
1216 308 1427 356 postremo
1447 306 1687 356 episcopum
1705 320 1714 354 3
1743 306 1896 344 horum

297 361 476 400 duorum
506 362 704 411 suffragio
735 362 958 399 contentus
990 363 1063 399 est.
1122 360 1303 399 Abbatis
1337 373 1490 398 nomen
1524 361 1658 399 adhuc
1689 359 1892 398 silebitur.

296 415 427 455 Porro
449 415 705 454 Standiciani
725 415 886 465 ingenii
904 417 1075 465 gustum
1094 415 1175 453 tibi
1193 415 1310 453 dabo.
1372 414 1465 452 Non
1485 416 1610 465 cupit,
1633 415 1790 465 opinor,
1808 414 1898 464 ipse

297 470 420 509 celari
439 470 549 520 quod
566 470 732 519 publice
751 483 902 519 magna
921 469 1143 508 hominum
1163 469 1399 507 celebritate
1419 468 1666 518 designauit.

352 524 686 563 Concionabatur
697 524 742 562 in
755 525 969 562 cemiterio
981 524 1069 562 diui
1080 523 1204 562 Pauli
1219 523 1411 561 Londini.
1454 523 1644 573 Cumque
1659 535 1896 561 sermonem

297 591 467 617 exorsus
499 582 607 617 esset
639 592 663 617 a
691 578 901 626 charitate,
933 579 1070 617 subito
1099 578 1272 627 pudoris
1298 578 1437 616 omnis
1463 578 1591 616 simul
1617 581 1658 616 et
1681 577 1898 616 charitatis

296 632 466 681 oblitus,
506 633 641 683 coepit
679 633 918 672 debacchari
956 632 999 671 in
1039 645 1193 670 nomen
1233 645 1278 670 ac
1315 633 1471 670 famam
1518 646 1678 680 meam3
1721 633 1898 670 testatus

296 687 519 725 imminere
539 687 800 727 Christianae
820 688 1034 737 religionis
1052 687 1312 736 παι«ὀλεθρίαν,
1336 687 1418 724 nisi
1436 700 1570 725 nouae
1599 686 1897 726 translationes

297 755 444 780 omnes
463 741 600 780 subito
621 742 670 780 de
691 742 829 781 medio
848 743 1107 780 tollerentur.
1167 741 1344 791 Negauit
1360 754 1449 779 rem
1465 741 1624 780 diutius
1644 741 1744 779 ferri
1763 753 1894 790 posse,

295 798 567 846 posteaquam
612 797 813 835 Erasmus
860 810 984 835 ausus
1028 798 1135 835 esset
1177 809 1440 844 corrumpere
1484 795 1762 846 Euangelium
1807 794 1899 833 diui

296 851 494 897 Ioannis3
537 851 619 901 qui,
653 864 750 889 cum
780 851 963 889 Ecclesia
1000 852 1062 889 tot
1099 850 1222 888 annis
1250 851 1419 899 legisset
1460 850 1534 888 ‘In
1567 850 1774 900 principio
1807 850 1896 887 erat

295 905 472 944 verbum
485 905 507 953 ²,
522 919 633 944 nunc
652 918 807 944 nouam
825 905 1047 944 lectionem
1059 905 1282 952 induceret,
1309 908 1318 923 ⁴
1332 904 1384 942 In
1400 905 1603 955 principio
1619 908 1705 943 erat
1720 916 1856 942 sermo
1870 902 1892 941 ⁹.

296 959 378 998 Hic
398 960 665 998 existimabat
686 960 765 998 sibi
785 960 929 998 datum
951 972 1039 998 esse
1058 959 1192 997 telum
1213 959 1322 1008 quod
1344 960 1460 997 nullo
1481 962 1599 1009 pacto
1623 958 1730 997 mihi
1752 957 1895 996 liceret

296 1014 492 1064 effugere.
551 1014 743 1053 Addebat
755 1014 1046 1064 Augustinum
1062 1013 1214 1052 alicubi
1231 1013 1364 1063 magis
1378 1014 1552 1063 probare
1568 1027 1712 1053 vocem
1730 1011 1872 1051 ‘verbi
1884 1012 1895 1027 '

295 1081 420 1117 quam
454 1068 648 1107 ‘rationis
664 1069 683 1117 ⁹,
715 1072 756 1106 et
787 1069 970 1106 rationes
998 1069 1200 1107 adducere
1225 1081 1298 1106 cur
1323 1068 1383 1106 ita
1405 1069 1580 1108 sentiat:
1613 1070 1781 1106 ‘verum
1806 1065 1898 1104 eas’

296 1123 433 1172 inquit
457 1124 465 1140 ‘
482 1123 666 1161 rationes
685 1123 914 1161 Graeculus
935 1123 1013 1161 iste
1033 1136 1119 1161 non
1140 1122 1342 1172 intelligit
1356 1123 1376 1160 ³.

350 1177 404 1215 In
419 1177 526 1215 hanc
542 1178 795 1215 sententiam
813 1191 907 1215 cum
924 1177 1058 1215 multa
1073 1177 1223 1215 stolida
1239 1179 1280 1215 et
1293 1178 1575 1225 ἀπροσδιόνυσα
1587 1176 1896 1223 deblaterasset,

296 1231 429 1281 coepit
454 1232 579 1270 homo
608 1232 811 1270 facundus
839 1245 1007 1270 mouere
1027 1232 1221 1275 (affectus,
1251 1232 1464 1282 deplorare
1493 1235 1649 1271 sortem
1678 1243 1807 1279 suam,
1840 1242 1897 1277 se,

296 1299 392 1324 cum
431 1288 538 1324 esset
576 1288 639 1324 tot
676 1299 883 1325 annorum
922 1287 1074 1333 doctor,
1117 1289 1159 1325 et
1193 1287 1393 1325 hactenus
1423 1300 1588 1337 semper
1617 1286 1785 1335 legisset
1820 1284 1898 1322 ‘In

294 1339 501 1390 principio
538 1343 626 1379 erat
661 1341 836 1379 verbum
852 1341 870 1387 ³,
912 1354 1026 1379 nunc
1064 1341 1145 1379 huc
1182 1341 1325 1390 redigi,
1358 1344 1406 1380 vt
1443 1344 1613 1391 cogatur
1649 1341 1785 1390 legere
1822 1339 1898 1376 ‘In

295 1395 498 1444 principio
518 1398 606 1433 erat
626 1395 812 1443 sermo';
841 1397 1055 1446 suspicans
1081 1396 1165 1434 fore
1194 1397 1239 1434 vt
1263 1395 1338 1434 hac
1365 1397 1451 1434 tam
1480 1396 1610 1434 fiebili
1638 1393 1898 1445 querimonia

295 1449 533 1498 lachrymas
552 1451 760 1488 excuteret
778 1450 942 1499 populo.
1002 1451 1098 1488 Mox
1118 1450 1283 1500 magnis
1302 1450 1649 1489 obtestationibus
1668 1447 1899 1487 obsecrauit

296 1503 412 1541 vrbis
431 1503 850 1542 Praefectum—nam
871 1505 908 1542 is
938 1518 986 1542 ex
1012 1518 1127 1542 more
1153 1505 1356 1550 aderat-,
1380 1505 1650 1555 magistratus
1675 1502 1839 1541 omneis
1857 1504 1898 1540 et

296 1557 535 1596 vniuersam
584 1558 740 1596 ciuium
780 1559 1108 1605 multitudinem,
1157 1559 1350 1597 adessent
1399 1560 1442 1597 in
1489 1561 1606 1597 tanto
1654 1557 1899 1596 discrimine

297 1611 490 1662 religioni
518 1612 790 1651 Christianae.
848 1613 1052 1651 Credebat
1080 1627 1123 1651 se
1152 1613 1357 1651 diuinitus
1381 1614 1528 1662 dicere,
1559 1616 1600 1652 et
1627 1615 1768 1651 tamen
1788 1611 1899 1649 nulli

297 1666 462 1715 placuit.
523 1667 733 1717 Quotquot
768 1668 938 1706 aderant
969 1668 1036 1707 vel
1075 1667 1343 1706 mediocriter
1379 1668 1544 1716 eruditi,
1586 1665 1898 1706 demirabantur

297 1721 484 1759 hominis
503 1721 733 1760 stulticiam
751 1736 760 1769 3
789 1735 810 1760 e
828 1723 954 1772 vulgo
974 1721 1126 1772 quibus
1147 1724 1232 1760 erat
1253 1722 1468 1772 ingenium
1482 1723 1688 1770 festinius,
1706 1719 1898 1758 ridebant

298 1774 412 1814 illius
446 1788 590 1826 nugaS,
626 1775 734 1814 nihil
768 1777 817 1814 ad
849 1777 993 1814 thema
1023 1777 1281 1826 propositum
1312 1777 1600 1826 pertinentes3
1643 1775 1715 1826 qui
1750 1777 1899 1813 natura

299 1831 418 1867 erant
438 1830 678 1878 seuerior-es,
701 1830 1029 1880 indignabantur
1047 1831 1155 1881 quod
1182 1830 1337 1869 talibus
1364 1831 1681 1870 blateramentis
1703 1830 1899 1879 impleret

297 1896 416 1922 aures
435 1884 577 1933 plebis,
602 1885 737 1922 multo
758 1885 870 1923 aliud
889 1888 1163 1935 expectantes.

352 1937 508 1976 Euenit
533 1943 578 1976 vt
603 1940 760 1987 eodem,
791 1940 951 1988 opinor,
979 1940 1044 1978 die
1075 1940 1298 1989 pranderet
1321 1941 1366 1978 in
1396 1941 1489 1978 aula
1516 1940 1638 1990 regia.
1701 1939 1750 1977 Id
1772 1938 1899 1977 simul

297 1994 422 2042 atque
442 1996 664 2032 senserunt
685 1995 766 2032 duo
787 1995 1192 2044 quidam—-quorum
1205 1994 1311 2033 alter
1324 1995 1487 2034 coelebs
1507 1999 1580 2042 est,
1603 1998 1643 2033 et
1664 1995 1724 2033 sic
1743 1993 1901 2042 lingua-

299 2059 392 2084 rum
413 2047 543 2085 trium
563 2061 609 2086 ac
629 2048 782 2086 veteris
802 2049 1013 2087 doctrinae
1032 2062 1200 2098 gnarus,
1225 2051 1270 2087 vt
1291 2050 1335 2087 in
1356 2050 1529 2088 Scoticis
1549 2049 1722 2099 argutiis
1737 2047 1897 2086 nemini

299 2101 414 2139 cedat
449 2115 593 2140 eorum
628 2102 700 2152 qui
729 2102 838 2140 nihil
867 2103 980 2141 aliud
1012 2103 1242 2141 didicerunt
1268 2106 1339 2142 aut
1366 2106 1546 2142 tractant
1575 2104 1620 2142 in
1646 2103 1762 2142 omni
1787 2103 1900 2148 vita;

299 2155 404 2193 alter
422 2156 671 2205 coniugatus
690 2159 762 2205 est,
787 2157 857 2195 sed
878 2158 1048 2207 ingenio
1069 2157 1245 2206 coelesti,
1269 2158 1426 2197 aulicus
1445 2160 1682 2208 vte1·que—,
1708 2156 1900 2207 protinus

298 2210 549 2249 accumbunt
582 2212 627 2248 in
667 2212 811 2249 eadem
850 2225 1005 2259 mensa,
1043 2212 1154 2250 haud
1185 2212 1287 2250 satis
1320 2214 1525 2251 commodi
1556 2213 1901 2251 commessatores

300 2264 523 2303 Standicio.
584 2265 767 2304 Nomina
787 2266 1022 2305 silebuntur
1048 2267 1097 2304 ad
1125 2269 1304 2316 tempus.
1363 2267 1573 2305 Continuo
1598 2280 1651 2305 ne
1675 2266 1774 2317 quid
1798 2267 1900 2303 tem-

299 2318 411 2367 poris
429 2319 592 2368 periret,
616 2320 675 2357 sic
696 2320 909 2370 ingressus
929 2324 990 2359 est
1003 2321 1129 2360 alter:
1161 2322 1170 2339 ‘
1185 2321 1292 2359 Mihi
1306 2322 1612 2371 periucundum
1627 2323 1692 2360 est
1707 2319 1814 2370 quod
1829 2322 1901 2358 tua

799 2441 852 2470 29.
880 2431 995 2462 multa
1010 2434 1038 2461 F
1052 2433 1166 2470 Corriy.
1181 2442 1187 2462 :
1212 2431 1328 2462 inulto
1345 2433 1380 2463 F.

345 2524 392 2546 12.
420 2516 608 2557 stolidum]
628 2517 678 2548 Cf.
700 2518 763 2557 Ep.
787 2528 879 2557 1113.
909 2528 965 2558 711.

385 2559 628 2601 Standicium]
648 2561 711 2591 See
729 2562 793 2600 Ep.
810 2563 886 2593 608.
908 2571 983 2600 1411.

346 2612 393 2641 17.
420 2603 725 2646 concionabatur]
755 2605 842 2637 This
867 2606 1010 2645 episode
1034 2607 1065 2636 is

298 2645 371 2675 also
388 2646 525 2678 related
539 2648 578 2678 in
591 2648 654 2678 the
671 2651 762 2685 Apol.
780 2652 815 2679 cle
832 2650 839 2664 ‘
853 2652 896 2680 In
906 2652 1065 2688 principio

297 2693 364 2719 erat
393 2699 490 2720 sermo
504 2690 522 2730 '‚
558 2691 638 2721 Feb.
673 2702 757 2730 1520
790 2693 836 2732 (p.
876 2695 964 2732 194).
1028 2694 1065 2724 It

299 2735 398 2763 must
414 2734 456 2764 be
472 2734 580 2765 dated
604 2735 766 2766 between
791 2737 852 2767 the
876 2736 1008 2768 arrival
1026 2738 1062 2767 in

300 2776 468 2816 England
499 2778 538 2808 of
571 2779 633 2809 the
662 2779 750 2809 New
786 2780 992 2811 Testament
1030 2780 1069 2811 of

299 2820 423 2851 March
449 2830 543 2861 1519,
570 2822 609 2852 in
634 2822 755 2853 which
781 2824 842 2854 the
866 2823 1004 2864 change
1028 2825 1066 2854 to

298 2873 396 2894 sermo
422 2874 496 2894 was
520 2865 635 2905 made,
661 2866 733 2896 and
756 2867 818 2897 the
842 2867 1064 2906 publication

301 2909 339 2937 of
352 2907 413 2938 tho
429 2909 592 2947 Apologia.

345 2952 397 2982 26.
423 2952 684 2993 Augustinum]
702 2955 783 2984 Trin.
802 2962 850 2992 15.
867 2954 926 2984 16:
944 2954 1064 2985 where

300 2993 363 3025 the
380 2995 479 3026 word
495 2995 526 3026 is
540 2999 687 3035 coyitatio,
706 2998 768 3027 not
784 3000 875 3029 ratio.

344 3047 399 3077 35.
425 3038 665 3080 Praefectum]
694 3039 769 3070 The
795 3040 871 3071 lord
891 3051 1014 3080 mayor
1030 3042 1069 3072 of

1134 2520 1283 2550 London
1302 2521 1340 2550 in
1358 2520 1420 2551 tho
1441 2531 1526 2560 year
1550 2521 1745 2562 beginning
1766 2531 1788 2560 9
1812 2521 1898 2553 Nov-

1137 2564 1304 2602 1518—in
1350 2565 1471 2595 which
1516 2565 1591 2596 this
1635 2565 1778 2606 episode
1816 2573 1900 2604 may

1134 2607 1306 2648 probably
1329 2608 1371 2638 be
1394 2608 1517 2648 placed
1543 2610 1600 2649 (cf.
1618 2608 1641 2640 1.
1665 2609 1804 2649 17n)—-,
1827 2618 1901 2640 was

1134 2651 1192 2681 Sir
1207 2650 1227 2681 J
1231 2661 1327 2682 ames
1344 2651 1507 2683 Yarford.

1176 2704 1228 2733 44.
1257 2695 1407 2736 coelebs]
1463 2695 1641 2736 Probably
1701 2695 1897 2735 Stokesley‚

1134 2737 1261 2778 Henry
1291 2737 1389 2769 vxn’s
1417 2739 1585 2779 chaplain
1622 2739 1694 2770 and
1725 2739 1899 2778 almoner,

1135 2782 1214 2812 who
1238 2782 1269 2812 is
1292 2782 1476 2814 described
1501 2783 1539 2814 in
1562 2783 1703 2814 similar
1726 2782 1901 2823 language

1135 2834 1173 2855 111
1192 2825 1255 2865 Ep.
1275 2827 1351 2865 855.
1369 2836 1466 2865 43—5.
1824 2869 1830 2875 ἠ

1177 2878 1228 2907 47.
1256 2869 1484 2912 coniugatus]
1539 2870 1615 2901 The
1662 2869 1901 2909 descriptions

1133 2912 1238 2951 given
1256 2913 1341 2944 here
1358 2914 1430 2945 and
1448 2914 1487 2944 111
1508 2914 1545 2945 ll.
1570 2915 1673 2952 106-7
1698 2922 1799 2952 agree
1816 2912 1899 2943 well

1134 2955 1224 2986 with
1250 2956 1358 2996 More,
1386 2959 1469 2988 who
1493 2967 1566 2989 was
1593 2967 1674 2988 now
1701 2959 1737 2988 at
1768 2956 1901 2995 Court;

1134 2999 1175 3030 cf.
1197 3000 1259 3039 Ep.
1276 3010 1352 3040 999.
1372 3002 1510 3040 217-18.

1177 3052 1230 3081 50.
1256 3044 1362 3085 alter]
1381 3044 1477 3075 More
1494 3055 1501 3083 ;
1525 3045 1569 3076 cf.
1587 3044 1607 3075 l.
1629 3054 1679 3083 72.
