1990 3353
231 251 293 282 280

231 523 290 565 285

232 811 294 843 ²90

234 1078 294 1110 295

234 1350 298 1381 300

236 1623 298 1654 305

234 1895 298 1926 310

235 2166 298 2196 315

237 2439 300 2470 320

310 86 392 124 470
777 85 1029 124 LETTERS
1068 85 1139 124 OF
1176 85 1442 124 ERAsMUs
1786 83 1906 137 [1521

311 208 480 234 suasum
500 195 671 242 habens,
696 207 800 244 quae
819 193 979 232 faciunt
1003 193 1085 242 isti,
1109 194 1266 244 optimo
1293 194 1440 243 cuique
1466 194 1553 233 eius
1580 195 1736 233 ordinis
1760 195 1912 244 impro-

312 250 412 288 bari.
475 249 529 287 Et
558 252 700 287 tamen
726 248 768 286 id
798 248 956 286 faciunt
983 250 1070 286 tam
1100 248 1226 286 multi
1253 251 1419 298 tamque
1452 248 1635 298 impune,
1668 251 1714 287 vt
1748 248 1913 286 homini

312 303 540 353 suspicioso
569 302 702 341 videri
734 302 896 351 possint
930 315 1147 352 procerum
1181 303 1298 340 iussu
1330 303 1461 340 facere
1492 303 1601 352 quod
1632 303 1799 341 faciunt.
1859 303 1913 341 Et

312 361 406 408 post
436 358 535 396 haec
563 370 631 395 me
659 357 784 406 fingis
810 357 976 394 hostem
1006 356 1174 405 ordinis,
1208 358 1279 406 qui
1307 357 1445 395 verius
1473 357 1534 394 illi
1564 358 1681 396 faueo
1711 370 1834 406 quarn
1865 360 1912 394 tu

312 425 407 451 cum
429 413 512 450 tuis
531 411 773 450 sodalibus?
828 412 900 448 An
924 411 1117 460 protinus
1137 411 1410 449 vindicaueris
1437 412 1638 449 honorem
1665 411 1802 449 ordini
1827 413 1910 457 tuo,

312 467 347 504 si
367 480 432 504 me
453 466 747 512 dehonestaris,
767 467 839 503 aut
858 465 980 503 illum
1001 466 1220 503 candidum
1241 465 1398 513 feceris,
1417 465 1452 503 si
1467 478 1535 503 me
1554 466 1696 504 feceris
1716 465 1881 515 nigrum
1894 466 1915 503 ‘?

313 521 357 558 Si
387 534 482 558 vere
515 520 658 558 studes
689 519 877 558 ordinem
907 522 1030 558 tuum
1061 521 1353 558 commendare
1385 520 1506 558 bonis
1538 519 1744 567 omnibus,
1776 520 1840 557 fac
1868 521 1915 557 vt

313 575 476 612 easdem
511 574 627 612 dotes
660 576 832 612 renouet
865 573 1016 624 quibus
1050 574 1153 612 olim
1187 576 1229 611 et
1263 576 1385 612 natus
1417 576 1481 612 est
1515 576 1556 611 et
1589 575 1839 624 propagatus
1873 576 1914 611 et

315 629 633 668 commendatus
660 628 773 667 orbi:
803 628 913 666 vitae
940 628 1233 678 integritatem,
1263 628 1583 667 sanctimoniam
1610 641 1694 667 non
1719 629 1912 674 fucatam,

314 684 602 732 contemptum
630 682 790 731 mundi,
814 682 1046 721 doctrinam
1072 682 1382 732 Euangelicam,
1408 683 1774 721 mansuetudinem
1801 682 1915 721 Chri-

315 740 503 776 stianam.
570 737 683 776 Haec
704 736 957 775 sectantibus
975 737 1187 785 fauebunt,
1207 737 1471 786 applaudent,
1489 737 1593 775 bene
1613 736 1916 775 ominabuntur

315 805 470 830 omnes.
518 792 639 830 Nunc
655 805 758 842 quae
779 791 978 829 dedecora
998 791 1174 830 subinde
1194 804 1303 829 noua
1322 792 1448 841 vulgo
1468 793 1690 830 narrantur
1709 791 1759 829 de
1774 790 1915 828 vobis!

316 846 427 894 Quas
446 847 600 896 passim
621 846 814 884 audimus
831 846 1031 895 querelas,
1051 859 1154 894 quae
1174 846 1355 895 flagitia!
1386 859 1487 896 quae
1503 846 1666 884 vtinam
1686 848 1757 883 aut
1777 847 1917 883 essent

315 902 410 939 ficta
430 903 501 938 aut
520 902 631 939 certe
650 904 836 939 carerent
856 900 958 938 fide!

369 955 499 993 Porro
529 968 654 1004 quam
684 968 768 993 non
797 955 988 992 studeam
1017 953 1172 992 ordinis
1200 954 1328 992 vllius
1358 954 1553 993 infamiae
1576 954 1644 992 vel
1672 954 1771 992 hinc
1800 955 1918 1003 potes

315 1009 558 1059 intelligere.
617 1010 793 1047 Atroces
826 1009 907 1046 iras
945 1009 990 1046 in
1024 1021 1098 1046 vos
1132 1011 1372 1057 conceperat
1409 1009 1589 1047 eximius
1625 1009 1695 1046 ille
1727 1008 1917 1058 princeps

317 1064 599 1112 Hermannus,
633 1076 770 1102 comes
798 1077 822 1101 a
852 1063 970 1101 Noua
997 1063 1146 1112 aquila,
1175 1063 1284 1112 quod
1321 1065 1483 1112 praeter
1510 1063 1709 1101 meritum
1739 1065 1917 1100 attactus

315 1120 424 1156 esset
450 1118 584 1156 literis
612 1117 754 1156 Iacobi
783 1117 1062 1155 Hoechstrati.
1124 1117 1243 1165 Quod
1272 1117 1307 1155 si
1332 1117 1397 1154 vir
1424 1117 1496 1155 ille
1524 1117 1772 1167 perstitisset
1799 1117 1842 1154 in
1872 1129 1919 1154 eo

317 1186 396 1222 quo
417 1174 604 1221 coeperat
623 1173 774 1219 animo,
791 1185 855 1209 res
867 1171 1086 1210 videbatur
1102 1171 1211 1209 haud
1231 1172 1427 1209 mediocri
1445 1185 1540 1209 cum
1561 1171 1743 1221 periculo
1763 1170 1920 1209 ordinis

316 1227 442 1264 vestri
476 1227 707 1264 coniuncta.
776 1226 862 1276 Ego
895 1225 1028 1263 literis
1062 1239 1147 1264 non
1180 1226 1450 1276 indiligenter
1482 1226 1646 1276 scriptis
1677 1226 1918 1275 persuadere

316 1283 489 1320 conatus
507 1294 603 1319 sum
624 1281 755 1319 amico
770 1284 816 1319 vt
837 1293 929 1318 eam
950 1280 1259 1318 -.ontentionem
1281 1280 1521 1319 remitteret.
1580 1282 1639 1318 At
1658 1280 1730 1318 ille
1752 1279 1920 1329 quidem

317 1349 389 1385 pro
413 1349 487 1374 sua
506 1348 601 1373 vere
628 1348 826 1385 generosa
853 1334 1174 1373 mausuetudine
1204 1335 1378 1373 remisit.
1433 1335 1675 1373 Hel-manus
1696 1334 1916 1382 Buschius,

316 1390 383 1427 vir
412 1391 556 1428 doctus
585 1390 702 1428 iuxta
731 1403 776 1427 ac
804 1389 1017 1435 facundrw,
1049 1389 1248 1427 indicarat
1278 1389 1384 1427 mihi
1414 1390 1492 1427 sibi
1523 1403 1611 1427 esse
1643 1389 1687 1426 in
1722 1389 1917 1426 manibus

318 1457 431 1493 opus,
466 1444 576 1494 quod
605 1458 653 1482 ex
682 1444 774 1494 ipso
803 1443 926 1482 titulo
956 1444 1233 1482 coniectabam
1262 1445 1351 1482 fore
1380 1457 1466 1482 non
1496 1457 1643 1493 parum
1672 1442 1845 1481 mordax
1874 1443 1919 1480 in

318 1499 505 1536 ordinem
525 1500 724 1537 vestrum.
777 1498 856 1548 Egi
876 1497 1097 1548 diligenter
1117 1511 1212 1536 cum
1233 1498 1403 1536 homine
1418 1500 1463 1537 vt
1481 1500 1659 1536 verteret
1680 1496 1915 1543 consilium,

318 1556 358 1590 et
378 1553 478 1591 exiit
498 1566 610 1602 opus,
629 1553 700 1591 sed
721 1555 926 1590 retextum
947 1566 992 1590 ac
1013 1552 1148 1590 multo
1167 1553 1433 1599 moderatius,
1449 1555 1610 1590 mutato
1629 1551 1756 1590 etiam
1777 1551 1915 1589 titulo,

319 1608 395 1645 Est
428 1607 533 1646 alter
566 1607 735 1656 quidam
770 1620 816 1644 ea
853 1607 1046 1645 facundia
1084 1620 1210 1656 eaque
1248 1607 1449 1645 doctrina
1472 1607 1683 1656 praeditus
1714 1608 1760 1644 vt
1798 1606 1920 1656 plane

318 1662 530 1700 victurum
565 1675 787 1711 augurarer
820 1661 1016 1711 quicquid
1051 1662 1281 1710 scripturus
1312 1663 1430 1699 esset.
1506 1661 1551 1698 Is
1583 1673 1798 1710 aggressus
1833 1662 1920 1698 erat

322 1716 654 1754 Praedicator-um
676 1718 715 1754 et
737 1716 1055 1754 Carmelitarum
1075 1715 1256 1764 insignia
1280 1715 1477 1753 dedecora
1502 1715 1548 1753 in
1575 1715 1715 1752 literas
1741 1716 1917 1752 mittere.

318 1770 412 1808 Non
427 1771 648 1820 conquieui
662 1771 791 1808 donec
803 1769 1018 1808 hominem
1032 1769 1279 1807 abducerem
1292 1784 1314 1807 a
1327 1765 1543 1816 sententia,
1561 1769 1714 1819 partim
1727 1769 1918 1818 iniquum

319 1838 406 1862 esse
427 1824 581 1863 ducens
602 1825 752 1862 horum
772 1827 845 1862 aut
861 1825 1031 1862 illorum
1047 1823 1268 1862 commissa
1284 1825 1325 1861 in
1343 1825 1498 1861 ordinis
1513 1824 1731 1861 infamiam
1746 1826 1916 1870 vertere,

317 1879 471 1928 partim
491 1879 642 1917 inutile
664 1879 851 1917 iudica-ns
877 1879 913 1916 si
938 1879 1121 1916 mundus
1147 1879 1303 1916 talibus
1329 1878 1481 1916 fabulis
1508 1878 1753 1916 inficeretur.
1813 1877 1920 1916 Sunt

319 1934 431 1971 enim
466 1933 667 1983 quaedam
700 1933 856 1983 flagitia
888 1946 991 1982 quae
1024 1936 1163 1971 tutum
1199 1946 1283 1970 non
1317 1933 1372 1970 sit
1403 1945 1770 1970 commemorasse:
1810 1931 1919 1980 quod

319 2001 449 2036 genus
478 1991 578 2026 sunt
606 1989 866 2037 prodigiosae
894 1987 1120 2025 libidinum
1149 1987 1315 2033 formae,
1348 1987 1671 2034 incantamenta,
1703 1986 1916 2033 veneficia,

319 2042 540 2092 sortilegia,
580 2043 740 2092 aliaque
778 2041 820 2079 id
859 2055 1001 2091 genus,
1043 2055 1146 2091 quae
1185 2041 1309 2079 vestri
1352 2054 1654 2091 nonnunquam
1694 2054 1715 2078 e
1753 2040 1920 2078 secretis

320 2096 650 2134 confessionibus
681 2097 859 2140 discunt,
889 2096 1057 2146 quidam
1084 2095 1212 2133 etiam
1241 2096 1475 2134 imitantur.

373 2150 510 2199 Vides,
544 2151 603 2188 mi
632 2150 839 2199 Vincenti,
873 2164 995 2200 quam
1029 2163 1168 2199 geram
1204 2150 1401 2188 hostilem
1435 2150 1624 2187 animum
1655 2149 1700 2186 in
1730 2149 1917 2187 ordinem

319 2207 451 2243 tuum.
512 2206 570 2243 At
590 2205 762 2243 fortasse
782 2205 1014 2243 causaberis
1032 2205 1131 2242 haec
1151 2217 1237 2242 esse
1258 2205 1456 2250 conficta;
1485 2203 1570 2241 imo
1597 2205 1819 2253 supersunt
1847 2203 1919 2251 qui

320 2272 386 2297 me
408 2259 611 2298 refellant.
671 2260 725 2297 Et
745 2260 962 2308 posteritas
982 2259 1189 2308 intelliget
1208 2271 1276 2296 me
1296 2259 1438 2296 minus
1458 2271 1556 2295 vero
1577 2258 1721 2305 dicere,
1745 2257 1920 2306 proditis

319 2314 504 2363 epistolis
525 2327 626 2363 quas
648 2327 759 2351 nunc
780 2314 942 2351 coelant
960 2313 1093 2351 amici.
1147 2313 1225 2351 Sed
1247 2313 1428 2362 quereris
1447 2325 1578 2350 vnum
1598 2314 1721 2361 atque
1741 2311 1919 2349 alterum

320 2368 498 2407 resilisse
525 2369 575 2405 ab
601 2368 798 2406 instituto
820 2371 956 2406 vestro
985 2367 1036 2405 ob
1065 2367 1286 2404 lectionem
1315 2367 1518 2404 librorum
1545 2379 1746 2413 meorum,
1771 2378 1920 2414 eosque

319 2422 421 2460 bene
442 2425 692 2460 nummatos.
750 2424 820 2460 An
840 2422 978 2460 isthuc
997 2434 1143 2459 verum
1165 2422 1218 2459 sit
1238 2421 1389 2459 nescio.
1448 2421 1650 2459 Fortassis
1669 2420 1732 2458 illi
1751 2420 1920 2469 propius

321 2476 590 2525 contemplati
610 2477 740 2515 vitam
768 2477 1042 2525 quorundam,
1066 2479 1224 2513 vertere
1250 2475 1513 2523 sententiam,
1540 2475 1921 2512 animaduertentes

365 2575 440 2605 280.
466 2576 539 2604 tam
557 2572 647 2603 FN2:
671 2584 728 2604 0552.
748 2572 806 2603 Ν13
939 2582 1013 2612 291.
1041 2583 1131 2612 quae
1148 2572 1283 2611 flagitia
1299 2575 1372 2603 add.
1391 2575 1431 2603 H.
1554 2582 1627 2612 295.
1650 2571 1742 2603 FN2:
1769 2572 1920 2602 Herma-

321 2627 390 2647 nus
406 2616 476 2648 3⁷¹³.
587 2619 661 2656 296.
691 2617 958 2648 H‹z›cl1st1·atiN.
1080 2626 1154 2654 300.
1179 2616 1269 2647 FX3:
1297 2616 1504 2647 Hermanus
1519 2616 1577 2648 X2.
1689 2626 1763 2655 309.
1788 2616 1920 2646 ducens

320 2663 349 2690 F
364 2663 476 2699 Com-[y.
495 2672 502 2691 :
527 2661 658 2691 docens
674 2664 711 2690 F.
845 2671 920 2699 3¹5·
946 2660 1116 2690 Vincenti
1133 2663 1180 2690 F:
1205 2660 1388 2690 Vueentae
1404 2663 1433 2690 F
1448 2662 1560 2698 Com-iq.
1579 2671 1587 2690 t
1611 2659 1772 2690 Bucenta
1789 2661 1830 2690 Η.

365 2764 438 2794 295.
466 2754 711 2793 Hcrnmnnus]
735 2753 788 2786 Cf.
805 2753 891 2794 Epp.
918 2754 993 2784 808.
1011 2763 1089 2792 5-9‚
1158 2753 1238 2786 HE.
1256 2763 1329 2792 333.
1352 2754 1433 2792 §83

320 2798 395 2836 830.
415 2798 479 2836 5—8
496 2808 503 2835 ;
527 2798 598 2828 and
612 2797 682 2828 RE.
700 2807 818 2836 253—5.
1198 2807 1272 2835 305.
1298 2797 1389 2827 alter
1404 2797 1564 2837 quidam]
1582 2796 1739 2836 Perhaps
1756 2796 1897 2826 Hutten
1914 2807 1922 2826 ε

364 2842 437 2880 298.
465 2840 594 2880 literis]
612 2841 680 2871 Not
699 2843 833 2871 extant.
881 2841 951 2871 But
966 2839 1087 2879 cfiEp.
1156 2841 1199 2870 cf.
1231 2841 1293 2879 Ep.
1321 2850 1394 2879 951.
1424 2851 1479 2879 22,
1506 2841 1603 2879 37-8.
1651 2840 1717 2870 For
1743 2840 1921 2870 Erasmus

324 2886 416 2923 ¹078.
439 2886 517 2923 38n.
1159 2885 1326 2914 restraint
1345 2885 1383 2915 os
1400 2884 1475 2914 him
1495 2885 1536 2915 cf.
1555 2885 1619 2923 Ep.
1641 2884 1737 2922 1165.
1753 2893 1833 2914 2211.

364 2938 437 2967 302.
462 2925 566 2969 opus]
578 2927 650 2958 The
664 2927 1088 2966 Vallumlmnvcmitatis(Ep.
1200 2936 1274 2964 310.
1303 2928 1479 2958 librorum
1496 2928 1670 2968 meorum]
1694 2927 1744 2958 Cf.
1763 2926 1826 2966 Ep.
1846 2927 1923 2966 858.

318 2974 384 3009 830
396 2972 565 3012 introd.):
585 2972 626 3002 cs.
640 2975 787 3012 δρομαία,
806 2972 871 3001 LB.
884 2982 914 3002 x.
932 2980 1014 3010 1039
1027 2981 1046 3000 z
1059 2986 1080 2995 ι’
1154 2981 1274 3010 372-5.
