1990 3353
107 135 230 190 1105]
503 135 654 176 FROM
695 134 902 174 PHILIP
943 133 1315 174 ENGENTINUS
1623 133 1703 171 265

158 247 338 287 Interim
368 261 391 286 a
420 248 669 298 quibusdam
698 246 834 296 accepi
863 258 950 283 esse
979 244 1188 294 quendam
1214 244 1298 294 qui,
1323 243 1484 292 egregie
1513 242 1704 281 cordatus

103 303 241 350 homo,
266 303 301 341 si
332 302 412 341 diis
438 302 584 353 placet,
609 303 753 340 contra
778 303 870 339 tuas
897 299 941 338 in
972 299 1141 337 Nouum
1167 298 1484 337 Testamentum
1514 299 1701 335 Annota-

99 357 234 396 tiones
262 357 475 407 ingentem
505 357 659 407 pararit
689 354 832 394 Iliada.
891 353 1024 391 Erant
1053 353 1125 403 qui
1150 365 1316 391 summo
1342 350 1545 390 desiderio
1571 349 1701 389 talem

102 424 320 450 censuram
348 412 561 461 expectare
588 410 849 455 videbantur,
879 410 927 447 vt
953 407 1020 445 vel
1049 420 1096 445 ea
1126 406 1439 445 nomenclatura
1467 405 1702 443 eleuaretur
1723 422 1759 453 25

100 465 146 504 in
175 465 349 504 Erasmo
378 478 567 504 summae
595 463 840 503 eruditionis
869 461 1081 501 autoritas
1140 463 1200 499 At
1227 473 1392 499 rursum
1423 459 1555 510 quite
1584 461 1701 497 extra

100 533 268 559 omnem
289 519 554 570 ingeniorum
570 519 705 558 aleam
719 518 905 568 positum
920 515 1237 563 venerabantur,
1255 515 1300 553 in
1317 515 1393 553 hoc
1408 515 1571 552 tantum
1578 514 1701 552 modo

99 574 325 624 efflagitare
343 587 411 613 eas
431 587 474 612 se
493 586 626 623 nugas
644 572 848 619 dicebant,
870 573 917 610 vt
935 571 1125 609 viderent
1145 582 1271 619 quam
1292 568 1496 607 nouitatis
1522 569 1699 618 speciem

99 628 282 667 camelus
320 628 544 667 Bactriana
581 629 691 667 esset
727 626 919 665 allatura.
990 624 1075 663 Hic
1111 637 1210 662 vero
1247 623 1423 662 eandem
1459 623 1700 661 audiuimus

99 682 361 729 cantilenam,
396 683 629 722 accessione
661 683 805 720 tamen
838 681 947 719 facta
978 679 1147 725 autoris,
1181 678 1253 728 qui
1280 677 1325 716 in
1359 679 1402 716 te
1434 676 1700 727 superciliose
1722 695 1734 705 ἢ

99 736 201 775 talia
231 737 458 776 meditatur
474 752 483 785 ;
518 750 642 787 quem
670 736 713 774 in
749 736 958 786 postrema
995 736 1090 772 tuae
1122 731 1358 782 Fal-raginis
1390 732 1567 781 epistola
1599 732 1700 770 satis

97 791 331 830 luculenter
348 791 596 841 expressisti,
622 790 717 840 (et)
745 789 921 828 amicius
946 787 1203 826 admonuisti
1227 800 1280 825 ne
1306 787 1352 825 in
1381 799 1472 824 eam
1497 786 1698 824 harenam

97 845 328 884 descendat.
389 846 539 885 Statim
560 847 729 896 partum
749 844 880 883 istum
899 841 1207 889 addiuinabam,
1231 854 1318 880 non
1338 840 1409 891 qui
1429 840 1582 879 alicubi
1609 853 1633 878 a
1658 844 1700 879 te

97 899 346 947 dissentiret,
385 900 548 950 quando
587 900 664 938 hoc
703 911 867 948 semper
903 898 1014 936 inter
1049 895 1237 934 eruditos
1274 895 1404 943 licuit,
1441 896 1486 933 vt
1525 894 1697 933 interim

95 953 259 992 homini
278 955 421 1004 ignoto
441 968 533 993 eam
554 954 764 993 doctrinae
782 952 956 1003 gloriam
982 951 1264 990 condonemus
1283 963 1291 997 ;
1320 950 1389 988 sed
1416 948 1699 988 coniecturam
1719 968 1758 999 35

96 1007 271 1047 faciebat
304 1009 404 1047 felix
439 1009 512 1048 illa
545 1007 866 1053 tardidiscentia‚
904 1019 985 1057 qua
1012 1007 1180 1044 tantum
1208 1005 1322 1044 intra
1351 1016 1502 1053 paucos
1534 1016 1700 1042 menses

95 1062 340 1102 Graecitatis
357 1066 397 1102 et
419 1062 658 1102 Hebraismi
678 1061 906 1109 deuorauit‚
930 1063 974 1099 vt
995 1063 1195 1110 tanquam
1216 1059 1265 1098 ad
1291 1058 1485 1098 Lesbiam
1511 1058 1698 1108 regulam

96 1117 233 1155 omnis
262 1131 405 1156 earum
435 1118 651 1156 literarum
680 1130 779 1156 vsus
808 1116 859 1155 ad
889 1116 1001 1154 hunc
1030 1127 1161 1152 vnum
1191 1113 1356 1152 deuolui
1389 1113 1547 1151 debeat.
1609 1113 1699 1161 Qua

94 1171 361 1221 potissimum
391 1172 549 1211 ratione
576 1185 666 1210 eam
693 1171 899 1210 foeturam
926 1169 1048 1209 anxie
1074 1172 1351 1219 expectamus,
1379 1171 1425 1206 vt
1454 1181 1500 1206 ea
1530 1167 1698 1205 nouitas

94 1225 270 1264 mirifice
299 1227 387 1265 suis
414 1227 563 1276 gratiis
591 1239 667 1264 nos
697 1226 899 1272 oblectet;
933 1227 974 1262 et
1000 1223 1187 1262 fortassis
1213 1222 1343 1272 pariet
1369 1222 1477 1272 quod
1507 1235 1619 1260 nunc
1645 1222 1697 1260 ad
1716 1231 1758 1260 40

94 1280 312 1319 biennium
334 1294 418 1319 non
438 1281 528 1319 sine
548 1280 756 1319 laboribus
774 1279 980 1329 parturiit,
1005 1278 1089 1317 nisi
1109 1277 1377 1328 elephantum
1398 1278 1644 1326 conceperit.

147 1334 397 1385 Apologiam
429 1338 571 1374 autem
607 1337 750 1373 contra
787 1334 917 1372 istum
957 1336 1074 1372 tuam
1113 1345 1224 1370 nunc
1261 1331 1403 1370 animo
1441 1331 1692 1381 fingimus—

94 1401 228 1439 neque
248 1390 362 1427 enim
383 1390 463 1428 tibi
483 1390 622 1428 deesse
643 1388 822 1439 poteris:
854 1401 935 1438 qua
954 1388 1013 1426 ita
1037 1386 1323 1426 aduersarium
1349 1385 1552 1433 conficies,
1577 1394 1619 1424 vt
1649 1398 1695 1425 eo

93 1443 203 1482 nihil
223 1456 407 1494 vnquam
426 1444 621 1483 miserius
640 1444 828 1482 futurum
849 1443 998 1481 ducam
1015 1456 1024 1489 ;
1054 1440 1223 1480 habebit
1242 1440 1356 1478 enim
1377 1439 1552 1479 Mai-sias
1573 1453 1696 1478 suum

92 1497 375 1548 Appollinem.
425 1498 673 1549 Quanquam
693 1510 744 1536 ex
763 1496 1028 1536 mediocriter
1046 1495 1132 1534 illis
1151 1494 1326 1533 eruditis
1344 1493 1489 1533 nullus
1509 1507 1694 1544 vnquam
1714 1510 1755 1541 45

93 1551 149 1590 sit
184 1551 336 1601 dignus
374 1552 441 1591 cui
479 1555 526 1591 tu
564 1552 822 1602 respondeas,
863 1551 1093 1590 merebitur
1130 1553 1269 1588 tamen
1311 1549 1390 1587 hoc
1432 1549 1694 1598 quorundam

92 1605 304 1655 colluuies,
340 1606 413 1656 qui
446 1620 497 1645 ex
535 1608 606 1646 tua
643 1606 925 1646 taciturnitate
963 1604 1276 1655 amplissimum
1312 1603 1393 1642 sibi
1431 1603 1696 1653 triumphum

91 1665 323 1710 sperarent:
354 1661 435 1699 scis
454 1662 569 1700 enim
589 1661 709 1712 quale
730 1661 785 1699 sit
802 1661 881 1699 hoc
901 1660 1122 1698 hominum
1144 1672 1285 1709 genus,
1311 1657 1420 1708 quod
1441 1657 1519 1696 sub
1544 1658 1697 1696 eximia

91 1715 309 1765 religionis
341 1715 475 1765 specie
508 1716 775 1766 tyrannidem
808 1718 972 1754 exercet
1004 1713 1445 1764 impudentissimam3
1483 1714 1695 1762 vtcunque

90 1770 312 1818 ferendam,
337 1770 418 1808 nisi
437 1770 483 1809 in
502 1770 632 1809 bonas
652 1783 814 1820 quoque
832 1769 975 1808 literas
995 1768 1325 1807 debaccharetur.
1369 1766 1468 1805 Tale
1487 1767 1695 1817 quoddam
1715 1781 1757 1813 50

89 1827 331 1874 portentum
359 1837 492 1875 nuper
518 1826 569 1863 ad
595 1825 763 1875 plebem
789 1825 935 1863 rudere
965 1822 1219 1870 audiuimus,
1243 1835 1326 1860 non
1354 1821 1444 1860 sine
1473 1822 1571 1869 risu,
1596 1835 1693 1860 nam

88 1878 333 1929 plerumque
352 1880 559 1929 excogitat

209 1965 377 2004 Grande
405 1966 575 2016 aliquid,
603 1965 713 2016 quod
744 1964 889 2015 pulmo
918 1964 1080 2003 animae
1111 1963 1349 2014 praelargus
1376 1962 1573 2007 anhelet;

88 2104 215 2144 plague
225 2111 298 2133 was
308 2102 416 2133 much
429 2101 581 2133 debated
596 2113 604 2133 :
621 2112 678 2132 see
689 2100 789 2132 Ber's
799 2101 866 2132 let-

89 2151 144 2179 ter
160 2147 198 2178 of
214 2156 295 2186 1551
316 2146 396 2186 (Ep.
414 2147 480 2185 488
492 2145 654 2186 introd.)‚
666 2149 710 2177 De
715 2149 806 2184 peste,
822 2156 867 2175 an

89 2197 114 2223 εἰ
127 2195 281 2230 quatenus
303 2192 479 2220 Christiano
497 2192 618 2220 homini
639 2192 680 2221 sit
697 2191 865 2228 sumenda.

89 2235 136 2266 In
166 2244 249 2274 1519
274 2235 389 2265 Burer
409 2235 566 2274 protests
597 2233 679 2264 that
709 2233 866 2273 nothing

89 2277 181 2310 shall
199 2278 330 2309 induce
345 2277 425 2308 him
450 2279 486 2308 to
504 2276 603 2308 leave
620 2277 727 2308 Basle
744 2277 862 2317 (BRE.

91 2323 161 2362 128,
189 2332 222 2362 p.
253 2331 313 2362 177
340 2321 460 2362 med.).
511 2321 583 2352 But
610 2320 750 2352 doctors
772 2331 865 2351 were

88 2366 287 2406 beginning
312 2369 349 2398 to
377 2364 607 2396 recommend
624 2364 729 2405 fiight
745 2364 864 2405 (BRE.

88 2410 187 2449 203);
213 2409 254 2441 of.
275 2410 338 2450 Ep.
360 2410 454 2447 1085.
476 2418 532 2439 211.

132 2463 184 2484 22.
208 2452 404 2495 quendam]
430 2452 510 2483 Lee.

133 2507 185 2536 27.
204 2495 485 2537 venerabantur]
505 2496 572 2527 For
587 2505 632 2526 an
648 2496 812 2536 example
830 2496 868 2526 of

89 2541 164 2571 this
180 2550 237 2571 see
248 2550 269 2571 a
280 2542 504 2579 Gonqratulateo
519 2543 668 2571 cessantis
684 2543 860 2578 interreqm',

87 2585 196 2615 about
212 2584 273 2614 the
289 2584 441 2616 electiori
464 2584 502 2614 of
524 2583 674 2615 Cliarles
690 2594 721 2622 v,
742 2584 787 2624 by
808 2584 829 2614 J
833 2594 863 2615 0.

89 2628 262 2659 Kiiefl'ner
279 2628 601 2667 Ratembergensis,
622 2630 686 2666 s.l.‚
709 2638 748 2668 15
767 2628 862 2659 June

91 2681 185 2710 1520.
223 2671 293 2702 His
305 2671 456 2712 preface,
471 2671 578 2702 dated
594 2672 633 2701 in
652 2671 744 2711 May,
761 2681 841 2711 says
855 2683 863 2702 :

90 2715 239 2746 ‘Factus
255 2725 335 2746 sum
359 2718 481 2746 autem
505 2715 610 2754 plane
635 2715 740 2746 miles
760 2715 863 2746 Eras-

87 2760 240 2798 mianus,
266 2758 593 2790 lucrubrationibus
619 2759 696 2790 eius
720 2769 792 2790 non
819 2759 863 2790 ad

89 2803 201 2834 solem
236 2802 342 2833 modo
380 2811 504 2833 verum
543 2807 579 2833 et
617 2801 662 2833 ad
700 2802 865 2834 lucernas

89 2855 228 2886 quoque
249 2846 524 2877 excubatissime
548 2846 780 2886 peruigilans‚
799 2856 864 2877 nec

90 2890 246 2920 militare
276 2889 335 2920 secl
368 2889 570 2920 literarium
598 2890 777 2929 premium
807 2891 864 2921 de·

89 2934 195 2964 uictis
210 2934 370 2972 fusisque
387 2933 550 2964 hostibus
560 2942 603 2963 ex
621 2933 714 2964 bello
731 2934 863 2965 referre

91 2977 249 3016 cupiens.
309 2977 418 3008 Hune
449 2976 677 3008 archiducem
721 2987 861 3017 sequor,

89 3020 185 3051 hunc
213 3020 339 3060 effingo
367 3024 473 3059 atque
503 3020 681 3050 inuidiosa
707 3021 863 3060 quadum

913 2100 1167 2140 aemulatione,
1195 2102 1337 2132 reiectis
1353 2101 1505 2132 caeteris
1532 2101 1692 2132 authori-

913 2146 988 2185 bus,
1008 2155 1117 2184 quam
1145 2146 1303 2177 maxime
1330 2155 1486 2186 possum,
1509 2155 1694 2186 represen-

912 2191 986 2220 tare
1019 2189 1127 2219 nitor.
1177 2189 1286 2229 Quem
1313 2200 1412 2221 nunc
1440 2190 1551 2220 seculi
1576 2193 1690 2221 nostri

912 2233 1114 2273 principem
1144 2243 1217 2263 non
1249 2234 1293 2264 ab
1326 2244 1363 2264 re
1396 2234 1514 2264 omnis
1545 2233 1692 2266 intonat

912 2277 1126 2315 Germania3
1167 2287 1235 2316 quo
1274 2277 1382 2308 etiam
1423 2277 1571 2308 absente
1610 2281 1691 2309 vtor

910 2320 1017 2351 vnico
1032 2323 1249 2360 preceptore,
1271 2321 1403 2361 scripta
1427 2330 1491 2351 sua
1512 2321 1615 2352 velut
1632 2332 1690 2353 ore

911 2365 1039 2395 hausta
1051 2365 1418 2404 sacrarioremmdens,
1430 2374 1542 2404 acque
1550 2365 1691 2397 lucrum

911 2418 954 2439 cx
983 2418 1020 2439 re
1045 2408 1191 2439 vendita
1218 2412 1363 2448 captum
1394 2408 1528 2440 indens
1558 2409 1690 2441 chriso-

910 2455 1026 2483 stecac
1042 2452 1062 2483 ².

953 2505 1007 2534 31.
1031 2495 1199 2536 epistola]
1225 2496 1287 2536 Ep.
1305 2497 1380 2536 998.

953 2549 1005 2579 37.
1033 2540 1266 2582 Graecitatis]
1293 2540 1344 2571 Cf.
1365 2540 1428 2581 Ep.
1449 2541 1523 2580 998.
1543 2550 1624 2580 2911.

953 2585 1005 2620 46.
1033 2583 1276 2625 quorundam]
1289 2583 1489 2625 Evidently
1497 2585 1559 2616 the
1570 2585 1690 2622 friar>3

910 2628 953 2659 cf.
987 2627 1049 2666 Ep.
1089 2627 1164 2666 998.
1200 2637 1281 2667 5911.
1346 2629 1414 2659 For
1439 2639 1558 2659 severe
1590 2630 1688 2660 criti-

909 2672 996 2702 cism
1010 2671 1047 2701 01·
1060 2671 1123 2702 the
1140 2671 1377 2703 Dominicans
1391 2674 1427 2703 at
1443 2673 1519 2703 this
1535 2674 1625 2704 time
1644 2673 1688 2712 by

908 2714 971 2745 the
1000 2715 1192 2753 Strasburg
1208 2715 1436 2755 Cartliusian,
1455 2716 1550 2748 Otho
1574 2716 1690 2747 Brun-

909 2758 987 2797 fels,
1021 2768 1080 2789 see
1111 2758 1216 2790 BRE.
1251 2760 1323 2799 158.
1368 2761 1491 2791 About
1533 2770 1571 2799 17
1606 2760 1688 2800 May

910 2802 1091 2841 Brunffls,
1133 2802 1215 2834 who
1256 2813 1330 2834 was
1368 2813 1451 2835 now
1481 2813 1502 2835 a
1534 2804 1688 2844 diligent

910 2846 1035 2876 reader
1062 2846 1134 2877 and
1161 2847 1317 2878 staunch
1340 2847 1515 2879 defender
1530 2848 1569 2879 of
1586 2848 1687 2879 Eras—

909 2899 1001 2929 mus,
1019 2892 1130 2921 wrote
1146 2892 1184 2921 to
1199 2890 1277 2922 him
1300 2891 1420 2929 (BRE.
1443 2892 1537 2931 176);
1554 2892 1617 2922 but
1642 2903 1686 2923 on

913 2943 925 2962 1
946 2935 1036 2973 Aug.
1054 2932 1125 2964 had
1151 2935 1313 2966 received
1342 2945 1389 2966 no
1414 2945 1567 2967 answer.
1613 2936 1687 2967 Tln·

911 2977 1019 3008 letter
1036 2978 1066 3007 is
1080 2980 1140 3008 not
1159 2980 1296 3009 extant.

953 3030 1005 3060 53.
1033 3021 1196 3062 Grande]
1220 3022 1272 3053 Cf.
1294 3023 1388 3053 Pers.
1412 3033 1438 3054 1.
1462 3033 1511 3060 14.
