1990 3353
73 139 194 193 1009]
409 140 478 177 TO
518 137 744 176 ALBERT
782 136 851 175 OF
889 135 1326 175 BRANDENBURG
1614 134 1665 172 57

69 243 126 281 ris
145 242 333 281 aemulus
353 242 488 281 Caroli
514 242 689 292 gloriam
715 241 941 280 reddiderit
970 241 1255 279 illustriorem.
1312 241 1559 279 Mandatum
1588 242 1663 287 est,

70 310 153 335 non
173 297 392 335 venditum
421 297 656 346 imperium,
679 299 721 335 et
751 297 999 334 mandatum
1026 301 1089 334 est
1118 295 1155 333 ei
1184 295 1256 345 qui
1286 308 1411 344 quam
1439 294 1666 333 fortissime

70 351 202 400 possit
231 351 370 399 obire3
400 351 647 389 mandatum
677 354 740 389 est
766 353 804 389 ei
831 351 903 400 qui
923 350 1027 388 velit
1053 363 1178 399 quam
1204 349 1466 388 sanctissime
1492 347 1665 386 admini-
1683 359 1725 390 40

70 408 207 443 strare.
249 405 367 444 Nihil
386 409 573 454 superest
589 405 671 443 nisi
686 408 733 443 vt
748 418 940 443 summus
953 404 1025 442 ille
1040 404 1251 453 Princeps,
1267 404 1334 441 cui
1350 403 1423 441 vni
1439 416 1507 441 cor
1522 415 1665 453 regum

72 460 262 498 omnium
295 459 340 497 in
373 473 503 499 manu
537 461 609 507 est,
642 462 682 497 et
711 461 899 497 vestrum
928 458 1131 496 iudicium
1161 461 1201 496 et
1231 457 1370 496 Caroli
1399 459 1595 495 conatum
1625 459 1666 495 et

72 516 264 552 nostrum
284 516 431 552 votum
451 514 556 552 bene
576 514 771 552 fortunet.
830 513 900 551 Ad
920 513 962 550 id
983 512 1178 551 omnibus
1198 526 1273 562 pro
1301 525 1375 550 sua
1404 512 1551 561 cuique
1576 524 1666 561 por-

69 569 183 606 tione
202 570 264 606 est
283 568 573 616 adnitendum,
593 568 757 618 quando
776 567 996 617 negocium
1015 567 1152 616 agitur
1171 568 1372 605 omnium.

124 622 218 661 Non
257 622 492 671 poenitebat
531 623 705 660 antehac
743 622 877 660 libelli
917 634 998 671 quo
1034 621 1143 670 quod
1177 621 1232 659 sit
1263 620 1473 670 Principis
1510 632 1667 658 munus
1684 633 1726 665 45

69 680 278 726 vtcunque
304 677 650 726 praescribimus3
690 690 814 727 quem
844 676 1037 714 libellum
1069 675 1357 713 Ferdinandus
1388 677 1540 721 noster,
1573 675 1666 712 ado·

70 731 228 769 lescens
247 731 395 769 virtuti
415 734 548 777 natus,
572 744 737 780 semper
756 731 881 768 habet
901 730 944 768 in
965 730 1168 768 manibus.
1229 729 1352 768 Nunc
1375 729 1502 767 etiam
1532 729 1667 778 magis

69 785 236 835 gaudeo,
259 786 368 835 quod
389 798 551 835 sperem
571 799 674 832 eam,
699 785 735 823 si
755 798 836 835 qua
855 787 927 832 est,
951 784 1177 822 vtilitatem
1193 784 1243 822 ad
1259 784 1502 822 vniuersum
1523 783 1666 821 orbem

70 842 376 889 peruenturam.
436 840 605 877 Etenim
626 839 977 889 quemadmodum
997 838 1226 888 plurimum
1250 838 1376 876 laedit
1405 838 1475 887 qui
1503 837 1666 875 fontem

70 894 205 932 inficit
230 894 338 932 vnde
361 894 505 932 bibant
534 907 689 942 omnes,
723 894 780 932 ita
809 893 1010 932 latissime
1033 894 1147 942 patet
1170 893 1287 931 illius
1315 891 1564 931 beneficium
1594 891 1667 942 qui
1686 907 1727 938 50

72 951 217 998 pectus
235 948 407 987 instruit
427 949 624 987 omnibus
644 948 958 997 imperaturum.

124 1002 324 1041 Ricardus
338 1003 507 1051 Paeeus,
528 1003 676 1053 optimi
696 1003 823 1052 Regis
842 1005 977 1040 orator
998 1001 1190 1050 optimus,
1205 1015 1291 1039 non
1307 1001 1548 1040 dubitabam
1564 1001 1667 1050 quin

71 1057 118 1095 R.
142 1057 192 1095 D.
213 1057 258 1095 T.
282 1057 418 1095 modis
437 1058 633 1095 omnibus
653 1059 761 1096 esset
781 1057 1018 1107 placiturus.
1078 1058 1218 1106 Atque
1233 1056 1306 1094 ille
1321 1069 1513 1094 reuersus
1528 1056 1578 1093 ad
1592 1068 1668 1094 nos

71 1111 152 1150 dici
185 1112 255 1150 vix
285 1114 408 1161 queat
436 1114 687 1162 quantopere
715 1111 796 1150 sibi
824 1111 1056 1161 gratulatus
1086 1111 1150 1156 sit,
1178 1110 1245 1149 cui
1276 1111 1515 1160 contigisset
1539 1109 1666 1147 talem

71 1166 325 1216 Principem,
343 1180 427 1204 non
445 1167 583 1204 minus
596 1167 834 1216 integritate
855 1179 1020 1204 morum
1042 1179 1166 1214 quam
1187 1165 1442 1214 imaginibus
1461 1165 1666 1203 maiorum
1686 1181 1726 1213 55

70 1223 141 1259 aut
178 1221 368 1259 fortunae
407 1221 610 1270 dignitate
649 1221 818 1268 clarum,
862 1222 902 1258 et
930 1220 1094 1258 nouisse
1127 1222 1167 1257 et
1197 1219 1385 1258 vicissim
1416 1218 1661 1257 innotuisse.

70 1275 206 1323 Quam
225 1275 296 1313 ille
316 1276 512 1324 gestiens,
541 1289 667 1325 quam
687 1275 850 1313 ardenti
874 1275 1061 1312 oratione
1085 1273 1266 1324 plurima
1292 1274 1556 1323 cupidissime
1579 1286 1666 1323 per-

71 1329 260 1368 contanti
278 1331 413 1368 totum
433 1332 475 1367 te
494 1330 599 1367 mihi
622 1329 808 1379 depinxit
825 1331 833 1368 Ξ

125 1384 214 1434 Ego
247 1397 368 1433 porro
403 1385 500 1434 quid
536 1384 755 1434 dignitatis
787 1386 858 1422 aut
890 1383 1122 1421 adiumenti
1160 1382 1315 1432 possim
1354 1382 1513 1420 adferre
1541 1382 1667 1420 sacris

71 1438 215 1487 literis,
252 1439 323 1476 alii
354 1438 564 1485 viderint;
608 1438 730 1476 nobis
763 1440 870 1476 certe
905 1439 1167 1487 propositum
1204 1439 1267 1475 est
1305 1437 1418 1474 hisce
1456 1437 1666 1475 laboribus
1686 1443 1728 1475 60

72 1493 261 1531 immori:
296 1506 399 1542 quos
427 1493 594 1532 Christo
624 1506 709 1530 non
735 1493 921 1542 ingratos
947 1505 1034 1530 esse
1062 1491 1323 1535 confidimus,
1355 1491 1421 1528 vel
1451 1491 1528 1529 hoc
1559 1493 1667 1529 certe

71 1548 239 1585 nomine
260 1547 368 1597 quod
389 1547 570 1597 simplici
589 1547 730 1586 animo
756 1547 802 1585 in
831 1547 946 1585 illius
966 1546 1144 1597 gloriam
1169 1561 1193 1584 a
1221 1545 1344 1583 nobis
1370 1545 1665 1594 suscipiuntur.

72 1601 180 1649 Quid
212 1601 256 1639 ni
286 1601 384 1640 boni
413 1602 602 1640 consulat
630 1602 737 1640 hanc
767 1605 956 1640 nostram
986 1601 1263 1647 sedulitatem,
1296 1600 1366 1649 qui
1397 1600 1668 1649 pauperculae

71 1655 221 1694 viduae
242 1657 515 1705 quadrantem
546 1656 743 1694 omnibus
770 1656 959 1694 omnium
986 1655 1170 1694 diuitum
1195 1654 1442 1692 muneribus
1469 1654 1670 1703 praetule-

70 1711 160 1749 rit?
215 1711 324 1749 Aliis
342 1711 413 1749 alii
433 1711 659 1749 benefactis
689 1710 904 1750 Christum
931 1711 1141 1748 demerere
1168 1709 1365 1747 student:
1396 1722 1482 1755 nos,
1506 1708 1670 1758 quando
1689 1713 1731 1754 65

72 1764 182 1803 nihil
200 1765 313 1804 aliud
333 1778 567 1814 possumus,
589 1765 665 1803 hac
685 1764 749 1803 illi
769 1765 942 1803 victima
963 1764 1190 1803 litabimus.

126 1819 219 1857 Iam
234 1833 332 1858 vero
345 1820 439 1858 vide
455 1822 661 1869 quantum
676 1819 926 1869 benignitati
937 1822 1032 1858 tuae
1045 1821 1086 1857 et
1098 1818 1280 1856 Hutteni
1296 1819 1463 1855 nomine
1476 1817 1647 1855 debeam
1661 1831 1670 1863 3

73 1874 124 1912 de
157 1887 237 1923 quo
271 1874 328 1912 sic
361 1874 466 1912 mihi
504 1874 707 1924 praesagit
743 1875 920 1920 animus,
953 1874 1171 1912 hominem
1207 1872 1431 1921 aliquando
1470 1885 1669 1921 magnum

73 1931 369 1967 ornamentum
389 1931 554 1968 nostrae
577 1928 825 1967 Germaniae
851 1929 1052 1975 futurum,
1084 1928 1120 1965 si
1143 1927 1268 1964 modo
1297 1930 1339 1964 et
1363 1926 1439 1964 Dei
1467 1927 1670 1975 praesidio

72 1983 161 2021 vita
179 1985 373 2033 suppetat
393 1985 433 2021 et
455 1987 549 2021 tuae
570 1983 830 2021 celsitudinis
850 1984 990 2021 fauore
1017 1996 1101 2020 non
1129 1981 1381 2019 destituatur
1401 1995 1409 2021 :
1444 1994 1543 2018 nam
1564 1981 1671 2019 hanc
1692 1994 1732 2025 70

73 2038 230 2087 ingenii
251 2037 476 2084 lasciuiam,
499 2041 544 2076 vt
565 2039 622 2076 ita
641 2038 796 2087 loquar,
821 2038 920 2075 satis
940 2051 1013 2087 per
1039 2050 1082 2074 se
1109 2037 1285 2084 corriget
1311 2035 1458 2073 aetatis
1482 2035 1670 2073 accessio.

74 2091 190 2140 Quod
216 2091 322 2129 nihil
347 2094 389 2130 te
417 2094 652 2130 commouet
682 2105 796 2130 error
820 2093 909 2130 eius
939 2091 1009 2141 qui
1041 2091 1174 2129 dicato
1198 2090 1340 2128 libello
1364 2089 1507 2127 sedulo
1531 2091 1670 2127 verius

74 2159 198 2196 quam
219 2146 444 2195 prudenter
470 2148 633 2185 studuit
659 2147 778 2184 alteri
803 2147 1035 2195 gratificari,
1069 2158 1115 2183 ea
1141 2157 1206 2182 res
1235 2144 1340 2181 mihi
1365 2144 1555 2181 animum
1574 2157 1671 2181 vere

74 2201 283 2239 excelsum
322 2203 363 2239 et
397 2203 514 2239 tanto
545 2201 739 2250 Principe
774 2201 949 2250 dignum
984 2200 1131 2250 arguit.
1204 2200 1359 2237 Munus
1390 2198 1579 2236 nondum
1609 2201 1671 2236 est

74 2255 277 2293 allatum:
317 2255 388 2292 vbi
422 2255 632 2293 redditum
669 2256 758 2303 erit,
791 2255 896 2293 mihi
930 2268 1096 2304 semper
1128 2256 1173 2292 vt
1204 2267 1270 2290 res
1310 2254 1527 2302 quaepiam
1559 2265 1671 2290 sacra
1691 2268 1730 2301 75

76 2309 322 2356 seruabitur,
355 2311 478 2358 atque
507 2309 634 2348 etiam
663 2310 956 2356 ostentabitur,
986 2314 1032 2347 vt
1056 2308 1121 2346 tui
1145 2321 1240 2357 erga
1271 2321 1338 2345 me
1360 2307 1490 2344 animi
1519 2307 1671 2356 pignus

74 2364 217 2413 tuique
249 2364 298 2401 de
329 2377 395 2401 me
429 2364 573 2402 iudicii
604 2366 939 2402 monumentum.
1015 2364 1128 2400 Bene
1159 2362 1293 2400 valeat
1325 2362 1373 2399 R.
1409 2362 1452 2399 T.
1487 2362 1564 2399 D.:
1607 2361 1671 2399 cui

75 2431 238 2467 semper
258 2418 571 2456 commendatus
591 2432 679 2456 esse
700 2419 831 2467 cupio.

127 2473 395 2521 Antuerpiae.
455 2485 579 2510 xvln.
603 2472 771 2511 Calend.
797 2472 1006 2522 Septemb.
1068 2472 1150 2509 An.
1174 2483 1350 2509 M.D.X1x.

116 2568 167 2597 53.
194 2559 233 2589 R.
253 2559 292 2589 D.
312 2559 348 2589 T.
370 2561 419 2589 E:
446 2559 511 2589 tibi
530 2561 570 2589 H.
660 2560 710 2598 56.
740 2563 797 2588 aut
818 2570 876 2589 om.
895 2562 930 2589 F.
1023 2567 1074 2596 57.
1101 2558 1257 2596 plurima
1271 2560 1325 2588 H:
1351 2557 1442 2587 mihi
1460 2556 1618 2596 plurima
1634 2558 1671 2587 Ε.

77 2612 126 2641 71.
152 2606 189 2633 vt
207 2603 258 2633 ita
275 2603 402 2641 loquar
418 2605 491 2633 add.
510 2605 546 2634 F.
655 2613 703 2641 Π.
729 2603 767 2633 Η.
787 2603 822 2632 T.
845 2603 884 2634 D,
902 2604 953 2632 E:
979 2606 1039 2632 tua
1058 2602 1262 2631 sublimitas
1279 2603 1322 2631 H.
1439 2611 1486 2639 79.
1516 2609 1606 2630 xvxu
1622 2603 1673 2630 E:

75 2655 150 2677 xvn
166 2648 277 2685 Lond„
297 2649 377 2684 quod
391 2649 529 2684 sequitur
543 2649 607 2677 LE.
699 2645 772 2676 EX²
788 2657 795 2676 ι
820 2646 1039 2685 Septembris·
1056 2643 1145 2675 HN3.

119 2765 170 2794 41.
196 2766 256 2786 cor
274 2754 414 2796 regum]
431 2755 483 2787 Cf.
502 2755 604 2786 Prov.
622 2766 674 2786 21.
699 2764 724 2785 1.
908 2754 1023 2785 added
1052 2755 1090 2785 in
1115 2755 1141 2784 F
1164 2754 1280 2785 shows
1308 2755 1388 2785 that
1416 2755 1489 2785 this·
1517 2755 1616 2785 word
1645 2755 1674 2785 is

120 2809 171 2838 45.
200 2799 380 2839 Principis
396 2799 546 2830 munus]
566 2799 629 2830 See
648 2800 710 2838 Ep.
730 2800 804 2838 853.
909 2797 993 2828 used
1011 2799 1096 2828 here
1110 2799 1201 2828 with
1213 2808 1260 2829 no
1270 2799 1524 2838 reprehendve
1541 2800 1670 2829 intent.

119 2853 171 2882 47.
198 2843 234 2873 in
251 2843 432 2884 manibus]
450 2843 500 2874 Cf.
517 2843 835 2882 Epp.917intr‹1‹l.‚
909 2842 1077 2872 Erasmus
1103 2852 1175 2873 was
1207 2852 1252 2872 no
1284 2843 1397 2872 doubt
1430 2842 1601 2881 thinking
1640 2842 1676 2871 of

75 2895 149 2925 943.
170 2897 266 2926 23-4,
286 2896 360 2925 970.
379 2896 475 2926 24—5.
909 2885 1081 2916 Hutten's
1120 2889 1242 2916 recent
1292 2886 1535 2925 publicatione
1575 2896 1672 2916 men-

119 2939 171 2968 53.
196 2929 376 2971 reuersus]
395 2931 444 2961 Cf.
465 2931 526 2971 Ep.
547 2940 639 2961 1001.
661 2939 739 2968 5311.
909 2929 1030 2959 tium—(1
1050 2930 1087 2959 in
1106 2929 1167 2969 Ep.
1188 2938 1262 2968 923.
1287 2930 1402 2967 18-21‚
1420 2940 1472 2969 29.

117 2974 171 3004 68.
189 2974 382 3014 praesagit]
396 2974 855 3015 Cf.1‹,'pp.990.20,1006.131.
952 2982 1002 3011 72.
1029 2983 1127 3003 error
1143 2973 1234 3013 eius]
1261 2973 1312 3004 Cf.
1334 2974 1420 3013 Epp.
1443 2983 1504 3012 745
1530 2973 1674 3010 introd.y

119 3026 169 3056 71.
196 3016 399 3059 lasciuiam]
453 3018 527 3049 The
588 3017 832 3057 qualification
906 3018 983 3056 976.
1005 3027 1118 3056 13—27.
