1990 3353
71 80 196 134 1196]
489 81 558 119 TO
594 80 848 120 VINCENT
887 79 1241 117 THEODORICI
1583 80 1663 117 475

119 193 196 232 Vis
227 192 372 231 audire
405 194 608 242 quantum
642 194 715 229 tua
747 190 1006 239 promoueris
1038 189 1303 239 petulantia?
1372 189 1439 228 Sic
1473 189 1664 228 alienasti
1685 200 1745 231 505

60 248 208 286 doctos
227 246 323 284 illos
343 247 415 285 abs
436 249 488 293 te,
512 248 558 284 vt
578 245 824 294 negauerint
850 257 892 282 se
912 257 1094 293 vnquam
1116 244 1347 282 credituros
1365 244 1495 281 fuisse
1514 246 1555 281 te
1576 246 1663 282 tam

65 302 317 351 impotenter
342 314 438 339 esse
473 300 722 338 maledicum
755 311 800 336 ac
833 299 1107 346 virulentum,
1143 298 1188 335 ni
1221 300 1268 335 tu
1303 311 1345 335 re
1378 298 1467 346 ipsa
1500 298 1664 336 fecisses

61 356 205 394 fidem.
265 355 477 405 Rogabam
506 367 558 392 an
584 367 636 391 ne
659 352 765 391 mihi
792 352 975 401 quidem.
1033 351 1233 390 ‘Nullus'
1253 352 1507 402 inquiebant,
1536 355 1664 390 ‘mor-

66 410 214 448 talium
235 410 313 447 hoc
332 409 453 447 nobis
471 420 742 458 persuasurus
761 408 858 453 erat,
882 407 965 445 nisi
984 419 1049 444 res
1068 407 1156 456 ipsa
1175 407 1445 456 persuasisset
1462 406 1493 444 ³:
1521 419 1566 443 ac
1586 406 1664 444 tibi

66 464 178 510 nihil
196 464 309 502 aliud
330 463 602 512 precabantur
622 474 747 511 quam
767 462 953 498 mentem
973 461 1190 499 saniorem.
1243 460 1405 498 Similis
1425 463 1512 498 erat
1530 460 1664 498 exitus
1686 471 1750 502 510

60 518 362 568 Antuuerpiae,
394 531 489 556 cum
518 517 563 554 in
592 515 744 555 celebri
772 515 965 553 conuiuio
992 514 1128 553 bonus
1156 515 1227 552 ille
1256 514 1452 562 Iacobita,
1486 528 1509 552 a
1542 514 1667 552 melle

61 585 296 622 cognomen
317 572 486 619 habens,
508 584 603 609 cum
624 570 732 608 nihil
752 571 911 607 eructet
930 571 1092 618 praeter
1114 582 1278 606 merum
1304 569 1370 617 fel,
1391 572 1559 617 negaret
1578 582 1666 607 esse

60 627 368 666 sceleratiorem
406 626 659 664 haereticum
697 625 742 662 in
779 623 846 662 his
879 623 1118 672 regionibus
1152 635 1278 672 quam
1311 626 1421 661 esset
1453 623 1662 670 Erasmus,

66 681 219 730 quibus
247 681 417 719 auribus
447 683 566 730 putas
595 692 687 717 eam
717 691 862 716 vocem
895 678 1137 727 acceptam?
1194 677 1296 724 Quis
1325 690 1410 715 non
1440 678 1668 715 detestatus

60 739 130 773 est
152 735 338 773 hominis
363 735 582 781 insaniam,
606 733 851 782 praesertim
875 745 926 770 ex
956 733 1023 770 his
1053 732 1124 781 qui
1152 731 1280 769 libros
1308 744 1424 770 meos
1453 731 1668 780 legerant?
1689 741 1750 774 515

63 789 170 838 Quis
202 792 342 827 autem
378 802 463 827 non
499 789 725 826 detestatur
757 790 798 825 et
836 789 953 824 tuam
986 786 1104 824 illam
1138 798 1294 833 vocem,
1333 785 1562 824 ‘Pestilens
1595 785 1668 823 ille

66 843 288 889 Lutherus,
322 846 362 881 et
397 843 655 893 pestilentior
687 841 914 888 Erasmus;
959 854 1057 878 nam
1091 853 1140 878 ex
1171 840 1298 878 huius
1329 840 1524 878 vberibus
1556 840 1667 878 suxit

67 898 263 948 quicquid
296 898 420 936 habet
448 898 520 935 ille
549 897 758 935 veneni?'
815 895 894 943 Qui
928 896 1055 934 libros
1084 894 1301 943 vtriusque
1335 894 1535 944 legerunt,
1568 894 1667 943 quid

60 953 178 991 aliud
199 952 382 1002 cogitant
403 965 529 1002 quam
551 955 590 989 te
611 951 829 988 hominem
850 963 939 988 esse
966 950 1156 987 omnium
1184 949 1256 997 qui
1275 950 1426 986 viuunt
1452 949 1670 997 impuden-

66 1007 229 1045 tissime
244 1020 413 1054 vanum,
434 1006 765 1055 petulantissime
786 1004 1050 1051 maledicum,
1070 1002 1345 1042 furiosissime
1361 1003 1637 1052 impotentem
1650 1003 1670 1041 ἶ)
1691 1014 1754 1045 520

66 1062 162 1100 Imo
183 1061 256 1110 qui
275 1064 315 1099 te
336 1075 419 1099 non
439 1065 605 1108 norunt,
630 1062 671 1097 et
694 1059 916 1097 audierunt
942 1059 986 1096 in
1013 1058 1110 1096 naui
1137 1060 1209 1096 aut-
1235 1070 1355 1094 curru
1384 1058 1669 1106 disputantem

61 1117 116 1154 de
142 1116 222 1154 fide
249 1115 461 1161 catholica,
485 1117 632 1164 rogant
658 1115 751 1164 quis
779 1115 832 1151 sit
858 1114 929 1151 ille
957 1112 1244 1159 Dominicalis,
1266 1111 1369 1150 facie
1395 1112 1559 1158 nitenti,
1584 1112 1670 1149 risu

60 1170 271 1214 sardonio,
291 1170 441 1208 validis
460 1169 671 1218 lateribus,
697 1169 770 1207 sed
790 1168 930 1217 inepta
950 1168 1106 1217 lingua,
1130 1166 1202 1216 qui
1221 1169 1308 1203 tam
1335 1167 1513 1205 disertus
1540 1166 1593 1204 sit
1619 1166 1670 1204 ad

62 1224 396 1263 maledicendum
418 1224 591 1262 Erasmo
603 1225 624 1262 ⁶?

123 1279 230 1327 Quid
252 1278 321 1317 hic
340 1279 581 1328 responderi
600 1278 742 1325 soleat,
757 1276 921 1315 vtinam
941 1276 1103 1315 audires
1120 1275 1353 1326 aliquando,
1367 1275 1609 1324 videresque
1631 1278 1672 1311 te
1691 1282 1752 1314 525

66 1334 152 1371 tuis
171 1334 330 1384 pictum
351 1333 578 1372 coloribus!
637 1333 725 1382 Ego
747 1332 824 1369 tibi
844 1344 937 1369 sum
958 1331 1092 1369 hostis
1113 1331 1270 1369 ordinis
1285 1329 1359 1377 tui,
1376 1329 1447 1379 qui
1468 1329 1671 1366 admoneo

61 1388 219 1437 quibus
240 1387 365 1426 rebus
385 1387 546 1426 ordinis
565 1386 761 1436 dignitati
781 1388 965 1435 oporteat
987 1385 1201 1423 consulere
1221 1400 1229 1433 ;
1259 1388 1305 1422 tu
1333 1385 1403 1433 qui
1431 1387 1502 1421 tua
1527 1384 1673 1432 lingua

61 1443 230 1492 tuisque
247 1442 433 1480 moribus
448 1442 696 1480 dehonestas
712 1441 901 1478 ordinem
916 1443 1051 1486 tuum,
1066 1440 1190 1489 idque
1205 1439 1361 1489 passim
1378 1437 1495 1475 nullo
1511 1437 1672 1475 delectu

69 1509 200 1546 neque
228 1497 429 1546 temporis
458 1509 592 1546 neque
621 1495 700 1533 loci
729 1508 862 1544 neque
890 1507 1174 1543 personarum,
1208 1494 1399 1532 columen
1429 1505 1472 1530 es
1502 1492 1669 1530 ordinis.
1697 1489 1699 1491 ¹

69 1551 158 1601 Ego
186 1551 295 1589 nulli
323 1551 495 1589 omnino
528 1563 623 1588 sum
653 1550 843 1587 infensus
873 1549 1022 1595 ordini,
1056 1562 1190 1598 neque
1220 1547 1506 1593 Franciscano,
1538 1559 1672 1595 neque
1692 1553 1755 1586 530

62 1605 342 1654 Carmelitico,
363 1619 496 1655 neque
517 1604 784 1651 Dominicali,
802 1616 936 1653 neque
951 1603 1130 1650 nautico,
1149 1615 1283 1652 neque
1297 1601 1516 1650 aurigario,
1536 1601 1673 1638 sciens

68 1660 113 1697 in
133 1673 381 1710 vnoquoque
404 1660 555 1709 probos
581 1658 776 1696 inueniri.
836 1658 894 1695 Vt
921 1658 965 1695 in
995 1671 1239 1707 quocunque
1268 1656 1395 1705 pallio
1427 1668 1673 1704 quocunque

67 1715 192 1752 titulo
215 1715 350 1764 placet
371 1715 504 1764 pietas
529 1727 575 1752 ac
601 1726 765 1752 morum
792 1712 1023 1762 integritas,
1051 1712 1110 1749 ita
1135 1724 1345 1761 nusquam
1372 1723 1456 1748 non
1483 1709 1673 1758 displicet

62 1768 264 1807 omnibus
292 1769 413 1807 bonis
441 1768 697 1818 improbitas.
763 1767 880 1815 Quod
911 1767 947 1804 si
975 1768 1157 1804 maxime
1185 1778 1319 1804 essem
1350 1764 1486 1802 hostis
1516 1763 1674 1801 ordinis

66 1824 140 1871 tui,
174 1823 341 1861 nullum
369 1823 538 1873 grauius
568 1822 726 1861 malum
756 1825 942 1871 optarem
972 1820 1036 1858 illi
1068 1833 1193 1870 quam
1222 1820 1380 1869 aliquot
1409 1819 1473 1856 tui
1503 1818 1674 1856 similes.
1693 1826 1754 1858 535

62 1878 238 1926 ¹Quaes0,
261 1881 356 1915 tuae
374 1877 488 1916 vocis
506 1877 680 1915 arbitrio
699 1876 856 1914 erimus
875 1875 1114 1921 Christiani,
1137 1875 1208 1925 qui
1228 1887 1443 1923 nunquam
1465 1886 1513 1910 ex
1536 1872 1674 1910 animo

61 1932 255 1981 cogitasti
276 1932 374 1982 quid
396 1933 450 1970 sit
469 1945 558 1970 esse
573 1945 668 1970 vere
689 1931 973 1969 Christianum
989 1931 1009 1968 ⁶?
1050 1930 1243 1980 Vndique
1265 1928 1441 1977 proditis
1461 1926 1673 1965 inscitiam

68 1989 261 2034 vestram,
284 1987 466 2036 vndique
495 2000 632 2025 mores
662 1986 846 2023 multum
874 1984 1119 2023 abludentes
1148 1997 1171 2021 a
1200 1983 1465 2033 professione,
1488 1981 1672 2030 Vndique

68 2041 245 2090 pectoris
263 2041 560 2090 purulentiam,
581 2045 622 2078 et
642 2040 761 2078 nobis
781 2041 994 2089 acceptum
1011 2038 1129 2076 sertis
1149 2039 1183 2076 si
1205 2038 1321 2087 peius
1342 2037 1391 2075 de
1407 2036 1525 2074 vobis
1545 2036 1674 2073 sentit

69 2096 287 2134 mundus?
342 2096 544 2134 Videmus
577 2095 733 2145 passim
765 2097 859 2132 tuos
892 2093 1052 2131 sodales
1086 2093 1135 2130 ab
1170 2093 1312 2130 idiotis
1342 2094 1465 2140 atque
1496 2091 1620 2127 etiam
1651 2101 1674 2127 a
1693 2099 1757 2131 540

68 2150 329 2188 mulierculis
349 2150 493 2199 refelli,
512 2162 747 2199 magnoque
766 2149 962 2187 dedecore
981 2147 1039 2185 sic
1061 2147 1245 2185 obturari
1266 2159 1311 2184 os
1326 2149 1371 2183 vt
1391 2158 1475 2183 non
1496 2144 1673 2182 habeant

63 2204 178 2253 -quod
200 2205 490 2254 respondeant.
541 2204 596 2242 Et
615 2204 813 2254 quoniam
834 2216 907 2240 vos
928 2201 1241 2240 debacchamini
1262 2201 1304 2238 in
1327 2200 1459 2237 vitam
1481 2198 1671 2245 aliorum,

69 2259 254 2296 vicissim
283 2261 324 2297 et
349 2258 415 2296 illi
440 2259 599 2309 passim
619 2262 853 2297 vestrorum
874 2256 1198 2295 Bacchanalium
1220 2255 1419 2304 mysteria
1444 2253 1672 2303 proferunt,

70 2313 239 2351 materia
259 2313 437 2351 nimium
458 2313 580 2352 felici.

126 2367 230 2406 Cum
245 2369 532 2418 Antuuerpiae
548 2367 755 2406 seditiosis
768 2365 1019 2404 clamoribus
1033 2365 1246 2402 ciuitatem
1258 2377 1308 2401 ex
1321 2362 1435 2401 omni
1450 2362 1670 2400 nationum
1692 2370 1754 2401 545

70 2434 217 2470 genere
249 2423 470 2460 conflatam
505 2422 556 2460 ad
589 2421 835 2460 seditionem
870 2419 1144 2465 concitaretis,
1178 2419 1332 2456 iterum
1365 2421 1488 2466 atque
1523 2416 1674 2453 iterum

71 2478 238 2514 vetante
271 2477 527 2526 magistratu,
561 2478 763 2526 quantum
797 2475 950 2513 fauoris
983 2474 1178 2520 Luthero,
1210 2475 1412 2522 quantuni
1444 2471 1527 2508 odii
1557 2469 1675 2507 vobis

70 2530 354 2569 conciliastis?
409 2532 450 2569 A
473 2544 541 2569 me
571 2531 716 2569 nullus
745 2530 903 2568 amicus
922 2531 1059 2567 vestra
1085 2541 1204 2577 opera
1232 2528 1365 2565 factus
1396 2529 1459 2563 est
1488 2524 1672 2570 alienior,

115 2654 189 2692 506.
217 2656 269 2684 H:
294 2655 564 2693 negaueruntl’.
705 2663 779 2692 511.
807 2653 1024 2684 IacobitaF:
1050 2644 1309 2682 Dom'inicanus
1322 2652 1363 2680 H.
1517 2658 1592 2687 521.
1618 2650 1674 2677 H:

72 2708 216 2728 currum
233 2701 268 2728 F.
424 2706 498 2735 522.
523 2695 596 2728 ΓΝ*
611 2699 664 2728 LB
682 2707 688 2726 :
714 2697 868 2728 nitentis
884 2699 913 2726 F
928 2699 1040 2735 (ζον-τίς.
1058 2697 1156 2726 Lond.
1317 2703 1393 2733 523.
1420 2692 1613 2724 Sal-donico
1629 2693 1671 2722 H.

72 2751 143 2780 531.
171 2743 225 2771 H:
249 2740 445 2780 Aurigareo
461 2743 496 2772 F.
632 2741 707 2780 536.
733 2742 794 2780 qui
812 2743 863 2770 H:
888 2739 918 2782 εἷς
936 2743 970 2772 F.

117 2901 190 2930 511.
215 2889 457 2930 Iacobita1Cf.
474 2888 537 2928 Ep.
560 2897 652 2926 1153.
671 2896 770 2925 11311.
905 2885 942 2915 ‹·f
964 2883 1270 2923 Hertogenboscb,
1294 2893 1313 2914 a
1338 2883 1564 2919 Dominio-2111,
1593 2882 1673 2912 who

160 2946 179 2965 a
210 2934 330 2974 melle]
362 2934 380 2965 1
409 2935 541 2964 cannot
569 2931 737 2970 identify.
786 2930 837 2960 Do
905 2939 977 2959 was·
995 2928 1065 2958 Lic.
1081 2928 1143 2958 Th.
1164 2929 1201 2957 at
1218 2927 1388 2965 Louvain,
1409 2937 1448 2956 10
1465 2927 1560 2965 Sept.
1580 2935 1671 2964 ¹515·

66 2979 192 3019 -Jongh
201 2978 384 3009 mentions
399 2976 534 3018 (p.4o*)
548 2984 568 3005 a
582 2975 761 3006 Gerardus
774 2974 838 3004 Bie
951 2982 1026 3011 540.
1052 2971 1187 3011 idiotis]
1203 2972 1266 3002 See
1283 2970 1347 3010 Ep.
1372 2980 1383 3000 1
1394 2980 1463 3009 153.
1485 2980 1495 3000 1
1506 2979 1584 3008 71n.
