1990 3353
250 459 309 490 135

249 731 309 762 140

251 1034 309 1066 145

294 1847 310 1877 5

276 2113 314 2134 10

278 2384 313 2415 15

326 116 405 154 442
798 113 1047 152 LETTERS
1087 112 1156 150 OF
1194 110 1460 150 ERASMUS
1805 106 1843 161 [1
1855 120 1900 157 52
1912 120 1927 144 1

327 226 506 278 populus
526 226 682 277 passim
702 224 850 274 incipit
869 237 1020 274 sapere,
1045 225 1085 261 et
1105 222 1149 261 ni
1170 221 1412 260 melioribus
1432 219 1664 259 rationibus
1684 232 1772 257 rem
1793 221 1928 269 agant,

328 295 412 320 non
433 281 552 320 video
575 280 673 330 quid
695 280 780 317 sint
798 278 996 317 effecturi.

383 336 502 384 Quod
524 335 705 373 hortaris
723 337 769 372 vt
790 333 973 372 Luthero
993 345 1059 370 me
1078 331 1261 381 iungam,
1286 330 1327 368 id
1348 329 1466 367 facile
1487 328 1570 374 fiet,
1593 328 1629 366 si
1649 327 1772 366 illum
1791 327 1932 366 videro

328 391 373 428 in
393 393 510 440 parte
531 388 766 429 Catholicae
785 387 1002 426 Ecclesiae.
1063 386 1158 424 Non
1187 384 1296 435 quod
1326 384 1600 433 pronunciem
1627 382 1750 420 illum
1778 381 1829 420 ab
1855 382 1930 420 hac

329 445 524 491 alienum,
556 456 685 493 neque
716 442 830 480 enim
861 454 1001 480 meum
1025 443 1087 479 est
1113 440 1310 478 damnare
1334 450 1584 488 quenquam.
1645 435 1827 474 Domino
1853 449 1929 474 suo

329 501 411 537 stat
439 499 511 536 ille
530 500 601 536 aut
621 497 742 536 cadit.
803 496 921 544 Quod
941 496 976 534 si
997 508 1061 534 res
1081 495 1273 533 deueniet
1293 494 1343 531 ad
1363 495 1596 530 extremum
1616 490 1862 537 tumultum,
1885 492 1931 529 vt
1989 516 1990 521 ,

328 556 503 603 vtroque
531 554 650 590 nutet
679 551 886 590 Ecclesiae
914 551 1059 597 status,
1091 562 1166 598 ego
1195 561 1263 586 me
1290 548 1462 586 interim
1491 549 1536 585 in
1562 544 1693 584 solida
1719 544 1792 582 illa
1818 546 1933 594 petra

329 608 465 657 figam,
492 608 620 645 donec
643 606 767 644 rebus
796 605 951 655 pacatis
978 604 1155 654 liquebit
1173 602 1245 642 vbi
1268 602 1323 640 sit
1354 601 1560 648 Ecclesia3
1591 602 1713 650 atque
1739 599 1826 637 illic
1853 599 1933 637 erit

329 663 542 708 Erasmus,
565 660 802 710 Vbicunque
822 660 900 698 erit
922 657 1174 707 Euangelica
1195 670 1285 707 pax.

383 716 498 754 Haec
536 716 673 763 habui,
714 715 780 753 vir
817 714 980 760 eximie,
1016 726 1118 763 quae
1157 711 1263 749 mihi
1300 710 1345 748 in
1384 708 1615 759 praesentia
1648 710 1852 746 venerunt
1890 708 1934 745 in

329 773 526 819 mentem,
553 784 604 808 ne
630 769 702 819 qui
726 772 819 807 tuas
845 767 1036 815 reddidit,
1069 768 1240 805 omnino
1268 777 1421 803 vacuus
1445 764 1586 802 abiret.
1648 761 1838 812 Epistola
1861 764 1934 800 tua

330 838 404 863 nec
424 824 534 863 diem
555 824 703 863 habuit
722 837 797 862 nec
816 835 973 861 annum
995 821 1234 871 ascriptum.

385 879 497 918 Bene
517 878 620 918 vale.
680 878 855 917 Louanii
875 890 913 916 v.
939 876 1020 915 Cal.
1045 876 1141 914 Feb.
1164 877 1288 913 Anno
1310 873 1517 911 M.D.xxr.

387 966 578 1015 <Clariss.
598 966 686 1004 viro
707 965 756 1003 D.
779 964 956 1003 Artlebo
987 964 1037 1002 de
1063 962 1292 1001 Boscowici
1320 965 1360 1000 et
1389 961 1667 1009 Tschernaho,
1693 959 1863 999 domino
1884 959 1927 997 in

329 1021 453 1068 Vran,
476 1033 669 1070 supremo
690 1020 914 1069 Capitaneo
935 1018 1247 1057 marchionatus
1268 1016 1581 1065 Morauiensis.>

742 1164 868 1204 1184.
931 1163 993 1205 To
1027 1163 1248 1204 WILLIAM
1283 1162 1518 1203 BUDAEUS.

379 1265 571 1311 Epistolae
591 1266 638 1300 ad
657 1266 822 1310 diuersos
841 1277 876 1310 p.
900 1274 977 1310 557.
1623 1250 1813 1296 Louvain.⁹

380 1324 473 1361 HN:
503 1324 618 1359 Lond.
639 1324 710 1359 xiv.
733 1335 802 1368 23:
829 1324 900 1358 Lss.
923 1325 1001 1369 565.
1514 1322 1555 1357 16
1574 1321 1765 1365 February
1787 1330 1885 1365 1521.

544 1418 632 1458 [The
650 1418 832 1457 year-date
850 1418 880 1447 is
896 1415 1092 1447 confirmed
1110 1415 1155 1454 by
1172 1415 1234 1445 the
1252 1414 1360 1445 death
1378 1414 1415 1445 of
1427 1414 1590 1445 William
1609 1414 1727 1455 Croy.]

711 1515 915 1546 ERASMVS
945 1514 1215 1544 GVILHELMO
1248 1513 1430 1544 BVDAEO
1464 1515 1497 1543 S.
1514 1513 1556 1542 D.

387 1608 462 1655 EN,
496 1607 661 1646 Budaee
692 1607 946 1655 charissime,
978 1606 1095 1656 quasi
1123 1619 1269 1656 parum
1301 1608 1409 1644 esset
1437 1601 1662 1654 'malorunn
1696 1606 1754 1644 ita
1787 1606 1935 1655 praeci-

332 1676 462 1712 puum
496 1676 517 1700 e
550 1660 890 1700 Guilhelmorum
930 1674 1105 1698 numero
1139 1661 1322 1699 fatorum
1358 1661 1514 1699 ademit
1540 1660 1723 1699 inuidia.
1803 1660 1935 1698 Periit

332 1717 455 1763 enim,
480 1719 525 1755 vt
546 1716 636 1762 scis,
662 1715 927 1754 Guilhelmus
947 1715 1104 1762 Croius,
1132 1715 1464 1764 archiepiscopus
1491 1715 1728 1763 Toletanus,
1750 1716 1792 1752 et
1813 1714 1935 1763 periit

332 1771 463 1810 veluti
487 1771 683 1809 flosculus
709 1778 824 1808 tener
850 1771 894 1808 in
918 1771 1007 1820 ipso
1035 1772 1182 1808 exortu
1209 1770 1417 1815 succisus3
1458 1769 1668 1818 simulque
1695 1782 1771 1807 nos
1795 1769 1934 1807 docuit

333 1826 440 1864 nihil
470 1839 557 1864 esse
584 1825 685 1863 satis
712 1824 824 1862 firmi
846 1824 1041 1874 praesidii
1069 1824 1115 1862 in
1142 1823 1266 1862 rebus
1295 1824 1484 1862 fortunae
1510 1824 1685 1862 arbitrio
1714 1823 1934 1862 subiectis:

332 1893 412 1930 qua
436 1880 485 1918 de
505 1894 547 1918 re
567 1880 723 1918 librum
743 1879 817 1917 abs
837 1881 877 1917 te
905 1878 1186 1928 conscriptum
1213 1891 1263 1916 ex
1290 1878 1368 1916 hoc
1395 1878 1465 1929 qui
1492 1879 1566 1916 has
1587 1878 1723 1916 reddit
1744 1879 1930 1927 cognoui.

333 1935 440 1983 Quid
480 1935 611 1984 optari
646 1936 806 1983 poterat
844 1946 867 1971 a
905 1934 1071 1971 fortuna
1105 1933 1213 1982 quod
1248 1933 1313 1971 illi
1351 1946 1436 1971 non
1468 1933 1629 1971 affatim
1661 1932 1795 1971 fuerat
1826 1932 1936 1970 vltro

331 1989 512 2039 largita?
569 1989 742 2027 Generis
780 1987 1075 2038 antiquissima
1105 1989 1352 2035 stemmata3
1393 1988 1486 2025 tum
1519 1989 1692 2037 patruus
1731 1987 1789 2025 sic
1828 1986 1936 2035 apud

332 2043 527 2083 Carolum
556 2046 750 2081 nostrum
777 2044 993 2093 gratiosus,
1026 2044 1072 2080 vt
1100 2055 1227 2091 penes
1255 2054 1386 2080 vnum
1416 2041 1717 2091 propemodum
1747 2041 1937 2079 videatur

333 2111 421 2136 esse
434 2097 602 2147 imperii
614 2110 799 2145 summa;
819 2099 928 2135 aetas
943 2096 1327 2134 virens—nondum
1341 2096 1455 2133 enim
1471 2109 1660 2144 egressus
1674 2097 1761 2134 erat
1775 2108 1934 2133 annum

334 2153 584 2202 vigesimum
604 2152 777 2190 tertium
794 2166 802 2199 ;
832 2164 979 2200 corpus
1000 2152 1195 2201 vegetum
1214 2163 1259 2188 ac
1279 2150 1449 2188 firmum
1467 2165 1476 2198 ;
1504 2152 1590 2188 tam
1613 2149 1834 2200 multiplex
1853 2150 1937 2199 dig-

335 2207 454 2253 nitas,
472 2208 520 2245 vt
540 2206 585 2244 in
605 2206 678 2244 illo
694 2205 762 2244 vix
781 2206 958 2244 eluceret
979 2206 1172 2243 maiestas
1191 2204 1316 2255 galeri
1333 2204 1587 2243 cardinalicii
1606 2218 1614 2251 ;
1646 2217 1810 2243 morum
1830 2203 1935 2241 mira

334 2261 508 2300 facilitas
536 2261 782 2310 candorque.
844 2260 947 2298 Toto
975 2261 1137 2308 pectore
1164 2258 1327 2297 fauebat
1353 2259 1474 2297 bonis
1498 2259 1660 2307 studiis,
1692 2272 1767 2297 nec
1795 2258 1934 2296 oderat

335 2315 568 2354 Erasmum.
630 2316 748 2354 Certe
771 2314 898 2352 Viues
926 2316 1067 2352 noster
1090 2313 1371 2352 Moecenatem
1395 2313 1536 2351 amisit
1566 2314 1731 2364 qualem
1763 2312 1936 2362 posthac

335 2370 447 2408 haud
468 2369 587 2407 facile
609 2369 880 2407 nanciscetur.

390 2424 435 2461 Is
455 2423 560 2461 mihi
585 2423 688 2472 legit
715 2424 923 2473 proximas
949 2424 1044 2461 tuas
1067 2422 1117 2461 ad
1147 2435 1190 2460 se
1219 2421 1369 2460 literas.
1431 2422 1475 2460 Si
1496 2422 1602 2460 mihi
1622 2422 1788 2461 Brixius
1808 2433 1934 2472 aeque

336 2490 380 2515 ac
411 2478 552 2516 Morus
581 2479 688 2516 esset
717 2478 897 2526 ignotus,
919 2479 1062 2515 tamen
1088 2476 1271 2515 dolerem
1300 2476 1534 2515 studiorum
1559 2490 1646 2515 rem
1674 2480 1761 2516 tam
1787 2489 1936 2526 parum

335 2532 438 2569 bene
476 2531 703 2570 succedere.
775 2531 894 2570 Nunc
934 2544 1030 2569 cum
1068 2533 1241 2581 vterque
1281 2530 1334 2569 sit
1373 2531 1543 2579 amicus,
1586 2544 1683 2570 cum
1720 2530 1936 2580 vti-iusque

381 2629 474 2659 1183.
505 2637 574 2667 137.
599 2630 701 2659 nutet
716 2631 768 2659 H:
793 2629 897 2658 nutat
914 2630 962 2658 F:
988 2628 1101 2658 mutet
1120 2629 1271 2666 FCorrz'q.
1434 2629 1526 2659 1184.
1553 2628 1584 2659 8.
1610 2630 1660 2659 H:
1686 2628 1875 2658 stemmate
1894 2629 1936 2656 F.

383 2728 477 2758 1183.
510 2736 579 2765 137.
608 2726 724 2767 petra]
751 2726 803 2757 Cf.
828 2727 930 2758 Matt.
949 2737 977 2765 7.
998 2737 1048 2765 24,
1068 2735 1099 2765 5,
1167 2736 1240 2757 mm
1258 2737 1265 2764 3
1289 2737 1344 2757 see
1363 2726 1426 2767 Ep.
1446 2736 1540 2765 1073.
1558 2736 1638 2766 71n.

337 2771 434 2802 Luke
451 2771 482 2801 6.
502 2771 567 2809 483
592 2770 665 2800 also
684 2770 787 2801 Matt.
808 2771 856 2801 16.
883 2772 932 2802 18.
1212 2771 1243 2801 8.
1271 2769 1434 2810 patruus]
1460 2771 1651 2802 Chievres:
1681 2780 1737 2801 see
1770 2770 1833 2810 Ep.
1861 2779 1934 2809 532.

381 2815 476 2846 1184.
494 2823 524 2846 2.
551 2813 856 2855 Guilhelmorum]
870 2813 920 2846 Of.
933 2814 993 2853 Ep.
1008 2823 1101 2852 1003.
1169 2823 1248 2852 2711.

337 2868 417 2898 3411.
1216 2866 1262 2896 13.
1290 2867 1354 2888 nec
1371 2857 1510 2898 oderat]
1530 2857 1581 2889 Cf.
1602 2857 1663 2897 Ep.
1681 2857 1755 2896 647.
1774 2866 1827 2896 23.

379 2912 410 2941 3.
437 2900 577 2975 giwius]
595 2901 646 2938 †6
662 2901 742 2931 Jan.
760 2910 839 2939 1521
860 2913 867 2932 ε
892 2911 949 2932 see
967 2902 1028 2941 Ep.
1041 2902 1103 2940 647
1217 2911 1264 2939 14.
1292 2900 1418 2942 Viues]
1443 2902 1507 2932 See
1522 2901 1608 2940 Epp.
1624 2910 1686 2941 927
1701 2900 1845 2940 introd.‚
1858 2900 1932 2940 958.

337 2945 449 2976 intro(
463 2968 471 2975 .
1174 2954 1185 2974 1
1195 2954 1244 2983 14.

379 2990 410 3020 6.
436 2986 585 3029 librum]
604 2990 646 3018 De
658 2992 824 3025 contemptu
842 2990 1102 3026 rerumfortuita-
1218 2989 1265 3019 16.
1292 2987 1428 3028 literas]
1447 2987 1531 3019 BE4.
1550 2988 1613 3026 83;
1637 2987 1745 3019 dated
1765 2996 1804 3018 10
1819 2987 1899 3019 Jan.
