1990 3353
57 117 180 171 1205]
506 117 577 157 ΤΟ
614 117 881 156 WILLIAM
918 116 1192 155 WARHAM
1574 116 1655 154 497

51 227 276 266 laboribus.
316 227 427 265 Aula
447 226 643 265 Caesarea
664 225 790 264 soluit
810 226 991 275 primam
1006 226 1250 276 pensionem
1266 239 1339 276 pro
1355 238 1426 264 sex
1441 225 1655 263 mensibus

53 281 218 320 exactis.
280 282 373 320 Hoc
400 282 559 320 laetum
584 282 649 319 est
671 281 928 330 auspicium3
958 281 1166 330 siquidem
1190 280 1339 331 ingens
1363 280 1518 318 fauoris
1539 293 1654 329 argu-

55 338 247 373 mentum
281 338 355 382 est,
387 349 481 374 cum
513 335 613 373 haec
644 335 714 372 dat
742 334 898 384 aliquid
928 337 1065 384 preter
1093 334 1228 374 verba.
1289 335 1375 373 Nec
1404 334 1557 373 desunt
1586 333 1656 383 qui

54 390 221 428 faueant
241 390 284 428 in
305 390 396 428 aula
416 405 424 436 ;
453 389 523 428 sed
551 392 708 438 prestat
728 402 847 436 agere
867 389 977 438 quod
998 402 1085 439 agO.
1146 389 1201 427 Et
1220 388 1416 427 valetudo
1436 388 1483 426 fit
1504 388 1548 426 in
1568 388 1656 427 dies
1678 399 1717 421 ²0

53 444 314 491 imbecillior,
336 443 500 482 etiamsi
519 443 658 481 animo
678 443 786 481 nihil
807 443 978 481 decedit.

109 497 308 548 Ingentes
327 498 471 536 turbas
490 497 687 535 excitauit
708 498 919 536 Lutherus
937 511 945 544 3
975 510 1050 535 nec
1065 497 1186 535 video
1206 497 1346 544 finem,
1365 497 1447 536 nisi
1467 497 1659 536 Christus

54 555 241 590 nostram
269 552 551 591 temeritatem
580 552 637 589 ita
665 553 810 598 vertat,
835 552 1187 602 quemadmodum
1217 554 1369 590 noctua
1397 552 1503 590 solet
1531 551 1658 590 Athe-

55 606 266 645 niensium
304 606 433 645 stulta
469 606 640 644 consilia
682 606 786 644 bene
828 608 1053 644 fortunare.
1124 605 1289 643 Vellem
1333 606 1544 644 Lutherus
1586 608 1659 644 aut

55 661 251 699 tacuisset
271 661 472 710 quaedam
493 663 565 698 aut
584 660 703 698 aliter
721 660 964 710 scripsisset.
1025 660 1146 698 Nunc
1163 672 1305 698 vereor
1324 673 1376 698 ne
1395 659 1455 698 sic
1473 660 1658 698 vitemus
1680 671 1719 703 25

56 716 162 753 hanc
183 715 367 764 Scyllam
386 718 432 753 vt
453 714 686 753 incidamus
706 715 751 752 in
773 714 1029 764 Charybdim
1050 714 1184 752 multo
1205 714 1556 763 perniciosiorem.
1614 715 1658 753 Si

56 770 150 808 istis
176 771 247 820 qui
265 769 427 808 ventris
449 782 494 808 ac
518 769 759 818 tyrannidis
784 782 880 807 suae
906 781 1026 807 causa
1051 768 1158 806 nihil
1186 781 1270 806 non
1298 769 1465 817 audent,
1489 782 1554 806 res
1573 781 1659 807 suc-

56 824 174 870 cedit,
205 824 314 862 nihil
343 825 530 873 superest
559 823 639 862 nisi
668 826 714 861 vt
742 824 920 861 scribam
949 823 1209 872 epitaphium
1243 823 1410 861 Christo
1440 836 1660 872 nunquam

57 878 276 917 reuicturo.
337 880 495 917 Actum
525 880 589 915 est
617 877 666 916 de
692 877 873 916 scintilla
901 877 1116 916 charitatis
1145 877 1429 926 Euangelicae‚
1451 879 1590 916 actum
1612 877 1660 915 de

56 932 224 972 stellula
249 933 354 971 lucis
383 932 668 981 Euangelicae‚
700 935 839 971 actum
868 932 917 970 de
945 945 1051 970 vena
1078 931 1266 970 coelestis
1293 931 1531 970 doctrinae:
1560 931 1660 970 adeo
1681 942 1723 974 30

56 987 236 1037 turpiter
254 987 328 1025 isti
347 987 571 1025 adulantur
589 986 851 1037 principibus
870 988 912 1024 et
931 987 982 1024 iis
1002 986 1112 1025 vnde
1132 999 1224 1036 spes
1244 988 1306 1024 est
1331 985 1548 1034 commodi,
1566 999 1660 1023 cum

57 1054 224 1080 summa
246 1041 398 1079 iniuria
421 1041 680 1080 Christianae
699 1041 898 1080 veritatis.
959 1041 1047 1090 Ego
1074 1041 1133 1079 sic
1159 1053 1248 1078 rem
1279 1053 1447 1078 omnem
1477 1043 1662 1090 tempero

57 1098 103 1134 vt
129 1109 262 1146 neque
290 1095 421 1134 desim
451 1096 624 1134 omnino
654 1096 773 1134 bonis
803 1095 936 1134 literis
970 1097 1011 1133 et
1041 1095 1196 1144 gloriae
1230 1094 1397 1142 Christi,
1430 1108 1564 1144 neque
1594 1109 1662 1133 me

58 1150 333 1189 seditionibus
363 1151 624 1188 admisceam.
686 1150 873 1200 Affulget
903 1149 1061 1200 aliquid
1094 1149 1224 1188 bonae
1256 1149 1343 1198 spei
1373 1150 1425 1187 ab
1455 1149 1662 1199 aequitate

59 1205 210 1243 Leonis
240 1204 384 1251 nostri,
413 1204 499 1243 fore
524 1207 571 1243 vt
597 1204 669 1243 ille
696 1204 855 1243 Christi
881 1204 1058 1254 gloriam
1086 1204 1234 1242 habeat
1259 1217 1333 1242 sua
1362 1203 1577 1253 potiorem,
1597 1203 1663 1242 vel
1682 1216 1722 1246 35

58 1260 199 1309 potius
213 1261 260 1297 vt
279 1259 485 1308 intelligat
505 1272 548 1297 se
567 1261 659 1297 tum
680 1259 850 1297 demum
870 1259 958 1297 fore
978 1258 1224 1296 Pontificem
1244 1258 1484 1308 gloriosum,
1500 1258 1535 1296 si
1555 1257 1662 1296 nihil

60 1327 145 1352 non
164 1313 349 1352 conferat
368 1314 416 1351 ad
438 1313 554 1352 illius
573 1313 700 1352 vnius
719 1313 907 1364 gloriam.

114 1367 232 1416 Quod
263 1370 349 1406 tam
378 1368 538 1406 solicite
567 1368 722 1406 metuis
750 1381 803 1405 ne
832 1367 932 1418 quid
963 1367 1069 1405 mihi
1099 1367 1218 1415 desit,
1240 1380 1416 1416 agnosco
1442 1369 1663 1416 paternum

61 1422 270 1472 quendam
295 1425 417 1461 tuum
442 1422 489 1460 in
515 1435 583 1460 me
609 1423 815 1460 affectum.
876 1421 956 1460 Sed
986 1435 1071 1459 non
1101 1421 1219 1460 facile
1249 1422 1453 1471 premitur
1481 1423 1663 1470 egestate

61 1477 132 1526 qui
153 1476 296 1515 didicit
314 1489 443 1527 paruo
463 1479 684 1515 contentus
699 1489 796 1514 esse.
857 1476 1104 1526 Quanquam
1124 1489 1236 1513 nunc
1255 1479 1436 1525 satrapes
1457 1475 1663 1525 quispiam
1682 1485 1724 1516 40

1 1546 4 1548 ’
61 1531 168 1569 mihi
195 1531 347 1579 videor,
372 1531 488 1569 alens
515 1531 618 1569 duos
644 1544 772 1581 equos
798 1531 1021 1569 curatiores
1048 1543 1172 1580 quam
1198 1530 1253 1568 sit
1279 1529 1366 1579 ipse
1392 1530 1599 1577 dominus,
1624 1532 1664 1567 et

62 1586 165 1624 duos
182 1586 363 1624 famulos
383 1585 554 1624 domino
575 1598 649 1623 suo
670 1585 954 1635 elegantiores.
1003 1584 1064 1622 De
1080 1585 1307 1623 sacerdotio
1322 1584 1430 1634 quod
1448 1584 1666 1633 pollicetur

61 1644 132 1678 tua
151 1640 401 1689 benignitas,
424 1653 566 1678 vereor
591 1653 644 1678 ne
670 1653 743 1689 per
770 1640 947 1689 harpyas
976 1652 1061 1677 non
1090 1639 1220 1677 liceat.
1279 1639 1359 1677 Tot
1379 1639 1493 1676 enim
1514 1638 1666 1677 adsunt

61 1695 187 1733 isthic
215 1694 403 1733 vultures
432 1694 502 1744 qui
531 1695 677 1732 multis
707 1694 921 1732 mensibus
950 1693 1232 1742 praesentiant
1261 1693 1432 1731 cadauer
1460 1693 1661 1731 futurum.

63 1748 252 1799 Optarim
273 1749 529 1787 occasionem
551 1748 638 1787 dari
658 1761 739 1798 qua
761 1748 882 1787 liceat
910 1748 1046 1786 adhuc
1073 1748 1202 1786 semel
1228 1748 1312 1785 frui
1338 1749 1560 1797 conspectu
1588 1747 1666 1785 col-
1686 1754 1725 1786 45

61 1803 286 1853 loquioque
314 1805 409 1842 tuae
439 1803 721 1850 celsitudinis;
759 1805 801 1841 et
829 1802 999 1841 fortasse
1029 1802 1195 1840 dabitur
1222 1802 1453 1852 aliquando.
1523 1802 1665 1840 Vitam

62 1857 293 1908 longiorem
314 1870 388 1895 nec
408 1858 615 1907 deprecor,
638 1858 674 1896 si
695 1858 821 1896 donet
841 1857 1044 1904 Christus,
1069 1870 1145 1894 nec
1165 1857 1286 1895 anxie
1305 1856 1504 1895 desidero.
1564 1857 1667 1894 Tan·

65 1915 154 1950 tum
174 1912 323 1950 aetatis
343 1915 531 1961 optarem
550 1912 739 1950 accedere
757 1913 803 1950 vt
822 1915 864 1949 et
885 1912 1075 1949 animum
1101 1911 1145 1948 in
1172 1913 1213 1949 te
1240 1913 1406 1960 gratum
1433 1910 1667 1960 posteritati

0 1966 1 1973 ¹
64 1979 212 2017 queam
243 1968 445 2004 testatum
474 1967 618 2013 facere,
652 1968 694 2004 et
722 1966 962 2004 mortalium
990 1966 1152 2003 animos
1182 1966 1232 2003 ad
1262 1978 1480 2014 synceram
1510 1964 1666 2004 Christi

0 2014 1 2042 ἰ
64 2021 371 2070 philosophiam
394 2021 526 2070 magis
550 2022 675 2059 etiam
699 2021 888 2059 excitare.
952 2019 1043 2058 Hoc
1072 2019 1213 2057 animo
1244 2023 1344 2069 puto
1374 2032 1441 2057 me
1468 2019 1663 2057 maiorem
1687 2033 1728 2064 50

64 2075 239 2125 gratiam
260 2075 468 2113 initurum
488 2076 597 2124 apud
622 2075 763 2114 Iesum
790 2074 1031 2124 Principem
1057 2078 1250 2112 nostrum
1277 2087 1402 2123 quam
1428 2074 1463 2112 si
1490 2076 1554 2111 ter
1580 2073 1667 2111 diui

65 2129 181 2168 Petri
200 2129 346 2168 limina
366 2129 491 2167 nudis
516 2129 693 2179 genibus
720 2132 1011 2179 perreptarem.
1068 2129 1181 2167 Bene
1202 2128 1336 2167 valeat
1358 2129 1402 2166 T.
1422 2128 1470 2166 R.
1492 2128 1540 2166 D.
1561 2142 1571 2176 ;
1601 2127 1667 2166 cui

65 2184 186 2234 cupio
205 2183 642 2222 commendatissimus
661 2197 760 2222 esse.

119 2238 414 2287 Antuuerpiae.
438 2237 566 2276 xxiiii.
591 2237 657 2276 die
676 2237 786 2276 Maii.
836 2250 947 2276 Anno
968 2249 1145 2276 M.D.XX1.

109 2372 162 2403 29.
187 2366 240 2394 est
258 2368 328 2395 ante
345 2365 388 2395 de
404 2364 550 2396 stellula
566 2368 642 2396 add.
661 2367 702 2396 N.
793 2374 846 2404 43.
874 2364 1045 2405 harpyias
1060 2365 1101 2395 N.
1204 2372 1256 2402 52.
1280 2363 1431 2402 genibus
1446 2364 1490 2392 F:
1517 2361 1669 2402 pedibus

67 2409 107 2438 N.
196 2407 234 2440 T.
250 2407 288 2439 R.
305 2408 346 2440 D.
365 2411 410 2439 F:
436 2412 497 2440 tua
514 2409 721 2440 sublimitas
737 2412 778 2440 H.

116 2566 164 2596 17.
191 2556 386 2598 laboribus]
415 2557 489 2587 The
516 2557 603 2588 New
625 2558 834 2588 Testament
903 2565 998 2596 44-5.

69 2600 149 2640 (Ep.
177 2609 270 2639 1174.
305 2602 384 2640 15n)
417 2600 489 2631 and
521 2602 722 2641 Augustino
751 2602 831 2642 (Ep.
947 2610 997 2638 27.
1022 2598 1170 2638 ventris]
1188 2597 1239 2629 cf.
1261 2597 1325 2637 Ep.
1347 2598 1439 2628 1166.
1464 2599 1512 2628 16.

72 2652 165 2682 1144.
184 2646 266 2683 71n)
285 2655 293 2683 3
316 2644 359 2675 cf.
379 2644 441 2684 Ep.
464 2645 557 2676 1218.
578 2646 693 2684 18—19.
947 2654 999 2683 29.
1026 2641 1201 2682 scintilla]
1218 2641 1268 2673 Cf.
1288 2641 1350 2681 Ep.
1373 2651 1464 2680 1191.
1485 2642 1537 2680 38.

156 2688 312 2728 primam
359 2687 586 2729 pensionem]
630 2689 703 2719 The
742 2687 834 2719 half·
949 2697 999 2726 42,
1025 2685 1233 2724 sacerdotio]
1282 2685 1334 2715 Cf.
1371 2685 1433 2724 Ep.
1475 2686 1566 2723 1176.
1598 2686 1668 2715 1-6.

69 2731 192 2770 yearly
216 2734 397 2771 payment,
427 2740 488 2761 100
514 2732 648 2771 florins,
675 2732 713 2762 of
733 2732 836 2763 Eras-
905 2731 1066 2769 Nothing
1083 2739 1180 2760 came
1192 2729 1230 2759 of
1243 2729 1316 2759 this
1330 2729 1513 2769 proposal;
1539 2738 1594 2759 see
1610 2729 1672 2758 tho

70 2774 160 2805 mus’
185 2775 334 2814 pension
359 2785 397 2805 as
421 2775 625 2806 Councillor
654 2776 732 2815 (Ep.
762 2785 835 2814 370.
907 2777 1100 2805 Ecclesiastes
1122 2773 1206 2809 (LB.
1225 2783 1256 2804 v.
1276 2773 1338 2802 811
1360 2772 1406 2812 ε),
1425 2772 1545 2802 where
1573 2772 1672 2801 Eras-

75 2817 156 2858 1811)
180 2817 251 2848 had
270 2819 424 2858 perhaps
441 2819 528 2850 been
546 2818 649 2849 made
665 2821 702 2849 at
719 2819 836 2849 Whit-
907 2828 986 2848 mus
1004 2819 1115 2847 states
1131 2817 1211 2846 that
1229 2816 1274 2846 he
1291 2816 1363 2846 had
1380 2816 1467 2854 only
1483 2825 1550 2845 one
1569 2815 1673 2845 bene-

71 2861 227 2897 suntide.
242 2872 282 2902 19
298 2863 379 2901 May
397 2871 477 2901 1521
495 2872 503 2900 ;
526 2872 564 2893 as
578 2872 649 2893 was
665 2862 836 2902 proposed
908 2861 971 2892 fiee
991 2862 1081 2891 from
1099 2860 1280 2898 Warham,
1300 2859 1378 2890 that
1403 2859 1441 2889 of
1459 2859 1670 2898 Aldington.

74 2905 112 2936 in
134 2914 213 2943 1517
234 2907 291 2944 (cf.
308 2907 371 2945 Ep.
392 2907 467 2945 565.
492 2907 625 2943 12-16).
908 2906 942 2935 It
962 2905 991 2935 is
1008 2903 1216 2934 mentioned
1234 2904 1337 2943 again
1355 2904 1393 2933 in
1410 2903 1472 2941 Ep.
1493 2903 1583 2940 1488.

116 2958 168 2979 22.
194 2949 373 2990 Christus]
390 2949 440 2981 Cf.
460 2949 522 2989 Ep.
547 2950 638 2980 1228.
658 2958 752 2988 33-5.
951 2960 1004 2987 44.
1030 2947 1191 2986 cadauer]
1211 2947 1260 2977 Cf.
1278 2947 1345 2977 Job
1363 2956 1414 2986 39.
1430 2955 1481 2985 30,
1499 2946 1600 2976 Matt.
1619 2955 1671 2983 24.

117 2993 169 3023 26.
195 2991 364 3034 Scyllam]
377 2993 429 3025 Cf.
441 2993 528 3033 Epp.
542 2993 634 3024 1186.
650 3002 727 3032 lon,
744 2993 838 3025 1228.
908 2992 961 3032 28,
980 2991 1077 3023 Luke
1097 3001 1146 3030 17.
1165 2999 1216 3029 37.

137 3058 213 3079 ⁴524
838 3059 865 3084 K
889 3048 915 3085 k
