1990 3353
61 128 182 183 1218]
579 131 649 170 TO
688 130 950 169 RICHARD
988 129 1137 168 PACE
1579 131 1656 169 541

56 240 212 279 seruari
250 240 408 289 nollet;
455 241 693 291 frequenter
732 242 772 278 et
810 240 915 278 meis
952 239 1104 278 litteris
1141 242 1181 278 et
1219 240 1449 279 amicorum
1487 240 1658 279 vocibus

56 295 297 333 admonitus
325 298 370 333 vt
404 295 491 334 stili
525 308 768 333 mucronem
798 296 1058 344 temperaret.
1128 294 1260 333 Tanta
1292 296 1354 333 est
1390 295 1504 332 enim
1535 294 1579 332 in
1610 308 1656 333 eo
1677 310 1694 342 5

55 349 256 388 acerbitas
284 351 342 397 vt,
376 349 503 388 etiam
533 350 568 387 si
602 349 743 387 onmia
774 351 912 386 essent
942 347 1161 387 verissima
1193 362 1273 398 que
1307 348 1481 398 scripsit,
1517 351 1657 386 tamen

55 416 120 441 res
148 417 234 442 non
262 404 442 453 potuerit
471 404 622 442 habere
650 403 813 440 felicem
843 403 1013 440 exitum.
1072 404 1129 441 At
1154 416 1297 441 vereor
1317 416 1368 441 ne
1388 403 1595 441 Iacobitae
1616 406 1655 441 et

56 457 241 507 theologi
260 458 430 507 quidam
459 470 606 507 parum
632 457 842 495 moderate
872 456 957 494 sint
976 457 1092 495 vsuri
1111 456 1284 495 victoria
1310 470 1408 505 sua;
1438 457 1657 507 presertim

55 510 347 557 Louanienses‚
372 525 475 562 quos
494 512 619 550 habet
639 511 851 560 priuatum
872 510 1081 560 quoddam
1101 511 1146 548 in
1173 524 1239 550 me
1259 511 1414 550 odium.
1472 512 1526 550 Et
1548 512 1655 550 nacti

55 569 155 604 sunt
184 567 234 604 ad
264 579 354 604 eam
381 579 471 604 rem
501 579 702 615 organum
731 565 852 615 longe
880 565 1324 612 accommodissimum,
1348 566 1658 615 Hieronymum
1681 581 1719 603 10

55 620 330 659 Aleandrum.
391 620 435 658 Is
455 621 559 659 satis
577 620 736 658 insanit
757 621 902 669 suapte
921 621 1081 668 natura,
1104 619 1269 658 etiamsi
1288 620 1431 658 nullus
1458 620 1631 670 instiget
1650 636 1657 661 :

56 687 169 713 nunc
188 674 314 716 habet
333 673 599 724 instigatores
619 674 691 724 qui
710 673 872 724 possint
891 673 1019 712 etiam
1039 673 1422 712 moderatissimum
1441 674 1659 724 ingenium

55 729 106 767 ad
120 728 339 767 ‘insaniam
367 729 544 778 adigere.
603 728 834 767 Prouolant
852 728 1036 777 vndique
1055 727 1189 766 libelli
1207 728 1547 768 virulentissimi:
1582 729 1659 767 hos

57 796 203 822 omnes
241 783 348 821 mihi
392 783 541 822 tribuit
582 782 803 830 Aleander,
845 795 941 820 cum
979 794 1054 831 ego
1092 782 1249 821 multos
1294 783 1495 820 nescirem
1537 786 1659 822 natos

55 838 298 888 priusquam
317 851 367 875 ex
386 837 460 875 illo
480 850 780 887 cognoscerem.
839 836 1033 886 Agnouit
1054 836 1263 875 Lutherus
1288 849 1385 875 suos
1406 837 1532 875 libros
1552 838 1658 886 apud
1680 852 1718 884 15

57 893 270 931 Cesarem:
304 894 346 930 et
374 894 517 930 tamen
547 906 597 930 ex
626 891 693 930 his
721 891 831 929 mihi
859 891 1008 929 tribuit
1028 891 1323 941 Captiuitatem
1344 891 1655 941 Babylonicam.

58 945 92 984 Ο
120 960 188 984 me
216 947 455 993 fecundum,
479 947 549 997 qui
578 949 639 984 tot
669 945 824 984 libellis
853 945 1084 984 scribendis
1114 945 1343 984 sufficiam!
1374 959 1469 984 cum
1489 946 1659 984 interim

57 1001 303 1039 difficillimo
332 1001 474 1039 labore
511 1001 801 1039 reconcinnem
835 999 1006 1039 Nouum
1039 1000 1366 1045 Testamentum,
1403 1000 1657 1050 castig<em>

57 1055 289 1105 Augustini
326 1056 472 1102 libros,
502 1058 640 1105 preter
672 1055 774 1094 alias
813 1055 942 1093 studii
975 1054 1201 1104 portiones.
1263 1054 1507 1104 Dispeream
1545 1055 1582 1093 si
1615 1055 1658 1092 in

58 1110 252 1148 omnibus
272 1110 448 1148 Lutheri
477 1110 596 1148 libris
627 1112 689 1148 est
711 1123 795 1148 vna
824 1109 983 1159 syllaba
1013 1123 1114 1156 mea,
1137 1111 1208 1148 aut
1237 1109 1274 1147 si
1292 1109 1405 1148 vllus
1434 1108 1660 1148 maledicus
1681 1125 1720 1146 20

57 1163 162 1202 liber
182 1177 248 1202 me
268 1166 411 1202 autore
429 1164 608 1214 prodiit:
639 1165 724 1202 imo
745 1164 929 1202 deterreo
949 1164 1106 1202 sedulo.

112 1219 234 1256 Nunc
262 1219 340 1257 hoc
369 1222 509 1269 agunt,
539 1221 585 1257 vt
615 1219 788 1257 doceant
817 1218 1052 1256 Lutherum
1082 1218 1261 1267 quedam
1289 1217 1476 1256 hausisse
1506 1231 1527 1255 e
1555 1218 1659 1256 meis

56 1272 183 1319 libris,
207 1273 324 1323 quasi
343 1286 428 1311 non
449 1273 568 1322 plura
590 1273 775 1312 hauserit
794 1286 844 1311 ex
863 1272 1062 1322 Epistolis
1080 1272 1282 1311 Paulinis.
1343 1272 1463 1310 Nunc
1490 1273 1659 1311 demum

58 1328 190 1366 sentio
216 1329 294 1366 hoc
313 1328 441 1366 fuisse
467 1327 688 1366 consilium
710 1328 1026 1374 Germanorum,
1050 1329 1096 1365 vt
1122 1340 1189 1365 me
1208 1327 1419 1365 volentem
1446 1327 1659 1365 nolentem

57 1382 345 1431 pertraherent
374 1382 420 1420 in
449 1382 626 1421 Lutheri
654 1382 884 1432 negocium.
944 1381 1240 1420 Inconsultum
1267 1394 1336 1419 me
1366 1381 1503 1419 hercle
1532 1382 1660 1420 consi·
1681 1395 1719 1427 25

56 1437 175 1475 lium.
235 1436 324 1484 Qua
361 1449 406 1474 re
443 1450 510 1474 me
548 1437 686 1486 potius
722 1437 1005 1475 alienassent‘?
1059 1438 1149 1474 Aut
1184 1435 1282 1486 quid
1319 1449 1392 1485 ego
1431 1437 1660 1485 potuissem

59 1491 256 1541 opitulari
277 1491 474 1539 Luthero,
498 1491 534 1529 si
562 1505 628 1529 me
654 1491 829 1540 periculi
855 1491 1050 1529 comitem
1078 1490 1278 1537 fecissem,
1302 1490 1386 1528 nisi
1406 1492 1450 1528 vt
1481 1504 1554 1540 pro
1574 1504 1658 1528 vno

3 1552 6 1555 '
57 1545 240 1595 perirent
271 1546 385 1587 duo?
441 1545 531 1593 Quo
560 1545 709 1595 spiritu
739 1545 811 1584 ille
839 1545 1048 1594 scripserit
1078 1558 1163 1583 non
1192 1558 1295 1594 queo
1325 1544 1425 1583 satis
1453 1545 1658 1591 demirari,

58 1602 164 1638 certe
193 1600 397 1638 bonarum
425 1599 658 1638 litterarum
685 1600 864 1638 cultores
892 1600 1053 1649 ingenti
1079 1600 1271 1649 grauauit
1297 1598 1468 1637 inuidia.
1528 1598 1659 1637 Multa

0 1654 1 1674 ³
58 1655 227 1704 quidem
265 1654 446 1704 preclare
485 1656 526 1692 et
565 1654 704 1693 docuit
739 1658 778 1692 et
812 1654 990 1692 monuit.
1062 1655 1202 1704 Atque
1238 1653 1401 1692 vtinam
1439 1666 1515 1692 sua
1553 1654 1659 1691 bona
1680 1668 1720 1698 30

58 1709 179 1747 malis
197 1708 529 1747 intolerabilibus
550 1722 635 1747 non
658 1709 874 1747 viciasset!
932 1708 1049 1756 Quod
1077 1708 1114 1746 si
1145 1708 1286 1746 omnia
1317 1708 1383 1758 pie
1414 1707 1656 1758 scripsisset,

58 1776 143 1801 non
164 1767 305 1802 tamen
325 1767 409 1801 erat
429 1764 600 1802 animus
620 1763 670 1802 ob
690 1763 908 1802 veritatem
936 1763 1067 1812 capite
1092 1762 1333 1812 periclitari.
1392 1763 1488 1801 Non
1515 1775 1660 1800 omnes·

58 1818 109 1856 ad
138 1817 389 1867 martyrium
418 1818 518 1856 satis
546 1818 702 1856 habent
731 1817 899 1856 roboris.
957 1817 1112 1855 Vereor
1136 1817 1251 1855 enim
1281 1830 1346 1865 ne,
1371 1817 1406 1856 si
1433 1816 1531 1866 quid
1562 1817 1659 1855 inci-

58 1872 172 1910 deret
193 1872 411 1919 tumultus,
435 1872 613 1911 Petrum
632 1872 713 1910 sim
733 1872 987 1910 imitaturus.
1046 1872 1273 1910 Pontifices
1297 1885 1342 1910 ac
1363 1872 1529 1911 Cesares
1555 1871 1659 1909 bene

59 1927 327 1965 decernentes
365 1940 523 1977 sequor,
557 1927 665 1977 quod
703 1927 820 1977 pium
855 1929 943 1974 est;
991 1926 1101 1964 male
1138 1928 1370 1964 statuentes
1408 1926 1506 1972 fero,
1549 1925 1657 1976 quod
1679 1935 1717 1967 35

57 1983 201 2019 tutum
236 1983 310 2019 est.
368 1981 418 2019 Id
451 1981 599 2032 opinor
632 1981 760 2019 etiam
793 1981 915 2019 bonis
945 1981 1047 2019 viris
1081 1980 1215 2027 licere,
1250 1981 1286 2018 si
1319 1980 1436 2019 nulla
1473 1980 1527 2017 sit
1565 1993 1658 2029 spes

58 2035 279 2085 profectus.
338 2036 401 2074 Ac
421 2049 566 2074 rursus
583 2035 774 2074 libellum
794 2035 842 2074 de
864 2035 974 2073 Iulio
994 2035 1100 2073 mihi
1126 2035 1366 2084 impingunt
1385 2049 1393 2082 ;
1423 2035 1523 2072 adeo
1551 2035 1659 2072 nihil

57 2090 299 2140 relinquunt
326 2090 595 2138 intentatum,
621 2103 702 2140 quo
729 2090 868 2128 ledant
899 2103 984 2128 non
1013 2092 1100 2128 tam
1129 2103 1196 2127 me
1216 2102 1341 2139 quam
1370 2089 1477 2127 bona
1507 2089 1658 2135 studia,

60 2158 138 2194 que
158 2144 318 2182 nollent
337 2144 409 2182 isti
429 2145 485 2183 sic
504 2144 761 2183 efflorescere.

114 2199 193 2237 Sed
223 2199 272 2237 de
301 2212 369 2237 me
387 2199 540 2237 viderit
566 2199 766 2246 Christus,
795 2199 859 2237 cui
887 2211 1049 2248 semper
1078 2211 1194 2236 meae
1223 2198 1407 2236 seruient
1436 2197 1658 2236 litterulae.
1679 2206 1720 2236 40

60 2253 334 2303 Posteaquam
355 2254 567 2292 Lutherus
588 2253 690 2292 abiit
709 2253 754 2291 in
775 2252 949 2300 fauillas,
969 2266 1143 2302 eamque
1162 2253 1330 2291 laudem
1350 2252 1429 2290 sibi
1444 2251 1659 2290 vindicant

61 2307 346 2346 Predicatores
374 2321 419 2346 ac
448 2308 630 2357 theologi
659 2307 830 2357 quidam
860 2321 945 2346 non
974 2307 1202 2345 admodum
1231 2307 1404 2356 synceri,
1430 2306 1659 2344 videndum

61 2365 123 2400 est
143 2362 320 2400 cordatis
345 2362 616 2412 principibus,
639 2376 690 2400 ne
717 2363 781 2400 ius
807 2362 969 2400 laxetur
988 2362 1081 2400 istis
1106 2361 1293 2400 seniendi
1321 2361 1365 2399 in
1392 2360 1585 2399 innoxios
1615 2373 1659 2398 ac

61 2416 110 2454 de
140 2416 337 2465 religione
366 2416 600 2455 Christiana
628 2416 958 2463 benemerentes,
987 2429 1089 2454 neue
1123 2416 1183 2453 ita
1210 2416 1393 2454 feramur
1421 2415 1514 2453 odio
1542 2415 1587 2453 in
1616 2428 1662 2453 ea

61 2484 140 2521 que
161 2470 268 2509 male
288 2471 452 2520 scripsit
471 2471 690 2518 Lutherus,
715 2474 761 2509 vt
782 2484 803 2509 e
823 2471 1052 2509 benedictis
1071 2470 1256 2508 fructum
1275 2470 1531 2508 amittamus.
1680 2486 1719 2517 45

117 2524 258 2563 Cetera
293 2538 512 2574 cognosces
546 2539 567 2563 e
601 2525 708 2564 Mori
746 2525 909 2564 litteris.
980 2525 1028 2563 R.
1064 2524 1112 2563 D.
1147 2523 1368 2570 Cardinali,
1404 2528 1578 2574 patrono
1616 2537 1660 2562 ac

109 2629 136 2657 7.
164 2619 336 2658 Iacobitej
355 2621 406 2648 ef.
429 2618 491 2658 ΕΙ).
516 2626 608 2657 1153.
632 2627 727 2656 113n.
937 2627 988 2647 22.
1016 2616 1192 2657 hausisse]
1213 2617 1263 2647 Cf.
1285 2617 1347 2656 Ep.
1370 2627 1462 2656 1195.
1483 2617 1536 2648 62.

111 2671 157 2700 13.
184 2661 315 2702 libelli]
340 2661 392 2692 Cf.
411 2662 473 2701 Ep.
497 2671 588 2701 1195.
607 2671 664 2699 411.
937 2671 989 2700 37.
1017 2661 1059 2690 de
1076 2660 1189 2701 Iulio]
1207 2660 1271 2691 See
1288 2660 1352 2699 Ep.
1371 2670 1434 2699 502
1453 2661 1584 2692 introd.

112 2714 159 2743 15.
189 2706 348 2744 Agnouit
374 2705 570 2746 Lutherus]
594 2706 642 2735 At
667 2705 724 2736 his
748 2704 825 2735 first
938 2714 990 2742 41.
1016 2703 1211 2743 Lutherus]
1228 2715 1268 2735 sc.
1294 2703 1379 2734 libri
1398 2705 1556 2743 Lutheri,
1581 2714 1618 2735 as
1642 2715 1662 2736 a

63 2750 252 2780 interview
275 2749 367 2779 with
391 2748 537 2779 Cliarles
561 2758 605 2779 on
634 2759 671 2787 17
698 2749 827 2788 April:
897 2757 1139 2786 consequence
1151 2747 1353 2778 ofCharles'
1366 2748 1461 2778 edict
1474 2748 1551 2789 (Ep.
1566 2758 1658 2788 1192.

63 2802 119 2823 see
144 2796 224 2822 Acta
250 2796 434 2823 11'0rmcetiae
453 2794 570 2827 habita,
590 2794 627 2822 in
654 2793 709 2822 his
735 2794 828 2828 Opera
899 2793 983 2830 6611)
1008 2803 1014 2822 :
1053 2792 1095 2821 cf·
1127 2791 1190 2830 Ep.
1218 2801 1311 2822 1221.
1337 2801 1432 2830 41-4,
1467 2792 1539 2822 also
1572 2792 1658 2831 Epp.

64 2836 312 2876 Latina‚vol.ii.
344 2836 828 2875 Cf.Epp.1219.88,1236.141.
902 2845 994 2866 1102.
1016 2845 1091 2873 1311,
1115 2844 1206 2873 1157.
1227 2836 1257 2868 6,
1281 2836 1375 2866 1186.
1398 2845 1472 2874 15¹¹·

112 2882 159 2910 16.
185 2879 329 2919 tribuit]
346 2889 387 2910 sc.
407 2880 600 2910 Alrauder.
943 2880 996 2916 46.
1022 2879 1111 2909 Mori
1130 2877 1278 2919 litteris]
1299 2879 1365 2910 Not
1383 2881 1518 2909 extant.

152 2923 419 2963 Cam-fluitatem]
439 2924 503 2954 See
521 2923 583 2962 Ep.
609 2932 699 2961 1217.
719 2923 798 2961 38n.
987 2921 1187 2962 Cardinali]
1223 2922 1390 2961 &Volseyt
1425 2923 1542 2953 who».-
1579 2922 1659 2951 mis-

112 2967 162 2998 18.
185 2966 470 3006 Testamentum]
484 2967 547 2998 See
564 2966 623 3005 Ep.
643 2976 734 3005 1174.
753 2976 826 3005 15n.
899 2968 977 2997 sion
1003 2971 1038 2996 to
1055 2965 1115 2996 th(¹
1133 2965 1329 2996 Continent
1350 2970 1420 3005 gsec
1440 2977 1470 3006 p.
1493 2965 1570 3005 551)
1590 2975 1662 2995 was

112 3020 160 3049 19.
186 3010 396 3050 Augustini]
415 3010 478 3041 See
498 3011 559 3050 Ep.
583 3019 672 3048 1144.
693 3020 770 3049 7¹¹¹·
901 3020 980 3040 now
1000 3010 1104 3048 being
1122 3009 1353 3049 anticipated.
