1990 3353
149 143 268 195 1114]
572 141 641 180 TO
680 139 947 178 ALOISIUS
986 136 1327 176 MARLIANUS
1669 133 1749 171 289

144 253 324 291 Barbirii
341 252 474 291 literis
496 251 643 300 accepi,
667 252 844 300 gratiam
864 251 1006 297 habeo,
1027 252 1069 287 et
1088 249 1255 287 animus
1273 249 1337 286 est
1365 246 1492 296 sequi.
1550 244 1747 282 Adissem

143 309 230 357 ipse
257 307 304 345 R.
322 307 368 344 Τ.
385 307 448 351 P.‚
477 307 547 344 sed
574 306 708 344 adhuc
734 304 888 343 tenella
915 306 979 342 est
1004 303 1225 349 valetudo,
1254 315 1352 340 nam
1378 303 1516 339 aestus
1543 298 1743 347 superior,

143 374 268 412 quem
289 361 522 405 Phaethon,
545 359 701 409 opinor,
724 371 867 398 rursus
885 359 1078 397 admotus
1097 357 1197 395 solis
1217 355 1354 395 currui
1375 354 1497 393 nobis
1517 353 1746 395 inuexerat,

143 429 210 454 me
255 415 555 465 propemodum
599 414 787 453 confecit.
847 413 961 451 Bene
1006 412 1141 451 valeat
1183 412 1230 450 R.
1249 412 1293 449 Τ.
1310 410 1372 456 Ρ.,
1410 409 1476 447 cui
1511 420 1577 444 me
1612 405 1747 444 modis

143 470 340 508 omnibus
360 469 618 507 commendo.
679 465 901 520 [111.1).Χ1Χ.]

574 633 697 674 1115.
758 632 820 672 To
853 630 1042 672 GEORGE
1072 629 1320 671 HALEWIN.

188 741 384 787 Epistolae
402 742 449 777 ad
468 742 633 777 diuersos
651 754 686 787 p.
708 751 789 786 495.
1473 735 1654 771 Louvain.

189 799 281 835 HN:
308 800 424 835 Lond.
444 800 510 835 xii.
529 802 600 836 26:
627 799 704 834 Lss.
727 809 804 845 510.
1417 805 1455 831 21
1477 795 1577 830 June
1601 803 1704 839 1520.

186 898 373 939 [Halewin
391 897 468 936 (Ep.
487 897 566 935 641)
584 896 657 927 had
674 896 721 936 by
736 896 812 926 this
829 896 916 926 time
938 895 1047 926 taken
1070 894 1204 933 orders,
1222 894 1295 925 and
1317 888 1392 925 was
1415 895 1453 924 at
1476 893 1652 932 Brussels,
1671 902 1750 932 pre-

140 943 269 982 paring
292 943 329 972 to
353 941 479 972 attend
502 940 651 971 Charles
674 940 711 971 to
735 940 798 970 the
823 940 985 978 meeting
1008 939 1101 970 with
1128 938 1256 978 Henry
1282 946 1353 968 vut
1378 938 1417 968 at
1441 936 1651 968 Gravelines
1674 936 1747 966 and

141 985 260 1017 Calais
285 985 364 1024 (Ep.
394 986 487 1016 1106.
513 984 610 1024 93n).
659 983 695 1014 It
718 992 793 1014 was
814 983 969 1022 perhaps
992 983 1055 1013 the
1078 982 1171 1022 hope
1195 982 1233 1012 of
1253 982 1375 1021 seeing
1398 981 1570 1012 Erasmus
1593 990 1640 1010 on
1664 980 1745 1010 that

141 1031 304 1060 occasion
322 1028 444 1059 which
465 1027 600 1059 evoked
620 1027 684 1058 the
705 1027 814 1058 letter
836 1025 1022 1057 answered
1046 1026 1141 1057 here.
1187 1025 1262 1056 The
1286 1025 1471 1066 year-date
1495 1025 1525 1056 is
1549 1023 1744 1055 confirmed

141 1073 189 1112 by
205 1071 379 1104 Hutten's
395 1073 481 1102 visit
497 1073 534 1102 to
551 1071 760 1102 Ferdinand
778 1071 818 1111 (l.
836 1069 923 1111 45).]

236 1192 509 1223 CLARISSIMO
542 1190 650 1220 VIRO
682 1191 892 1229 GEORGIO,
915 1190 1115 1220 HALOINI
1147 1189 1426 1227 COMINIIQVE
1458 1189 1652 1219 DOMINO.

653 1260 861 1291 ERASMVS
890 1259 1111 1290 ROTEROD.
1132 1259 1168 1290 S.
1190 1259 1234 1291 D.

197 1361 310 1399 Mun
330 1375 428 1399 vero
448 1361 718 1398 vehementer
737 1360 967 1398 iucundum
990 1360 1069 1398 fuit
1090 1360 1198 1409 quod
1222 1359 1363 1397 animo
1384 1359 1573 1396 nondum
1594 1358 1746 1396 excidit

142 1415 347 1453 amiculus
363 1416 565 1454 Erasmus
582 1429 590 1462 ;
612 1428 735 1464 quem
753 1413 926 1463 epistola
941 1427 1106 1464 quoque
1123 1414 1316 1463 digneris,
1332 1413 1398 1451 vir
1418 1416 1570 1451 tantus.
1615 1412 1746 1450 Locus

144 1470 216 1519 qui
254 1473 295 1508 te
332 1471 475 1508 mouet
512 1470 557 1507 in
597 1468 737 1507 Moria.
781 1482 862 1517 quo
899 1481 1023 1506 sensu
1063 1469 1240 1506 dixerim
1279 1467 1479 1517 quaedam
1513 1481 1609 1505 vere
1646 1480 1746 1513 esse,

145 1524 385 1573 perspicuus
414 1524 493 1562 erit
522 1523 559 1561 si
587 1523 831 1561 memineris
858 1522 1021 1561 fabulae
1052 1522 1291 1561 Platonicae
1320 1522 1369 1560 de
1400 1535 1522 1571 specu
1549 1524 1674 1571 atque
1700 1522 1744 1559 in

143 1579 220 1617 hoc
249 1578 373 1625 natis,
408 1578 481 1628 qui
509 1591 648 1615 rerum
677 1577 847 1615 vmbras
881 1590 954 1626 pro
989 1577 1098 1615 veris
1131 1578 1255 1615 rebus
1290 1576 1560 1614 admirantur.
1634 1576 1745 1624 Quae

143 1645 267 1671 sensu
303 1632 722 1682 comprehenduntur,
755 1644 852 1669 vere
888 1645 972 1669 non
1007 1635 1122 1677 sunt,
1153 1631 1351 1681 quoniam
1387 1644 1518 1680 neque
1551 1633 1748 1679 perpetua

144 1689 244 1725 sunt
265 1700 397 1737 neque
417 1700 579 1736 semper
599 1686 744 1724 eodem
765 1685 888 1724 modo
907 1687 1016 1724 sunt.
1078 1686 1173 1724 Sola
1195 1699 1290 1724 vere
1311 1688 1409 1723 sunt
1437 1698 1539 1735 quae
1568 1687 1746 1723 contem-

144 1741 327 1791 platione
367 1743 521 1779 mentis
559 1740 983 1790 comprehenduntur.
1053 1741 1102 1779 Id
1150 1754 1244 1778 cum
1292 1740 1415 1778 Plato
1461 1739 1607 1777 multis
1648 1739 1749 1777 locis

144 1796 332 1843 inculcat,
356 1799 448 1834 tum
473 1795 718 1833 Aristoteles
738 1794 782 1832 in
803 1794 922 1832 libris
948 1808 1086 1833 rerum
1113 1795 1535 1833 vltramundanarum
1563 1796 1746 1832 testatur.

144 1851 198 1889 Et
220 1851 376 1888 Paulus
396 1849 595 1900 epistolae
614 1849 663 1887 ad
685 1849 925 1887 Corinthios
948 1862 981 1887 2.
1005 1862 1090 1899 cap.
1112 1863 1146 1896 4.
1168 1863 1174 1885 :
1210 1852 1218 1868 ‘
1232 1849 1327 1887 Non
1348 1849 1750 1897 contemplantibus'

144 1905 292 1954 inquit,
331 1904 474 1942 ‘nobis
502 1917 606 1954 quae
636 1903 841 1943 videntur.
874 1904 944 1942 sed
977 1917 1081 1954 quae
1108 1917 1191 1942 non
1222 1904 1429 1942 videntur.
1492 1903 1602 1950 Quae
1636 1903 1746 1940 enim

145 1959 352 2005 vident-ur,
375 1959 620 2008 temporalia
640 1960 741 1996 sunt
761 1971 770 2004 ;
800 1971 902 2008 quae
923 1961 1066 1996 autem
1087 1971 1173 1996 non
1193 1959 1401 2006 videntur,
1425 1959 1591 1995 aeterna
1611 1960 1709 1995 sunt
1724 1958 1744 1996 ⁹.

143 2013 202 2052 Vt
231 2016 371 2052 autem
403 2014 593 2051 omnium
621 2012 924 2062 perfectissime
953 2015 1016 2050 est
1050 2013 1175 2061 Deus,
1209 2012 1306 2062 quia
1341 2011 1651 2061 simplicissime
1685 2014 1748 2049 est

144 2068 472 2117 longissimeque
500 2067 617 2105 abest
643 2080 666 2104 a
691 2067 964 2105 crassitudine
993 2079 1134 2105 rerum
1161 2067 1453 2112 sensibilium;
1483 2067 1542 2103 ita
1568 2079 1672 2115 quae
1698 2067 1747 2103 ad

144 2122 268 2160 illum
301 2125 490 2172 proxime
523 2121 734 2168 accedunt,
773 2122 990 2159 verissime
1024 2122 1222 2159 dicuntur
1253 2134 1352 2159 esse.
1413 2121 1481 2159 Sic
1515 2121 1654 2158 verius
1687 2123 1749 2158 est
1795 2134 1808 2153 ι

144 2176 284 2214 anima
310 2189 433 2226 quam
453 2189 610 2226 corpuS.
670 2176 917 2225 Quanquam
937 2177 1076 2214 autem
1098 2176 1371 2225 philosophus
1391 2175 1600 2213 abducens
1619 2187 1707 2212 sese
1727 2188 1749 2212 a

145 2231 270 2269 rebus
290 2230 559 2269 sensibilibus
580 2230 804 2268 meditatur
823 2231 1218 2279 contemplationem
1239 2243 1378 2267 rerum
1399 2229 1744 2278 intelligibilium,

146 2289 285 2323 tamen
313 2285 364 2323 iis
391 2298 476 2323 non
502 2286 658 2323 fruitur
682 2284 872 2334 perfecte,
897 2284 980 2323 nisi
1007 2298 1101 2323 cum
1128 2285 1306 2330 animus,
1338 2284 1554 2333 expeditus
1583 2283 1749 2330 organis

146 2339 432 2378 materialibus
466 2353 539 2389 per
571 2352 674 2388 quae
709 2352 819 2376 nunc
851 2339 948 2388 agit,
983 2341 1115 2378 totam
1148 2339 1238 2377 vim
1267 2352 1386 2376 suam
1417 2338 1562 2375 exerit.
1620 2337 1749 2376 Porro

145 2395 311 2432 tametsi
332 2397 431 2432 sunt
450 2393 561 2432 vires
581 2393 783 2443 quaedam
805 2406 907 2443 quas
933 2396 1118 2431 excercet
1138 2393 1305 2431 animus
1332 2406 1402 2442 per
1430 2405 1582 2441 organa
1608 2392 1749 2430 minus

145 2448 342 2486 materiae
364 2448 551 2496 obnoxia,
569 2447 703 2486 veluti
723 2461 818 2486 cum
839 2448 1052 2498 intelligit,
1072 2461 1168 2486 cum
1189 2447 1392 2492 meminit,
1411 2449 1553 2484 tamen
1575 2447 1749 2485 dubium

146 2507 209 2540 est
241 2502 350 2551 apud
380 2502 651 2552 philosophos
679 2515 731 2540 an
762 2515 893 2549 mens,
925 2516 1052 2551 quam
1087 2503 1233 2540 Graeci
1266 2504 1415 2540 vocant
1448 2503 1545 2549 νοῦν,
1577 2501 1749 2539 0111111110

146 2556 370 2606 quicquam
390 2558 482 2605 agat
502 2557 547 2594 in
567 2569 744 2606 corpore,
770 2556 887 2594 nullo
908 2557 1090 2606 corporis
1111 2569 1277 2605 organo,

191 2694 287 2723 1114.
317 2701 366 2730 14.
395 2691 432 2723 R.
448 2691 485 2722 T.
500 2692 538 2724 P.
556 2695 604 2723 F:
629 2695 662 2723 te
687 2696 729 2724 H.
916 2694 964 2725 16.
992 2692 1112 2723 valeat
1130 2716 1138 2723 .
1159 2717 1164 2723 .
1184 2715 1191 2722 .
1213 2701 1262 2732 17.
1288 2693 1499 2724 commendo
1523 2695 1572 2723 F:
1602 2692 1680 2723 vale
1704 2695 1746 2723 Η.

151 2747 197 2776 ¹7-
225 2744 362 2767 M.D.xxx
376 2737 450 2765 add.
469 2738 510 2767 H.
649 2737 742 2768 1115.
770 2738 800 2768 6.
827 2747 908 2768 vere
927 2738 1078 2774 FCorriy.
1095 2747 1102 2766 ·.
1126 2745 1230 2767 verae
1246 2738 1284 2767 F.

194 2885 286 2916 1114.
310 2893 357 2923 ¹3·
385 2881 516 2922 literis]
535 2883 604 2914 Not
616 2886 753 2914 extant.
1029 2884 1122 2915 1115.
1144 2894 1174 2923 3.
1201 2885 1240 2915 in
1259 2885 1386 2922 Moria]
1405 2885 1475 2916 LB.
1490 2886 1645 2924 iv.50013.
1677 2885 1750 2915 The

195 2939 244 2968 14.
268 2926 452 2968 valetudo]
469 2926 533 2957 See
550 2927 612 2967 Ep.
636 2936 728 2958 1112.
756 2927 888 2959 introd.
983 2928 1162 2958 reference
1180 2930 1216 2958 to
1232 2928 1336 2959 Plato
1352 2929 1442 2970 (Rep.
1463 2929 1517 2960 bk.
1540 2931 1573 2968 7)
1593 2931 1623 2960 is
1643 2929 1751 2968 given

234 2970 370 3011 aestus]
396 2970 464 3001 Fon·
498 2970 679 3002 Erasmus’
716 2970 847 3001 dislike
877 2972 917 3002 of
983 2970 1069 3002 ibid.
1089 2980 1179 3010 4511>
1195 2970 1267 3002 and
1282 2981 1384 3011 5001).

148 3017 212 3048 hot
222 3015 383 3046 weather
395 3014 440 3046 cf.
459 3013 546 3053 Epp.
569 3023 660 3053 1117.
681 3014 730 3054 16,
752 3023 846 3054 1205.
863 3023 911 3054 15.
1029 3024 1076 3046 10.
1106 3014 1253 3056 Paulus]
1272 3025 1292 3046 2
1310 3016 1387 3047 Cor.
1405 3026 1435 3054 4.
1460 3017 1508 3047 18.

217 3083 289 3106 mm
934 3089 963 3115 U

1773 1862 1811 1883 10

1770 2406 1812 2428 20
