1990 3353
246 321 308 362 640

239 1134 300 1174 655

236 1407 299 1437 (160

229 2491 293 2520 680

224 2762 286 2801 (185

331 150 411 190 176
793 152 1042 192 LETTERS
1080 153 1149 191 OF
1187 153 1452 193 ERASMUS
1801 153 1928 208 [1520

327 262 436 311 apud
457 262 762 312 typographum
782 261 1084 302 Theodericum
1103 262 1409 302 Louaniensem
1429 278 1450 302 e
1471 264 1584 313 prelo
1610 264 1858 304 mittebatur
1880 279 1927 306 ac

327 317 549 365 prostabat.
609 318 666 356 Vt
690 317 757 355 vel
784 330 900 355 caeco
929 319 1123 366 appareat
1153 331 1236 355 non
1266 318 1345 356 alio
1374 318 1547 356 consilio
1578 319 1923 367 procrastinatum

325 382 423 416 esse,
453 371 535 409 nisi
557 373 602 409 vt
625 370 866 421 priusquam
895 383 1013 409 meus
1037 371 1145 409 liber
1168 371 1245 410 sub
1272 372 1387 421 prelo
1413 374 1536 418 esset,
1557 375 1602 411 tu
1627 372 1711 411 iam
1734 374 1923 413 omnium

326 424 465 463 oculos
487 438 594 463 noua
614 425 689 463 hac
709 425 849 463 fabula
867 425 1177 474 perstringeres,
1201 439 1326 476 quam
1343 440 1415 464 ceu
1443 426 1656 465 oraculum
1680 427 1926 467 obtruderes

323 479 466 529 ignaro
497 479 631 517 adhuc
666 492 805 518 rerum
834 479 1008 526 lectori3
1037 479 1244 529 simulque
1274 480 1406 518 videri
1437 493 1576 530 posses
1604 494 1672 519 mc
1699 495 1845 531 vrgere
1871 483 1924 521 ad

323 533 674 582 promulgandum
695 547 808 582 opus,
831 533 946 583 quasi
966 533 1061 571 inde
1083 535 1224 584 cupias
1245 534 1370 572 fidem
1392 547 1478 573 esse
1497 535 1648 573 factam
1675 536 1818 574 lectori
1838 550 1922 575 non

288 602 303 631 5
324 590 365 625 te
402 587 627 636 impedisse
664 587 973 638 euulgationem
1012 588 1158 638 operis,
1200 588 1309 638 quod
1348 591 1434 627 tam
1478 589 1663 639 impense
1706 590 1840 629 ambis
1878 593 1923 630 vt

322 640 713 746 θαὲξὲἓιιέεεῖἰςὶἰε
732 698 773 734 et
792 699 879 742 tam
898 695 1046 734 fluenti
1067 696 1224 735 calamo
1244 696 1353 743 fisus,
1379 696 1487 735 nihil
1507 711 1592 735 non
1611 697 1819 747 polliceris
1846 699 1923 738 tibi

322 751 495 798 possete
514 750 770 800 persuadere,
786 751 855 789 sed
872 750 1051 800 stupidis
1063 751 1166 789 forte
1183 753 1224 789 et
1239 751 1306 789 his
1321 751 1391 800 qui
1408 751 1451 788 in
1464 765 1553 789 rem
1570 752 1701 801 ipsam
1717 766 1802 790 non
1821 754 1926 792 satis

323 806 554 853 penetrent.
615 804 720 842 Mihi
746 818 962 855 nunquam
987 805 1264 854 persuadebis,
1291 805 1419 843 etiam
1439 805 1474 843 si
1494 805 1572 843 tibi
1594 806 1785 856 stupidus
1812 820 1920 847 sum.

322 857 431 897 Nam
453 859 569 908 quasi
588 859 736 909 quouis
756 859 918 897 trahere
940 872 1080 909 posses
1100 873 1167 897 me
1187 859 1230 897 in
1251 862 1368 898 tuam
1389 859 1653 908 sententiam,
1672 860 1731 899 sic
1751 862 1924 900 rethori—

322 913 438 960 caris,
461 914 664 952 nimirum
684 913 771 963 ipse
792 913 872 951 sibi
892 914 992 952 satis
1012 913 1198 952 conscius
1217 927 1305 951 rem
1325 914 1445 963 longe
1466 927 1583 952 secus
1602 914 1765 959 habere,
1791 929 1920 965 quum

322 980 405 1005 non
420 967 500 1005 sim
522 967 629 1006 mihi
642 968 839 1006 conscius.
901 968 1011 1016 Quin
1026 981 1124 1006 vero
1138 970 1185 1006 tu
1199 967 1275 1006 tibi
1290 968 1482 1006 conscius
1493 982 1537 1006 es
1558 981 1645 1006 rem
1659 968 1785 1018 longe
1805 983 1924 1009 secus

322 1021 472 1059 habere
489 1036 613 1071 quam
633 1022 755 1060 dicis.
788 1022 842 1060 Et
858 1023 928 1072 qui
948 1022 1075 1060 etiam
1088 1022 1164 1060 tibi
1185 1035 1209 1060 a
1227 1022 1393 1060 secretis
1409 1024 1517 1070 sunt,
1536 1022 1616 1060 sibi
1636 1024 1788 1062 conscii
1808 1028 1919 1068 sunt,

320 1075 429 1124 apud
449 1089 537 1114 sese
557 1077 688 1123 taciti,
708 1076 925 1121 mendacii,
947 1076 1055 1114 nihil
1077 1076 1231 1123 dubita,
1249 1079 1291 1114 te
1309 1076 1612 1126 redarguentes.
1672 1077 1757 1116 Nec
1769 1078 1921 1117 desunt

321 1130 392 1179 qui
422 1130 678 1168 arbitrantur
701 1144 787 1168 non
815 1131 893 1169 alio
922 1131 1091 1170 tendere
1121 1131 1229 1180 quod
1259 1143 1332 1180 per
1360 1132 1454 1169 tuos
1482 1131 1683 1180 quosdam
1712 1133 1922 1181 superiore

320 1185 452 1222 estate
471 1197 494 1222 a
516 1185 740 1223 Germania
763 1187 804 1223 et
832 1185 1000 1224 Lutecia
1025 1184 1263 1234 prohibitus
1286 1198 1391 1232 sum,
1414 1185 1448 1223 si
1476 1185 1628 1223 vellem
1655 1185 1782 1224 saluti
1806 1200 1923 1225 meae

319 1239 569 1286 consultum,
603 1252 727 1289 quam
757 1241 803 1278 vt
827 1252 880 1277 ne
909 1239 975 1278 his
1001 1239 1103 1278 locis
1126 1239 1232 1277 liber
1258 1252 1379 1277 meus
1401 1239 1694 1278 excuderetur:
1723 1253 1823 1278 nam
1850 1241 1921 1280 hic

319 1295 431 1331 certo
444 1293 575 1332 scibas
588 1307 731 1331 omnes
744 1294 1099 1343 typographorum
1117 1294 1300 1332 officinas
1314 1307 1387 1343 per
1398 1296 1440 1332 te
1455 1293 1561 1331 mihi
1574 1306 1661 1332 esse
1673 1294 1914 1343 praeclusas.

374 1346 466 1386 Hoc
493 1350 556 1385 est
582 1348 809 1397 principale
832 1350 955 1398 caput
981 1348 1095 1386 illius
1124 1348 1332 1398 epistolae,
1361 1348 1469 1397 quod
1496 1348 1638 1386 videor
1664 1348 1770 1386 mihi
1793 1349 1920 1388 absci-

317 1400 437 1440 disse.
497 1402 590 1440 Iam
629 1403 678 1440 ad
722 1402 892 1452 reliqua.
954 1402 1179 1452 Nunquam
1226 1402 1331 1440 mihi
1369 1402 1435 1441 vel
1472 1402 1646 1440 verbum
1690 1402 1824 1442 fecisti
1869 1405 1920 1443 de

317 1455 579 1499 Theoderico,
604 1470 733 1506 quum
754 1457 909 1506 alioqui
930 1457 1046 1495 nulla
1065 1470 1158 1505 spes
1178 1459 1287 1495 esset
1306 1458 1351 1494 vt
1372 1457 1407 1494 is
1428 1455 1504 1494 tibi
1523 1459 1611 1495 tam
1638 1456 1796 1496 iuratus
1816 1459 1920 1497 satis

316 1522 366 1547 ex
386 1510 467 1548 fide
485 1513 623 1560 ageret
643 1524 784 1549 meum
804 1511 1033 1560 negocium.
1085 1511 1169 1549 Nec
1188 1524 1373 1561 vnquam
1393 1510 1480 1549 dixi
1499 1513 1683 1549 trecenta
1702 1511 1790 1550 loca
1812 1512 1917 1551 mihi

318 1566 460 1602 notata
485 1578 587 1614 quae
613 1579 736 1604 nemo
763 1567 901 1614 posset
926 1565 1094 1604 diluere.
1155 1565 1253 1604 Dixi
1282 1565 1385 1603 forte
1415 1565 1617 1615 quaedam
1646 1578 1735 1603 esse
1764 1567 1920 1615 quibus

317 1631 401 1656 non
422 1619 521 1657 satis
541 1620 648 1657 esset
674 1619 855 1669 procliue
884 1620 988 1658 bene
1014 1620 1270 1670 respondere.
1333 1619 1471 1667 Quum
1494 1619 1754 1658 conditiones
1774 1634 1918 1659 narras

280 1687 296 1716 5
315 1672 388 1710 abs
419 1674 459 1711 te
490 1673 597 1711 mihi
630 1675 873 1723 propositas,
909 1675 1111 1724 quaedam
1140 1674 1351 1712 immisces
1380 1687 1595 1723 nunquam
1625 1674 1731 1712 mihi
1761 1675 1914 1715 audita,

316 1726 434 1775 Quod
454 1727 645 1766 omnium
661 1728 958 1778 aequissimum
979 1731 1065 1767 erat
1081 1730 1201 1774 taces,
1223 1728 1418 1766 videlicet
1436 1729 1542 1778 quod
1563 1728 1724 1766 domini
1743 1728 1920 1768 Ioannis

315 1782 488 1820 Atensis
509 1795 704 1820 censurae
723 1782 939 1833 vtriusque
966 1785 1157 1821 nostrum
1185 1780 1473 1821 consensuros
1499 1782 1845 1832 permittebatur3
1875 1787 1916 1822 et

314 1835 419 1873 illud
449 1836 561 1885 item,
595 1836 704 1886 quod
735 1837 840 1875 hanc
869 1850 1085 1875 censuram
1113 1837 1430 1886 subterfugeras.
1490 1837 1570 1875 Sed
1600 1839 1640 1874 et
1670 1837 1719 1875 de
1748 1837 1834 1876 ocio
1864 1839 1915 1876 ad

315 1890 423 1938 quod
453 1903 521 1928 me
549 1890 757 1939 reieceras,
789 1904 841 1929 ne
870 1892 1044 1929 verbum
1073 1892 1240 1941 quidem
1269 1891 1380 1929 facis.
1442 1890 1548 1929 Nam
1577 1891 1675 1928 haec
1705 1893 1846 1930 contra
1874 1894 1916 1931 te

315 1944 484 1988 faciunt,
507 1945 569 1983 vti
595 1945 720 1983 latius
745 1947 807 1983 est
833 1946 972 1984 videre
997 1959 1045 1984 ex
1073 1948 1213 1984 nostra
1241 1945 1456 1995 Apologia.
1516 1945 1572 1983 Et
1598 1946 1643 1983 vt
1668 1947 1913 1985 summatim

315 1997 460 2046 dicam,
485 1999 583 2037 haec
603 1999 660 2037 sic
681 2001 726 2036 vt
745 2001 792 2038 tu
813 1999 915 2038 dicis
935 2013 1021 2038 esse
1040 2002 1154 2048 gesta
1175 2000 1306 2038 Leeus
1325 1999 1485 2038 inficias
1505 2000 1550 2038 it.

368 2052 435 2090 Ad
457 2053 704 2091 aeditionem
726 2056 994 2102 prouocatum
1014 2067 1080 2092 me
1100 2054 1173 2092 abs
1192 2056 1233 2092 te
1258 2067 1344 2092 non
1370 2067 1488 2103 neg0.
1549 2054 1605 2092 Et
1627 2056 1767 2092 tamen
1787 2054 1914 2093 homo

314 2107 544 2155 versipellis
563 2108 646 2145 alio
666 2107 871 2146 videbaris
891 2108 981 2147 niti.
1041 2109 1148 2146 Nam
1177 2108 1212 2146 si
1234 2122 1306 2157 per
1328 2110 1368 2146 te
1387 2108 1581 2156 licuisset,
1605 2108 1715 2146 orbis
1734 2108 1816 2146 iam
1839 2109 1911 2147 diu

314 2160 523 2200 habuisset
549 2161 717 2200 librum.
779 2162 895 2210 Quod
924 2162 1025 2201 dicis
1050 2162 1101 2200 ab
1128 2162 1195 2200 his
1220 2162 1417 2200 iactatum
1445 2162 1516 2211 qui
1545 2162 1651 2200 mihi
1675 2162 1831 2210 fauent,
1853 2163 1912 2201 sic

277 2231 293 2260 5
313 2227 510 2253 excusum
531 2215 582 2253 iri
603 2216 757 2254 librum
778 2218 825 2254 vt
845 2217 955 2255 inter
975 2217 1051 2255 tibi
1072 2216 1413 2255 maleuolentium
1440 2229 1591 2254 manus
1610 2216 1791 2255 volitans
1816 2220 1912 2266 post

311 2281 469 2307 annum
490 2270 659 2308 demum
679 2270 751 2308 abs
771 2272 812 2308 te
832 2271 1217 2320 deprehenderetur,
1242 2284 1294 2308 an
1315 2270 1533 2320 quisquam
1549 2272 1638 2308 tam
1657 2270 1829 2309 insanus
1849 2274 1911 2310 est

312 2324 358 2360 vt
377 2324 513 2361 credat
533 2324 611 2362 tibi
633 2325 731 2362 haec
751 2325 938 2363 dicenti?
986 2325 1087 2373 Quis
1105 2325 1387 2375 typographus
1408 2338 1491 2362 non
1513 2324 1708 2362 omnibus
1728 2327 1770 2362 et
1789 2325 1912 2363 auide

311 2378 592 2416 communicat
617 2378 744 2417 libros
770 2392 793 2416 a
818 2392 859 2417 se
887 2379 1092 2418 emissos?
1138 2380 1194 2417 Et
1213 2378 1320 2417 mihi
1346 2379 1466 2428 plane
1494 2379 1702 2416 decretum
1722 2379 1909 2418 fuerat—

311 2431 418 2480 quod
440 2435 538 2470 sunt
559 2433 629 2481 qui
650 2434 793 2471 testari
808 2433 1191 2482 possunt—librum
1208 2433 1349 2472 statim
1369 2433 1419 2470 ad
1436 2434 1477 2470 te
1493 2433 1669 2481 mittere,
1688 2436 1907 2484 postquam

311 2485 360 2522 ad
377 2498 490 2523 meas
510 2499 661 2524 manus
679 2500 856 2525 excusus
871 2488 1141 2537 peruenisset.
1179 2487 1260 2526 Sed
1277 2487 1327 2525 de
1346 2487 1551 2524 mittendo
1570 2486 1676 2525 libro
1691 2487 1906 2526 Coloniam

311 2538 417 2576 nihil
439 2553 604 2588 prorsus
625 2544 712 2579 erat
732 2541 970 2591 cogitatum.
1033 2541 1125 2580 Non
1147 2541 1305 2590 suscepi
1326 2540 1543 2590 negocium
1563 2541 1731 2579 inimico
1749 2541 1902 2581 animo.

310 2592 427 2631 Nihil
448 2607 630 2643 vnquam
652 2595 854 2634 sincerius
876 2596 956 2645 egi,
976 2598 1017 2634 et
1036 2596 1077 2634 id
1103 2595 1271 2645 quidem
1292 2608 1421 2644 vsque
1447 2595 1559 2632 hunc
1587 2595 1709 2633 diem.
1771 2596 1908 2634 Caete-

309 2659 401 2685 rum
431 2649 540 2697 quod
568 2662 590 2686 a
614 2651 654 2686 te
680 2649 934 2688 abalienatus
961 2663 1068 2697 sum,
1101 2650 1142 2687 id
1171 2651 1243 2688 tuo
1267 2649 1370 2688 vitio
1396 2649 1551 2687 factum
1579 2651 1653 2694 est,
1685 2663 1769 2688 non
1797 2663 1902 2689 meo.

307 2700 533 2750 Nunquam
553 2704 692 2742 tamen
714 2703 773 2741 fui
793 2703 935 2751 hostis,
958 2717 1031 2741 nec
1050 2704 1183 2741 adhuc
1202 2717 1309 2741 sum.

362 2755 475 2793 Illud
503 2770 587 2794 non
614 2758 786 2795 memini
815 2758 966 2796 dixisse
993 2771 1059 2796 me
1086 2757 1176 2806 tibi,
1210 2771 1339 2806 quum
1366 2757 1548 2807 prImum
1574 2757 1741 2795 Nouum
1765 2757 1903 2796 Testa·

308 2811 499 2847 mentum
528 2813 648 2848 tuum
678 2810 723 2849 in
753 2825 901 2850 manus
934 2812 1197 2861 susciperem,
1230 2812 1462 2860 praeteritis
1497 2811 1818 2860 praefationibus
1853 2812 1901 2850 ad

307 2875 394 2900 rem
420 2877 655 2913 properasse
682 2878 760 2904 me.
823 2866 876 2904 Et
903 2866 1007 2904 illud
1032 2867 1132 2904 item
1161 2878 1226 2903 me
1256 2866 1407 2904 dixisse
1437 2879 1604 2915 prorsus
1632 2865 1806 2914 inficior,
1834 2879 1902 2904 me

348 2961 423 2991 661.
448 2961 680 3003 Theoderico]
715 2962 874 2993 Martens
893 2975 901 2994 ι
931 2964 972 2995 cf.
1006 2964 1069 3003 Ep.
1184 2965 1258 3002 671.
1288 2964 1426 2995 inficias
1442 2964 1486 3005 it]
1504 2964 1556 2995 Cf.
1575 2964 1638 3003 Ep.
1661 2973 1751 3001 1053.
1773 2974 1845 2995 111.

312 3012 400 3041 ¹053-
430 3014 499 3043 115-
1187 3008 1262 3046 674.
1289 3008 1391 3048 dicis]
1411 3009 1473 3047 Ep.
1498 3017 1591 3046 1053.
1615 3009 1729 3046 124-6.

348 3048 423 3078 662.
450 3050 609 3079 trecenta
622 3049 710 3090 loca]
724 3049 774 3080 Cf.
794 3050 852 3088 Ep.
870 3051 1069 3091 1053.78-9.
1182 3051 1257 3084 686.
1283 3049 1501 3090 praeteritis]
1519 3051 1569 3081 Cf.
1588 3051 1650 3090 Ep.
1672 3059 1766 3090 1053.
1784 3060 1859 3090 257.
