1990 3353
71 143 194 198 1196]
493 145 564 184 TO
602 144 856 184 VINCENT
895 145 1251 185 THEODORICI
1590 146 1670 184 467

68 255 305 293 clementer.
366 254 473 293 Cum
494 254 694 293 Dordraci
712 254 849 292 nescio
873 254 972 304 quid
999 254 1206 293 tumultus
1232 254 1446 293 accidisset
1473 254 1551 292 tibi
1576 258 1670 304 post

68 310 320 356 concionem,
362 311 402 347 et
443 308 648 347 curriculo
693 310 735 346 te
780 308 1014 346 Louanium
1063 309 1299 358 recepisses,
1342 309 1532 347 nondum
1570 311 1671 348 satis

67 366 285 413 promptus
315 376 389 413 pro
416 363 496 401 fide
526 362 674 412 capitis
703 361 842 400 subire
867 362 1113 411 periculum,
1143 362 1395 409 clamitabas,
1417 365 1464 400 vt
1491 363 1668 410 aiebant,

68 418 146 456 hoc
167 431 331 468 quoque
354 417 460 455 mihi
487 417 673 466 meisque
698 416 834 455 literis
860 417 1182 465 imputandum:
1212 431 1309 456 cum
1337 416 1443 455 mihi
1470 417 1673 456 Dordraci

69 485 193 510 nemo
213 471 459 510 mortalium
479 471 535 510 sit
549 474 686 518 notus,
703 471 789 508 imo
804 483 900 509 cum
917 471 967 509 de
982 470 1168 509 Luthero
1183 472 1290 510 nulli
1305 474 1397 510 tum
1413 471 1673 522 scripsissem

68 526 178 575 apud
198 526 446 573 Hollandos,
467 539 601 575 neque
621 525 726 563 bene
749 538 880 575 neque
899 525 1019 564 male.

125 580 209 619 Nec
242 580 308 618 his
343 581 538 618 contenta
571 579 703 618 animi
735 579 800 617 tui
833 579 1070 627 virulentia,
1108 582 1205 618 ante
1238 593 1387 628 paucos
1423 580 1511 619 dies
1543 580 1675 618 natali

70 635 110 673 S.
134 635 320 672 Thomae
347 634 576 684 Aquinatis
605 634 857 672 subornatus
886 635 948 672 est
977 633 1144 672 iuuenis
1173 634 1332 672 ordinis
1360 635 1434 682 tui,
1465 635 1536 684 qui
1565 635 1674 672 bello

70 691 306 727 commento
325 701 461 726 meam
481 688 703 727 infamiam
723 701 819 726 cum
835 688 1020 726 Thomae
1036 687 1168 737 gloria
1186 689 1388 727 misceret.
1440 688 1676 727 Edidicerat

70 743 310 781 adolescens
335 746 552 781 centonem
576 743 716 781 verius
741 756 867 792 quam
893 742 1136 790 orationem,
1159 755 1285 792 quam
1311 756 1395 780 non
1420 742 1676 781 intellectam

70 798 186 836 velut
204 798 387 847 psitacus
407 798 606 836 recitaret.
668 797 802 845 Quam
822 797 939 835 enim
957 796 1211 835 intellexerit
1230 797 1297 835 vel
1316 797 1413 835 hinc
1433 799 1676 847 promptum

72 856 132 890 est
163 852 366 901 colligere,
398 852 520 901 quod,
553 865 649 890 cum
678 851 848 890 referret
882 864 932 889 ex
961 851 1149 899 Horatio,
1177 851 1453 901 ‘Feriuntque
1487 864 1677 890 summos

71 906 251 944 fulmina
266 906 455 954 montes,'
469 908 624 955 quanta
638 906 773 955 potuit
786 918 883 944 voce
897 905 1201 955 pronunciauit,
1217 906 1473 955 ‘Feruntque
1489 918 1676 944 summos

71 961 99 999 f.
125 960 196 998 m.'
253 960 437 998 Rursum
457 974 530 1010 pro
554 960 640 998 ‘illi
659 959 896 999 antistites'
916 960 1105 998 recitauit
1130 960 1214 998 ‘illi
1240 960 1417 998 antistes
1431 962 1450 1008 ⁹,
1474 960 1677 998 nimirum

71 1017 118 1053 vt
151 1014 438 1053 Praenestinis
471 1014 591 1053 conia
621 1017 681 1053 est
713 1015 880 1055 ciconia.
914 1017 954 1053 et
984 1014 1138 1053 rustico
1166 1014 1229 1052 illi
1259 1014 1458 1052 Plautino
1487 1014 1586 1052 rabo
1616 1016 1677 1052 est

72 1069 230 1108 arrabo.
292 1072 354 1106 Ac
375 1082 428 1106 ne
448 1072 631 1107 caeteros
652 1069 800 1107 lateret
825 1070 917 1119 quis
944 1072 1048 1107 esset
1075 1071 1197 1107 autor
1224 1071 1308 1107 tam
1337 1068 1471 1107 bellae
1497 1068 1673 1116 fabulae,

71 1126 119 1161 tu
149 1124 363 1173 proximus
396 1124 560 1163 astabas
593 1124 819 1174 suggestui,
852 1137 1080 1174 suggerens
1113 1123 1320 1162 ‘feriunt'
1350 1125 1391 1161 et
1423 1122 1679 1161 ‘antistites'

74 1191 162 1216 esse
183 1177 416 1216 dicendum.

129 1233 163 1270 O
190 1233 346 1270 mirum
372 1234 414 1270 et
441 1232 700 1281 auspicatum
729 1233 769 1271 S.
793 1232 978 1270 Thomae
1007 1233 1270 1271 encomium!
1328 1232 1401 1271 Illi
1430 1232 1589 1271 tributa
1617 1233 1680 1270 est

74 1286 324 1336 eloquentia,
364 1287 486 1325 nobis
524 1287 728 1336 adempta.
804 1287 906 1335 Quis
945 1300 1029 1324 non
1068 1287 1204 1325 videat
1243 1287 1320 1325 hoc
1359 1300 1380 1324 e
1419 1287 1554 1324 media
1593 1299 1680 1324 esse

75 1341 314 1379 rhetorica?
371 1341 437 1379 Sic
467 1341 718 1380 Plutarchus
742 1341 920 1379 Graecos
949 1341 1074 1379 duces
1101 1354 1196 1379 cum
1226 1341 1427 1379 Romanis
1457 1342 1680 1390 comparat,

78 1395 135 1433 sic
157 1395 328 1433 formica
348 1396 505 1433 camelo
526 1395 754 1446 comparari
774 1396 889 1434 solet.
950 1395 1057 1443 Quid
1078 1398 1217 1434 autem
1241 1395 1530 1445 impudentius
1556 1408 1681 1444 quam

75 1450 272 1488 iuuenem
299 1451 576 1499 ἀναλφάβητον
603 1451 875 1499 pronunciare
901 1449 1001 1499 quid
1029 1463 1104 1500 ego
1123 1450 1189 1488 vel
1216 1451 1375 1499 sapiam
1404 1451 1449 1487 in
1475 1449 1683 1499 theologia

75 1505 143 1542 vel
160 1504 320 1542 valeam
339 1505 607 1554 eloquentia?
648 1514 655 1522 ·
671 1504 720 1542 N.
740 1507 804 1542 est
822 1504 1000 1553 insignis
1018 1505 1249 1554 theologus,
1270 1505 1366 1542 fidei
1386 1506 1682 1554 propugnator,

77 1560 116 1596 et
156 1558 357 1596 Erasmus
395 1559 502 1597 nihil
541 1559 649 1608 sapit
688 1559 733 1596 in
771 1572 815 1597 re
852 1559 1095 1608 theologica.
1154 1559 1344 1606 Quantus
1382 1560 1583 1607 impostor
1620 1560 1681 1595 est

77 1613 302 1652 Erasmus!
374 1613 526 1652 Scribit
564 1613 847 1662 Paraphrases
892 1614 937 1651 in
985 1613 1193 1662 Epistolas
1238 1613 1495 1662 apostolicas,
1538 1612 1683 1650 scribit

76 1668 388 1706 Annotationes
408 1669 452 1705 in
473 1668 641 1706 Nouum
659 1668 991 1706 Testamentum.
1037 1668 1269 1716 Respondit
1284 1668 1490 1717 theologis
1510 1667 1680 1716 aliquot,

77 1724 219 1760 tamen
251 1723 420 1772 ignarus
449 1723 587 1761 omnis
616 1722 876 1771 theologiae.'
943 1723 1033 1771 Ego
1061 1722 1179 1769 mihi,
1212 1725 1257 1760 vt
1286 1736 1371 1760 non
1403 1722 1570 1760 vindico
1604 1721 1683 1759 elo-

79 1777 302 1826 quentiam,
340 1777 398 1815 ita
436 1777 664 1815 minimum
702 1790 824 1815 sumo
863 1777 908 1814 in
946 1776 1166 1826 theologia.
1237 1777 1315 1815 Sed
1355 1790 1440 1814 non
1479 1777 1579 1814 adeo
1618 1789 1684 1813 me

78 1831 263 1880 poenitet
297 1831 542 1870 eruditionis
576 1844 701 1879 meae,
740 1831 800 1869 mi
834 1831 897 1878 N„
933 1833 980 1869 vt
1012 1831 1140 1870 velim
1180 1845 1275 1870 cum
1313 1833 1387 1869 tua
1420 1832 1683 1881 permutare3

79 1885 151 1935 qui
181 1889 386 1934 quantum
415 1885 461 1923 in
491 1885 568 1924 hoc
597 1886 686 1935 ipso
716 1899 865 1935 genere
895 1886 1003 1936 quod
1033 1886 1240 1936 profiteris
1268 1886 1436 1932 valeres,
1466 1885 1568 1923 satis
1597 1885 1684 1934 ipse

80 1939 309 1986 declarasti,
346 1954 442 1978 cum
479 1940 524 1978 in
562 1940 715 1979 scholis
754 1940 994 1978 audiremus
1032 1944 1073 1978 te
1111 1942 1183 1978 tua
1220 1941 1419 1990 pleraque
1454 1940 1504 1978 de
1537 1938 1686 1977 scheda

79 1994 440 2043 pronunciantem,
480 1997 603 2044 atque
648 1995 689 2033 id
735 1995 861 2033 etiam
907 2008 1036 2044 aegre,
1079 1994 1282 2044 quaedam
1328 2007 1413 2033 non
1457 1994 1685 2032 admodum

80 2047 259 2086 feliciter
296 2049 629 2098 respondentem.
690 2049 756 2087 Sic
795 2051 840 2086 tu
875 2050 1058 2087 Thomae
1093 2049 1324 2098 discipulus
1359 2048 1538 2086 celebras
1572 2047 1686 2085 illius

81 2103 235 2140 festum
271 2103 394 2151 diem,
428 2104 782 2153 quemadmodum
817 2104 917 2141 olim
952 2104 1095 2142 Lindii
1126 2117 1239 2142 sacra
1272 2103 1477 2141 faciebant
1509 2101 1686 2139 Herculi

82 2159 152 2194 aut
183 2157 328 2195 Graeci
355 2157 530 2203 Baccho,
564 2171 668 2207 quae
698 2171 783 2196 non
812 2157 1065 2196 videbantur
1094 2158 1173 2196 rite
1204 2158 1344 2207 peragi
1374 2157 1455 2195 nisi
1487 2155 1686 2194 conuiciis

81 2214 313 2260 agerentur.
387 2212 442 2251 Et
479 2214 621 2262 postea
658 2213 823 2250 miraris
855 2213 965 2262 quod
999 2213 1155 2250 cordati
1188 2201 1280 2259 Giri,
1319 2212 1428 2261 quod
1466 2212 1686 2261 opulentae

82 2268 296 2304 matronae
333 2279 420 2305 non
457 2267 630 2305 mittant
668 2267 822 2305 liberos
859 2280 956 2305 suos
994 2267 1040 2304 in
1072 2270 1256 2305 vestram
1293 2266 1581 2313 hierarchiam,
1615 2264 1686 2303 vbi

83 2320 258 2358 rudibus
290 2321 414 2359 annis
445 2321 550 2360 tales
583 2321 743 2360 discant
778 2323 885 2360 artes
918 2324 959 2359 te
992 2324 1262 2371 praeceptore,
1297 2321 1494 2370 priusque
1525 2320 1685 2357 discant

84 2374 324 2412 maledicere
353 2376 544 2424 proximo
573 2389 697 2425 quam
727 2376 889 2425 possint
919 2375 1064 2413 dicere.

141 2429 258 2476 Quod
279 2429 314 2467 si
335 2429 517 2468 Thomas
537 2432 624 2468 tam
645 2432 816 2468 sanctus
835 2433 899 2468 est
923 2443 1047 2479 quam
1068 2443 1142 2468 vos
1168 2443 1263 2467 eum
1283 2430 1414 2467 vultis
1434 2428 1578 2475 videri,
1602 2441 1687 2466 non

86 2483 262 2521 dubium
281 2484 382 2533 quin
403 2485 537 2522 oderit
557 2484 902 2522 obtrectationem
922 2488 963 2522 et
984 2485 1071 2522 Deo
1091 2487 1132 2522 et
1157 2484 1237 2533 piis
1262 2483 1457 2522 omnibus
1483 2483 1687 2520 inuisam:

88 2537 195 2586 quod
217 2538 251 2575 si
272 2539 430 2586 putatis
448 2539 571 2577 illum
596 2539 836 2577 huiusmodi
864 2539 1124 2588 panegyricis
1150 2539 1354 2584 delectari,
1379 2538 1423 2575 in
1451 2537 1601 2587 quibus
1630 2537 1689 2575 sic

86 2592 173 2640 ipse
208 2591 400 2630 laudetur
432 2596 480 2631 vt
513 2592 713 2631 laceretur
747 2594 856 2632 fama
890 2593 1040 2640 fratris,
1079 2592 1257 2643 pessime
1292 2593 1493 2631 nimirum
1529 2592 1578 2629 de
1613 2591 1688 2629 illo

87 2645 265 2684 sentitis.
335 2645 428 2685 Hoc
461 2647 698 2697 exemplum
733 2650 820 2686 tam
855 2648 1135 2697 irreligiosum
1170 2660 1265 2685 cum
1300 2648 1509 2685 auditores
1543 2645 1690 2695 reliqui

134 2762 205 2792 145.
232 2756 310 2794 post
327 2755 535 2786 concionem
552 2758 626 2786 add.
643 2758 686 2787 H.
813 2764 886 2795 159.
914 2757 968 2786 est
985 2756 1120 2786 ciconia
1138 2756 1240 2786 conia
1256 2758 1296 2786 N.
1433 2756 1504 2786 161.
1531 2756 1690 2794 suggesto

87 2801 141 2829 II:
165 2799 203 2835 cs.
221 2801 280 2835 ΕΡ.
301 2799 394 2829 1062.
411 2799 489 2829 80⁷2.
625 2799 694 2830 168.
723 2799 766 2829 N.
783 2802 832 2830 F:
859 2799 1040 2830 Bucentes
1060 2802 1103 2830 H.
1242 2810 1312 2838 174.
1339 2799 1379 2831 N.
1398 2803 1441 2831 F:
1469 2800 1629 2830 Bucenta
1646 2800 1688 2828 II.

91 2852 161 2881 177.
191 2844 297 2881 atque
315 2842 353 2872 id
370 2842 479 2873 etiam
497 2852 599 2882 aegre
616 2845 691 2874 add.
710 2846 753 2873 H.
914 2844 983 2874 188.
1005 2843 1175 2874 laudatur
1190 2845 1231 2874 H.

135 2964 204 2994 145.
232 2953 425 2993 tumultus]
442 2953 495 2985 Cf.
516 2954 578 2994 Ep.
602 2955 696 2992 1164.
715 2964 766 2993 73.
972 2955 1044 2993 156.
1071 2955 1233 2995 Horatio]
1251 2957 1280 2985 C.
1297 2965 1327 2986 2.
1351 2965 1401 2986 10.
1426 2964 1474 2993 11,
1499 2964 1546 2984 12.

139 3008 209 3038 151.
235 2998 348 3029 natali
365 2998 397 3029 S.
416 2997 585 3038 Thomae]
603 3008 620 3037 7
639 2998 771 3029 March.
974 3007 1045 3037 159.
1071 2998 1255 3039 Plautino]
1274 3001 1360 3029 Truc.
1381 2999 1523 3036 688-91.

137 3052 208 3082 152.
236 3042 390 3082 iuuenis]
407 3041 426 3072 Ι
443 3044 574 3072 cannot
593 3041 762 3081 identify.
974 3044 1046 3082 169.
1073 3043 1260 3083 impostor]
1280 3043 1330 3073 Cf.
1351 3043 1450 3073 Hier.
1470 3045 1526 3077 El).
1546 3041 1598 3079 38.
1615 3047 1647 3078 5.

829 3098 953 3136 11112

1694 265 1754 297 145

1701 1074 1762 1105 160

1703 1345 1761 1386 165

1710 2164 1771 2193 180

1711 2432 1771 2472 185
