1990 3353
88 121 207 176 1011]
498 122 654 162 FROM
691 121 960 161 WILLIAM
997 121 1270 161 BUDAEUS
1635 122 1681 160 61

82 234 130 272 τὸ.
148 236 213 283 τῆς
236 235 464 286 φιλολογίας
491 233 700 285 ἀπήγγειλέ
724 249 780 273 τις
804 235 878 271 τῶν
903 233 998 271 οἴκοι
1022 231 1218 270 νεανίσκον
1236 231 1318 268 τινὰ
1342 231 1427 280 περὶ
1451 231 1520 279 τὴν
1538 231 1686 268 αὔλειον

83 288 197 337 θύραν
221 288 324 334 εἶναι,
355 289 452 340 ἵππω
481 289 744 339 ἐποχούμενον.
802 287 881 325 Καὶ
908 288 1139 338 παραχρῆμα
1169 286 1377 334 καταβάντι
1404 301 1468 334 μοι
1493 285 1686 325 νεανίσκος

82 359 188 383 ουτος
202 344 354 410 ἐπέστη,
375 345 469 393 μετὰ
483 343 528 392 δὴ
543 343 586 381 τὸ
600 343 818 391 προσειπεῖν
837 342 913 391 ἐμέ,
928 342 1132 393 γράμματα
1147 340 1220 378 ἀπὸ
1239 342 1305 378 τοῦ
1318 338 1511 407 Ἐράσμου
1527 339 1688 388 κομίζειν
1709 352 1749 374 10

82 398 248 446 φάμενος
276 398 339 435 καί
362 414 460 438 τινος
488 398 609 435 ἄλλου
636 399 709 435 τῶν
741 396 875 444 φιλων.
932 397 1074 434 Τούτου
1105 395 1229 434 τοίνυν
1259 394 1490 444 ἀκροώμενος
1522 395 1588 431 οὐκ
1622 392 1687 431 οιδ’

82 452 180 513 ὅπως
197 453 270 490 ὑπὸ
288 455 407 503 χαρᾶς
426 451 621 501 διεκείμην,
642 450 782 501 μεταξὺ
802 451 846 500 δὴ
867 450 1137 500 αἰσθανόμενος
1158 452 1224 499 τῆς
1245 449 1432 499 καρδίας’
1413 448 1598 497 αττούσης
1617 448 1686 486 ἀνὰ

81 507 146 546 τὰς
165 508 337 556 φρένας’
321 507 421 556 εμοὶς.

137 562 402 611 Κομισάμενος
421 578 485 599 ουν
504 561 598 599 αὐτὸ,
613 560 673 598 καὶ
692 558 889 604 ἀνοίξας,ε
870 575 918 599 ως
934 559 1158 608 Ελληνιστὶ
1178 558 1443 610 φθεγγομένην
1463 557 1567 597 εὐθὺς
1591 555 1687 594 εἶδον

81 615 150 664 τὴν
169 616 299 666 ἀρχήν,
319 616 361 653 τὸ
382 615 493 665 ἄηθες
511 615 556 665 δὴ
575 614 762 667 ἠγάσθην
792 631 846 652 ειτ
875 613 1019 658 ὀξέως“
1002 613 1075 652 υπὸ
1094 612 1262 662 σπουδῆς
1284 612 1452 658 διεξιέναι
1471 612 1686 661 ἀρξάμενος,
1709 626 1745 658 15

81 669 219 719 μεταξι
249 671 510 722 ἀναγινώσκων
538 670 700 720 ἐρυθρός,
734 669 865 720 ὠχρός,
895 667 1129 718 ὑπομειδιῶν,
1162 668 1345 717 σεσηρώς,
1379 666 1665 717 δυσχεραίνων’
1649 683 1688 704 εν

81 724 184 774 μέρει
204 725 264 762 καὶ
280 725 517 794 εὐγνωμόνως
535 725 640 776 ἔχων,
656 724 926 774 διακεχυμένος,
942 723 1229 774 συγκεχυμένος,
1246 722 1487 765 διαποίκιλος,
1502 723 1685 766 παντοῖος,

84 779 143 816 καὶ
168 779 208 817 τί
223 779 296 831 γὰρ
320 781 386 817 οἰκ
412 779 602 831 ἐγενόμην,
629 778 893 824 ἀπαλλαξείων
915 777 1026 827 δῆθεν
1050 776 1158 816 τοῦδε
1179 794 1245 815 του
1272 779 1412 829 ἀγῶνος
1438 776 1499 814 ὅτε
1524 776 1603 825 μέν,
1624 776 1687 814 ὅτε

31 845 36 848 “
84 833 124 872 δὲ
141 835 259 872 πάλιν
278 835 551 884 πολεμησείων.
599 835 710 872 Μετὰ
728 832 767 871 δὲ
785 835 906 879 τοῦτο,
927 833 971 871 τὸ
989 835 1146 883 πρᾶγμα
1165 830 1222 869 ἐπ’
1244 833 1404 882 ἐμαυτοῦ
1424 830 1686 900 σκεπτόμενος,

83 888 146 926 εἶτ’
177 889 366 939 ἐπιβραχὺ
393 888 710 938 ταλαντευόμενος
734 887 803 936 τὴν
830 888 993 940 γνώμην,
1018 886 1258 925 διασπώντων
1284 886 1394 936 δῆθεν
1421 885 1510 936 τῇδε
1535 887 1687 923 κάκεῖσε
1707 902 1750 923 20

81 943 146 980 τὸν
165 945 353 995 λογισμὸν
371 944 596 982 ὑπεναντίων
617 943 747 981 παθῶν
766 943 962 992 ἀλλήλοις,
985 944 1035 982 εἰς
1060 942 1234 980 σύννοιάν
1252 958 1334 979 τινα
1358 940 1572 989 καθέστηκα
1590 957 1686 989 συμ-

81 1000 310 1046 φιλοσοφῶν
336 1000 493 1050 ἐμαυτῷ·
533 1000 620 1049 ἄχρι
643 997 688 1047 δὴ
713 999 893 1036 τελευτῶν
919 996 994 1035 ἀπὸ
1022 998 1088 1034 τοῦ
1115 998 1182 1045 τῆς
1210 996 1371 1035 διανοίας
1400 996 1690 1044 ἷσορροποῦντος

82 1053 144 1090 ἐπὶ
168 1053 211 1090 τὸ
232 1053 432 1103 εὐάρεστον
458 1054 664 1102 κατέρρεψα
691 1053 751 1090 καὶ
777 1051 941 1096 ἐπιεικές,
970 1053 1035 1100 τῆς
1060 1051 1191 1099 φιλίας
1213 1050 1397 1099 δήπουθεν
1422 1051 1598 1101 ἐχόμενος
1622 1051 1688 1098 τῆς

83 1108 178 1158 ἄγαν
202 1110 284 1157 ἐμοι
310 1109 594 1158 κεχαρισμένης·
628 1109 671 1145 οὗ
693 1107 876 1146 τοσοῦτόν
899 1107 945 1158 γέ
966 1122 1038 1144 σου
1066 1106 1108 1143 τὸ
1132 1106 1386 1155 ἐπιτιμητικὸν
1413 1104 1689 1156 ὑπολογιστέον

82 1161 174 1200 εἶναι
196 1163 556 1212 ἆναμιμνησκούσης
580 1179 627 1212 με
646 1162 793 1211 ταύτης,
818 1162 911 1200 ὅσου
937 1162 1033 1212 χρῆν
1057 1160 1239 1210 τιμᾶσθαι
1257 1161 1300 1198 τὸ
1321 1161 1467 1210 εὐμενὲς
1487 1159 1546 1197 καὶ
1565 1176 1687 1208 προσ·
1707 1175 1722 1196 2
1729 1175 1747 1206 5

83 1218 193 1265 φιλὲς
211 1219 277 1266 τῆς
296 1219 428 1268 ψυχῆς.

131 1270 236 1320 ”Αμα
255 1271 294 1309 δὲ
321 1273 381 1309 καὶ
408 1269 512 1322 ἐπῄει
535 1271 646 1309 τοῦτό
665 1288 729 1321 μοι
739 1273 954 1340 τηνικαῦτα
973 1269 1268 1322 ἐπισκεψαμένῳ,
1298 1268 1422 1306 εἴποτέ
1445 1285 1481 1306 τι
1505 1269 1598 1306 κατὰ
1621 1270 1688 1306 τοῦ

82 1326 214 1373 φιλίου
234 1325 319 1364 θεοῦ
343 1327 704 1375 πεπλημμέληταιε
687 1324 747 1363 υπ’
775 1328 865 1375 ἐμοῦ
885 1323 1078 1376 (συμβαίη
1097 1326 1170 1375 γὰρ
1194 1323 1239 1363 ἂν
1265 1323 1406 1362 τοιόνδε
1431 1324 1471 1361 τί
1486 1339 1559 1360 που
1580 1325 1618 1360 ἐν
1635 1324 1688 1374 τῷ

80 1380 323 1432 παιγνιωδει’
306 1381 429 1432 εκείνῳ
448 1382 514 1430 τῆς
533 1380 696 1429 ἀληθοῦς
709 1381 951 1431 συμβολῆς’
933 1380 1228 1428 απεικονίσματι,
1248 1380 1300 1429 τῷ
1319 1382 1357 1417 ἐν
1375 1380 1455 1418 ταῖς
1471 1379 1689 1418 ἐπιστολαῖς

81 1434 214 1486 ἡμῶν),
233 1438 343 1473 τοῦτο
363 1435 407 1484 δὴ
427 1434 651 1484 ἐκπρίασθαι
676 1434 751 1474 δεῖν
777 1436 841 1485 ἐμὲ
869 1434 1041 1485 ῖεροθι’τῳ
1064 1435 1134 1472 τινὶ
1160 1435 1202 1472 οὗ
1222 1435 1274 1484 τῷ
1297 1433 1448 1484 τυχόντι
1470 1431 1548 1470 οἷδ’
1575 1434 1621 1472 ὡς
1644 1432 1688 1470 ἂν
1707 1448 1750 1480 30

81 1491 176 1541 τύχῃ
197 1491 479 1542 ἶερουργηθέντι.
531 1488 617 1527 ’Ότι
636 1490 759 1528 τοίνυν
778 1488 852 1528 οἶδ’
878 1489 922 1527 ἂν
942 1489 994 1527 ἑνὶ
1021 1489 1136 1540 ἱερείῳ
1159 1489 1223 1526 τὸν
1242 1488 1583 1537 πλημμελούμενον
1603 1486 1688 1525 θεὸν

83 1545 344 1596 εὐχερέστερον
369 1543 689 1594 ἐξιλασαίμεθα”
667 1561 763 1594 ηπερ
791 1547 838 1595 τῇ
865 1547 937 1582 τῶν
965 1544 1233 1594 ἡμαρτημένων
1257 1542 1531 1593 ἐξομολογήσει
1559 1558 1600 1579 τε
1629 1541 1688 1578 καὶ

81 1600 268 1651 μετανοία,
301 1599 604 1650 ὁμολογούμενόν
635 1601 738 1637 ἐστιν
771 1602 809 1637 ἐν
846 1599 935 1648 ἡμῖν
972 1600 1049 1638 τοῖς
1087 1599 1421 1666 ἐμφιλοσοφοῧσιν
1453 1598 1530 1636 τοῖς
1563 1596 1686 1636 θείοις.

81 1656 221 1705 Τοιγὰρ
247 1671 322 1698 οιν,
344 1655 430 1704 α”νερ
456 1654 778 1703 προσφιλέστατε,
800 1656 845 1692 σὲ
864 1656 933 1703 μὲν
957 1653 1261 1703 προκαλούμενον
1286 1654 1350 1702 ἐμὲ
1371 1653 1419 1691 εἰς
1442 1652 1688 1717 χαριεστέραν

80 1726 163 1747 τινα
189 1709 249 1746 καὶ
274 1709 626 1758 φιλοπρεπεστεραν
650 1711 722 1747 τῶν
747 1709 956 1758 ἀμοιβαίων
975 1708 1203 1759 γραμμάτων
1228 1707 1327 1745 ἰδέαν
1344 1724 1384 1744 τε
1411 1706 1471 1743 καὶ
1496 1705 1687 1750 ὑπόθεσιν,
1707 1723 1747 1755 35

81 1765 194 1804 οὕτως
213 1763 444 1814 ἀποδέχομαι
462 1765 528 1812 τῆς
542 1780 583 1802 τε
597 1764 879 1815 εὐγνωμοσύνης
896 1762 1053 1812 <ἔνεκα>
1073 1763 1132 1800 καὶ
1151 1764 1217 1811 τῆς
1231 1761 1535 1813 μισεγκλήμονος
1553 1764 1686 1812 ψυχῆς,

83 1819 179 1856 ὥστε
197 1821 244 1869 τῇ
268 1818 620 1868 νενομοθετημένῃε
603 1819 676 1856 υπὸ
696 1820 768 1856 σοῦ
790 1818 979 1868 ἀμνηστίᾳ
1000 1817 1132 1868 κομιδῇ
1151 1834 1191 1855 τε
1218 1817 1436 1865 ἀρέσκομαι,
1458 1814 1688 1853 διατελέσειν

81 1890 121 1911 τε
139 1874 394 1924 ίπισχνοῧμαι
413 1874 507 1924 αὐτῇ
532 1873 777 1922 ἐναπομένων.
827 1870 932 1911 Ἴσθι
958 1889 1021 1910 οιν
1046 1873 1110 1910 τὸν
1136 1872 1207 1909 σὸν
1230 1871 1412 1909 Βουδαῖον
1435 1870 1524 1914 ἕξων
1546 1871 1588 1908 τὸ
1613 1870 1687 1908 ἀπὸ

81 1929 213 1966 τούτου
232 1929 308 1968 τοῖς
334 1928 464 1975 φιλίας
489 1927 658 1977 νομίμοις
682 1927 967 1978 πειθαρχοῦντα,
990 1929 1020 1965 εἰ
1045 1927 1105 1965 καὶ
1130 1927 1250 1964 ἄλλον
1268 1927 1352 1964 τινὰ
1371 1925 1414 1974 δὴ
1437 1927 1509 1962 τῶν
1529 1924 1688 1974 δοκίμων

82 1984 153 2021 σοῦ
168 1983 228 2020 καὶ
247 1982 508 2032 ἐξητασμένων
526 1982 660 2029 φίλων.
1706 1989 1749 2021 40

138 2039 194 2075 Οὔ
212 2038 286 2086 μὴν
305 2038 408 2075 ἀλλὰ.
428 2039 494 2075 οὐκ
520 2037 666 2086 ὀκνήσω
685 2037 802 2088 ἔγωγε
821 2037 914 2075 οὕτω
940 2037 1022 2085 περὶ
1043 2036 1173 2084 φιλίας
1193 2037 1341 2084 φρονῶν
1368 2035 1426 2072 καὶ
1447 2034 1517 2070 σοῦ
1538 2033 1687 2071 δέεσθαι

82 2109 170 2142 μιαν
196 2092 324 2141 δέησιν
349 2091 468 2142 τήνδε,
496 2091 545 2129 σὺ
572 2091 610 2130 δὲ
636 2091 680 2140 δὴ
700 2092 838 2140 ταύτην
863 2091 965 2141 οἶμαι
985 2092 1050 2129 οὐκ
1077 2090 1121 2128 ἂν
1145 2090 1370 2139 βαρυνθείης
1396 2088 1597 2139 αἰτουμένῳ
1623 2105 1687 2137 μοι

83 2149 301 2198 συγχωρεῖν·
332 2146 374 2185 ἵν’
400 2148 465 2196 ἐξῇ
483 2163 559 2196 μοι,
588 2146 800 2195 σωζομένης
827 2148 894 2195 τῆς
923 2146 1130 2195 ἀμνηστίας
1156 2143 1230 2183 οὐδ’
1251 2145 1372 2182 ὁτιουν
1397 2160 1437 2181 τε
1459 2142 1687 2192 βιαζομένης

82 2204 148 2250 τῆς
176 2201 346 2252 ἡσυχίας,
375 2201 418 2239 τό
446 2218 490 2252 γε
516 2217 700 2239 τοσουτον
724 2200 940 2251 μεμνῆσθαι
967 2203 1039 2238 τῶν
1067 2199 1384 2248 παρεληλυθότων
1413 2198 1505 2236 ὅσον
1534 2197 1686 2247 διαμαρ-

82 2256 259 2305 τύρεσθαι
285 2256 448 2294 ἐναντίον
467 2256 649 2300 ἁπάντων,
671 2273 716 2293 αν
740 2272 762 2293 τ
797 2256 981 2306 ἐχθρῶν”
958 2272 1002 2292 αν
1027 2272 1067 2292 τε
1093 2255 1215 2302 φιλων
1236 2256 1332 2303 ἐμῶν
1353 2270 1393 2291 τε
1421 2253 1479 2290 καὶ
1501 2255 1589 2296 σῶν,
1610 2250 1687 2290 ἅττ’
1706 2269 1748 2299 45

83 2311 128 2349 ἂν
147 2311 172 2362 ᾗ
191 2311 251 2348 καὶ
270 2309 369 2349 ὁποῖ’
385 2309 463 2348 ἅττ’
485 2310 530 2348 ἂν
549 2310 638 2361 δόξῃ
656 2311 703 2347 τὰ
721 2308 780 2347 ὑπ’
800 2311 889 2359 ἐμοῦ
908 2311 998 2347 ποτὲ
1017 2309 1101 2356 περὶ
1122 2311 1192 2347 σοῦ
1210 2326 1251 2346 τε
1271 2309 1331 2346 καὶ
1350 2308 1442 2357 πρός
1461 2325 1508 2346 σε
1522 2324 1686 2359 γεγραμ-

83 2367 176 2416 μένα
203 2382 243 2403 τε
273 2366 332 2403 καὶ
362 2365 545 2414 εἰρημένα,
574 2367 691 2403 ταῦτα
719 2364 764 2413 δὴ
792 2364 1019 2416 γεγενῆσθαι
1048 2364 1121 2401 ἀπὸ
1147 2363 1375 2411 φιλονεικίας
1403 2365 1471 2412 μὲν
1500 2363 1599 2406 ἴσως,
1621 2364 1686 2399 οὐκ

82 2420 149 2459 οἷδ’
175 2421 272 2459 ὅπως
299 2422 346 2470 τῇ
371 2422 475 2470 ψυχῇ
495 2419 750 2469 παρεισδύσης
777 2419 837 2457 καὶ
863 2420 928 2457 τὸν
948 2418 1065 2468 θυμὸν
1091 2418 1344 2467 ἀκονησάσης,
1366 2417 1456 2457 ἴσως
1475 2417 1515 2455 δέ
1533 2433 1604 2454 που
1627 2418 1688 2455 καὶ

131 2511 178 2539 17.
204 2500 294 2531 alH:
319 2498 515 2538 εὐγνομόνως
539 2497 584 2529 3².
673 2501 728 2528 N:
753 2495 983 2537 δυακεχυμένος
1000 2507 1028 2528 a.
1122 2506 1172 2536 27.
1198 2500 1266 2528 Fe:
1295 2496 1381 2535 ἐπήει
1406 2497 1460 2528 ab.
1552 2498 1604 2527 28.
1631 2495 1687 2528 3²:

83 2544 180 2584 φίλου
197 2543 240 2575 al.
362 2553 415 2582 30.
441 2541 590 2582 ἱεροθύτῳ
606 2541 697 2572 aN²b
715 2552 722 2572 ε
746 2541 897 2581 ἱεροδύτῳ
913 2540 996 2572 FNS.
1139 2550 1190 2579 31.
1216 2544 1244 2571 F
1259 2543 1371 2578 Corriq.
1390 2552 1397 2571 ε
1421 2540 1637 2580 ἱερουγηθέντι
1655 2550 1685 2571 a.

83 2599 136 2629 33.
162 2592 207 2620 F:
232 2587 388 2626 μετανοία
404 2597 433 2618 a.
572 2595 611 2616 ac
627 2596 634 2616 :
659 2586 726 2616 ἐστι
742 2586 776 2616 b.
909 2585 983 2623 ἡμῖν
1000 2594 1018 2615 a
1038 2595 1044 2614 :
1069 2584 1140 2621 ὑμῖν
1157 2595 1185 2616 c.
1320 2594 1373 2624 35.
1401 2586 1420 2615 1)
1436 2596 1442 2615 :
1465 2583 1639 2622 ἀμοιβοίων
1655 2593 1687 2615 a.

84 2631 278 2673 γραμμάτων
291 2633 365 2661 add.
384 2641 411 2661 c.
580 2630 633 2669 36.
660 2628 752 2660 ἕνεκα
768 2631 844 2660 coni.
865 2631 1089 2665 C›·eclt)nizzs,1).
1109 2639 1162 2667 29.
1330 2638 1381 2667 37.
1408 2632 1456 2659 F:
1480 2629 1640 2667 ἀμνηστία
1656 2638 1684 2659 a.

86 2687 137 2716 43.
168 2679 210 2707 F:
236 2675 289 2714 ἐξῆ
307 2684 337 2705 a.
450 2675 505 2703 H:
530 2672 578 2703 ὅτι
597 2671 652 2703 οὖν
669 2683 698 2703 a.
811 2675 883 2703 aX:
907 2672 1102 2711 Βιαζωμένης
1118 2676 1153 2703 F.
1263 2683 1316 2710 44.
1343 2673 1399 2711 τῆς
1415 2672 1550 2712 ἡσυχίας
1565 2674 1637 2702 adel.
1658 2682 1684 2701 c.

85 2719 140 2752 a2:
164 2717 405 2758 διαμρτύρεσθαι
430 2717 474 2748 a¹.
583 2725 634 2756 45.
659 2715 735 2747 30²:
760 2715 910 2746 ἐναντίων
929 2715 970 2746 0¹.
1076 2718 1128 2754 46.
1154 2719 1172 2756 ᾗ
1191 2717 1211 2745 b
1229 2727 1236 2746 ε
1261 2716 1279 2754 ἦ
1297 2726 1326 2747 a.
1428 2727 1480 2755 47.
1508 2727 1544 2745 τε
1562 2718 1635 2746 ιιι-[(1.
1656 2726 1684 2746 c.

86 2765 138 2802 48.
167 2764 231 2794 ab:
259 2760 450 2799 ἀκονισάσης
466 2762 504 2791 Ν.

130 2863 160 2894 8.
187 2861 368 2903 νεανίσκον]
388 2862 578 2893 Doubtless
598 2862 720 2893 Herm.
739 2861 851 2901 Phry·
927 2870 1043 2899 1002,ss
1068 2860 1165 2898 also;
1189 2870 1245 2891 see
1271 2859 1333 2899 Ep.
1367 2869 1458 2889 1002.
1486 2869 1582 2897 41—7.
1632 2859 1687 2889 11ss

87 2908 162 2937 sius
181 2907 259 2947 (Ep.
271 2916 346 2945 903.
364 2905 464 2945 12n);
485 2906 530 2945 by
546 2905 665 2936 whom
683 2905 851 2936 Budaeus
920 2904 1093 2935 returned
1110 2905 1146 2934 to
1165 2903 1265 2935 Paris
1283 2904 1320 2933 in
1338 2903 1457 2934 March
1481 2912 1573 2941 1520.

86 2949 333 2980 endeavoured
358 2951 393 2980 to
419 2949 507 2980 send
536 2949 610 2980 this
641 2949 742 2989 reply
769 2949 845 2989 (Ep.
969 2957 1017 2978 12.
1045 2945 1221 2988 ἀττούσης]
1247 2957 1287 2978 sc.
1305 2946 1489 2984 ἀϊσσούσηῑ.

89 3003 182 3033 1015.
200 2993 286 3033 167).
338 2993 394 3024 He
411 3003 484 3023 was*
494 2992 557 3024 the
576 2993 698 3024 bearet·
713 2993 750 3023 of
763 2993 848 3032 Epp.
963 3001 1015 3030 34.
1043 2990 1318 3031 προκαλούμενον]
1346 2990 1408 3030 Ep.
1431 3001 1521 3027 1004.
1546 2998 1645 3027 τρι-5
