1990 3353
131 137 254 192 1084]
497 140 650 180 FROM
689 140 978 180 BONIFACE
1016 141 1340 185 AMERBACH
1647 144 1728 182 215

125 254 356 305 Cyprianos
384 253 617 304 theologiae
643 253 904 292 maiestatem
934 253 1055 292 nobis
1080 253 1250 302 adferat,
1273 253 1618 304 applaudentibus
1647 255 1729 294 diis

124 311 249 359 atque
268 308 512 348 hominibus
536 310 737 358 quotquot
759 310 832 346 aut
854 308 970 346 adest
994 308 1172 347 eruditio
1198 309 1268 346 aut
1296 308 1450 346 mentis
1478 308 1658 348 sanitas:
1688 313 1728 348 et

124 364 314 403 exoritur
337 376 359 401 e
383 363 470 401 suis
498 362 682 401 tenebris
709 362 789 400 iste
812 361 1078 410 vermiculus,
1103 362 1175 412 qui
1203 364 1291 401 tam
1321 361 1516 401 eximiam
1546 365 1727 413 segetem

126 417 248 456 nobis
281 416 458 461 arrodat,
493 416 580 467 ipse
612 416 730 455 nullo
762 416 999 454 litterarum
1028 429 1175 466 genere
1205 416 1462 466 conspicuus.
1522 416 1567 455 Si
1598 430 1728 467 gram-

125 472 321 510 maticam
359 470 553 521 requiras,
589 470 826 509 soloecissat
863 470 1065 517 subinde;
1108 470 1144 509 si
1177 470 1437 519 rethoricam,
1474 470 1655 510 balbutit
1688 474 1729 511 et
1745 475 1787 515 85

125 525 327 565 battalum
358 526 444 576 agit
461 539 470 573 ;
500 526 535 564 si
555 524 822 570 dialecticam,
844 524 1054 575 pistillum
1073 538 1162 563 esse
1180 524 1302 573 iures,
1326 527 1398 564 aut
1417 526 1454 564 si
1474 525 1573 576 quid
1594 526 1728 576 magis

123 581 249 619 etiam
278 580 395 619 abest
422 579 473 618 ab
501 579 703 619 acumine.
762 578 1057 629 Philosophiae
1084 592 1291 630 nusquam
1318 579 1455 618 vllum
1483 593 1570 618 sese
1596 581 1728 619 exerit

123 634 343 683 specimen.
402 633 692 684 Theologicam
713 633 1016 684 supellectilem
1041 633 1109 672 his
1134 634 1270 672 modis
1294 636 1458 680 tractat,
1478 636 1525 672 vt
1548 634 1639 684 ipsa
1664 648 1728 674 res

123 688 310 727 clamitet
343 688 381 727 ei
415 688 524 738 quod
562 688 695 726 adfert
732 688 783 726 ab
822 687 917 727 aliis
953 689 1195 737 suggestum
1232 701 1330 727 esse.
1392 688 1447 726 Et
1485 688 1727 728 huiusmodi

123 755 311 792 nugones
340 742 496 782 audent
524 741 652 781 libros
679 742 857 780 scribere
885 742 961 780 hoc
991 742 1154 781 saeculo
1182 745 1268 781 tam
1298 742 1473 787 erudito,
1500 744 1542 781 et
1571 744 1726 782 audent
1746 756 1789 788 90

123 796 300 835 scribere
319 797 363 836 in
384 796 616 836 Erasmum.
669 796 770 845 Quis
789 797 902 835 enim
923 810 1008 835 non
1027 796 1136 835 ausit
1154 797 1337 846 posthac,
1361 799 1581 847 postquam
1601 810 1727 836 ausus

123 853 185 889 est
204 852 313 890 Leus
332 851 444 890 iste‘?
498 851 591 889 Veh
611 850 703 898 tibi,
723 850 913 900 sophista
932 850 1089 900 infelix,
1112 851 1192 889 veh
1218 851 1340 890 matri
1365 864 1468 901 quae
1491 853 1533 890 te
1553 852 1722 902 peperit,

122 905 203 944 veh
217 908 346 955 vtero,
365 905 445 945 veh
466 905 605 955 syderi
625 906 735 955 quod
754 905 833 944 tibi
851 905 1066 955 praesidet.
1116 905 1303 955 Ineptias
1323 908 1415 944 tuas
1434 918 1529 944 cum
1544 906 1725 944 viderint

122 960 333 1008 Germani,
349 959 431 999 viri
447 959 687 1008 doctissimi,
703 959 802 1010 quid
824 960 954 998 credis
973 960 1165 998 futurum
1185 973 1272 999 esse
1285 962 1305 999 ‘?
1353 960 1488 1009 Quam
1507 962 1554 999 tu
1574 960 1725 999 misere

123 1014 387 1053 tractaberis!
457 1014 591 1063 Quam
630 1016 677 1052 tu
714 1014 870 1053 infame
902 1014 1156 1053 traducerisl
1222 1014 1336 1053 Mille
1366 1015 1504 1053 modis
1535 1016 1576 1053 et
1609 1017 1651 1054 te
1684 1019 1722 1053 et
1743 1028 1784 1061 95

121 1069 193 1107 tua
230 1068 428 1108 lacerasse
466 1082 551 1108 non
590 1069 668 1107 erit
705 1068 820 1117 satis,
858 1069 938 1108 nisi
976 1081 1105 1118 vsque
1149 1069 1200 1108 ad
1244 1068 1468 1108 exitiosum
1505 1070 1723 1108 interitum

118 1123 386 1174 concerpariS.
394 1123 404 1138 '

175 1176 396 1222 Hactenus
419 1178 563 1216 Zasius
588 1180 740 1217 noster.
801 1177 948 1216 Denuo
974 1177 1065 1216 vale
1094 1177 1213 1217 bonis
1242 1177 1404 1222 auibus,
1428 1178 1565 1217 omnis
1595 1178 1725 1217 erudi-

119 1231 248 1271 tionis
266 1231 458 1283 princeps
476 1234 517 1270 et
535 1232 770 1271 monarcha.

436 1459 613 1514 10851095
673 1458 737 1500 To
770 1458 1049 1501 XVILLIBALD
1078 1457 1422 1501 PtRCKHEIMER.

164 1566 439 1603 Pirckheimeri
457 1565 579 1612 Opera
596 1578 631 1611 p.
652 1576 731 1611 277.
1276 1574 1279 1583 ⁴
1396 1567 1573 1603 Louvain.

165 1625 222 1661 02.
242 1638 278 1672 p.
303 1627 368 1671 178
385 1637 394 1662 :
422 1625 537 1661 Lond.
556 1636 641 1660 xxx.
663 1635 732 1671 34:
759 1624 831 1660 LB.
851 1625 947 1671 App.
967 1634 1048 1669 472.
1304 1637 1347 1672 19
1366 1626 1497 1662 March
1518 1624 1672 1672 (1520)v

163 1725 229 1767 [As
245 1725 285 1755 in
303 1724 365 1765 Ep.
385 1734 460 1763 407,
481 1724 509 1754 P
524 1723 692 1764 produces
708 1733 754 1754 an
771 1722 937 1762 anomaly
952 1723 1000 1762 by
1015 1723 1194 1762 prefixing
1215 1722 1276 1754 the
1300 1723 1445 1754 address
1462 1725 1497 1754 to
1514 1723 1576 1754 the
1592 1723 1701 1754 letter
1716 1749 1722 1761 ,

119 1769 238 1800 which
256 1770 294 1799 in
312 1769 387 1799 this
403 1777 481 1799 case
499 1768 571 1798 had
593 1769 658 1798 not
679 1777 769 1798 even
790 1776 811 1798 a
834 1767 960 1797 formal
982 1766 1150 1806 heading,
1171 1768 1235 1797 but
1259 1767 1345 1806 only
1362 1767 1424 1798 the
1442 1768 1544 1798 short
1559 1768 1722 1807 ,ξι-0011110,-

119 1822 281 1844 common
299 1812 337 1842 in
354 1811 492 1851 hastily
507 1811 656 1842 written
678 1812 781 1841 notes
804 1810 861 1852 (cf.
881 1810 968 1850 Epp.
986 1811 1062 1847 602,
1080 1812 1155 1850 653,
1174 1814 1200 1841 et
1222 1811 1374 1851 saepius).
1420 1811 1495 1841 The
1518 1812 1666 1842 absence
1687 1814 1726 1842 of

118 1855 275 1896 heading
291 1856 322 1886 is
338 1855 400 1886 the
416 1865 514 1886 more
531 1864 694 1885 common
710 1854 828 1894 when,
849 1864 887 1885 as
903 1856 941 1884 in
959 1854 1046 1893 Epp.
1065 1855 1141 1893 640,
1154 1856 1230 1894 642,
1249 1855 1351 1885 there
1368 1855 1398 1885 is
1413 1865 1433 1885 a
1449 1855 1642 1895 signature.
1686 1856 1720 1886 It

118 1909 212 1940 may,
234 1899 423 1937 therefore,
443 1900 485 1930 be
501 1898 661 1929 inferred
676 1898 769 1929 with
792 1898 1011 1938 probability
1029 1898 1110 1929 that
1132 1898 1194 1928 the
1210 1897 1346 1929 editors
1362 1898 1400 1928 cf
1412 1898 1542 1929 Pwere
1555 1900 1721 1940 printing

118 1944 208 1975 from
227 1944 288 1974 the
306 1942 475 1983 originals
491 1952 501 1981 3
522 1942 655 1981 which,
672 1942 781 1981 being
796 1941 929 1981 mostly
946 1941 1047 1979 brief,
1067 1951 1161 1972 were
1180 1952 1225 1972 110
1241 1941 1352 1972 doubt
1367 1943 1575 1982 autograph.

160 1988 235 2018 The
251 1986 433 2027 year-date
456 1996 521 2017 can
542 1987 584 2017 be
601 1985 767 2026 supplied
784 1985 1013 2025 indubitably
1028 1986 1120 2016 from
1138 1986 1199 2016 the
1221 1995 1440 2025 appearance
1458 1986 1496 2017 of
1515 1986 1613 2017 Lee's
1630 1986 1718 2017 book

117 2031 154 2073 (l.
175 2032 209 2071 4)
230 2041 238 2068 ;
261 2040 318 2061 see
335 2030 397 2070 Ep.
421 2039 503 2069 1037
520 2028 674 2070 introd.]

173 2137 212 2176 S.
231 2136 277 2175 P.
284 2166 293 2184 ,
312 2135 552 2174 charissime
572 2134 788 2173 Bilibalde.
831 2134 951 2172 Adiit
965 2147 1032 2172 me
1047 2135 1316 2184 Antwerpiae
1335 2133 1500 2172 iuuenis
1518 2134 1720 2184 singulari

115 2190 268 2239 indole,
299 2191 393 2228 tuae
427 2190 577 2228 sororis
614 2189 803 2236 maritus,
840 2190 880 2227 et
916 2188 1024 2226 mihi
1063 2190 1135 2227 tuo
1174 2188 1345 2227 nomine
1383 2188 1558 2226 salutem
1597 2189 1714 2236 dixit,

117 2244 324 2295 simulque
353 2243 533 2282 officium
562 2256 687 2283 suum
714 2242 822 2281 mihi
849 2243 1005 2282 attulit.

178 2299 342 2339 Prodiit
370 2298 540 2336 tandem
569 2297 674 2336 liber
703 2297 890 2336 Eduardi
917 2296 1003 2346 Lei,
1034 2310 1115 2347 quo
1140 2296 1245 2335 nihil
1271 2310 1454 2347 vnquam
1484 2299 1630 2336 natum
1655 2300 1716 2336 est

118 2366 250 2405 neque
280 2353 530 2392 virulentius
563 2365 697 2402 neque
725 2351 967 2390 mendacius
999 2364 1131 2401 neque
1164 2351 1415 2400 sediciosius,
1450 2352 1555 2390 addo
1584 2365 1717 2402 neque
1738 2370 1755 2401 5

164 2458 259 2489 1084.
277 2457 329 2495 83.
354 2456 427 2486 suis
443 2454 481 2490 Β2
498 2467 505 2486 :
529 2456 583 2486 sui
601 2454 652 2489 Bl.
738 2455 955 2486 vermiculus
971 2454 1007 2490 β1
1022 2467 1028 2486 ;
1053 2455 1224 2495 Gurgulio
1241 2455 1288 2489 B2.
1388 2456 1441 2488 88.
1465 2456 1542 2496 ipsa
1557 2455 1614 2491 W:
1639 2457 1715 2496 ipse

117 2501 167 2537 β1.
286 2509 340 2539 92.
368 2500 434 2529 iste
450 2510 498 2530 om
525 2498 597 2539 13²7.
716 2508 769 2538 95.
793 2501 830 2529 et
847 2501 880 2529 te
898 2500 921 2532 β
938 2510 945 2529 :
970 2501 1004 2530 te
1020 2511 1053 2539 γ.
1177 2500 1231 2539 96.
1256 2500 1399 2537 laceras,
1417 2498 1470 2534 13²:
1498 2500 1648 2531 lacerari
1664 2502 1714 2539 γ.)

119 2545 215 2576 1085.
239 2546 299 2574 Pro
316 2546 403 2574 titulo
419 2552 608 2573 numano
624 2551 685 2573 svo
702 2551 859 2573 ERAsmvs
874 2544 947 2573 add.
964 2542 1009 2573 02.

161 2675 258 2706 1085.
280 2684 306 2705 1.
332 2673 579 2715 Antwerpiae]
598 2674 661 2704 See
679 2683 711 2713 p.
731 2683 804 2712 203.
950 2675 988 2704 at
1019 2673 1172 2713 Neuhof,
1207 2673 1310 2704 three
1348 2674 1468 2704 hours'
1501 2673 1578 2704 ride
1609 2683 1641 2705 N.
1680 2673 1718 2704 of

162 2728 194 2748 2.
229 2717 398 2759 maritus]
465 2718 597 2748 Martin
651 2717 794 2748 Geuder
848 2716 886 2748 of
950 2717 1182 2756 Nuremberg,
1200 2716 1359 2748 whither
1374 2717 1621 2748 Pirckheimer
1642 2718 1710 2747 had

120 2761 372 2800 Heroideberg,
399 2770 464 2791 one
488 2760 526 2792 of
546 2761 608 2791 the
633 2760 732 2791 chief
753 2762 882 2798 magis·
950 2761 1084 2791 retired
1111 2761 1258 2791 because
1291 2762 1328 2791 of
1355 2762 1417 2791 the
1448 2761 1586 2801 plague.
1638 2761 1713 2790 The

117 2807 230 2837 trates
244 2804 282 2834 of
291 2805 521 2844 Nuremberg,
535 2804 616 2835 who
629 2804 700 2834 had
714 2804 879 2843 married,
950 2804 1167 2843 description
1184 2805 1222 2835 of
1240 2804 1380 2835 Geuder
1395 2814 1432 2835 as
1449 2807 1574 2835 iuuenis
1590 2805 1620 2834 is
1637 2814 1711 2844 pcr-

117 2848 229 2880 ashis
242 2848 371 2879 second
383 2848 475 2887 wife,
492 2846 765 2878 Pirckheimer's
777 2849 883 2878 sister
950 2848 1039 2886 haps
1067 2847 1227 2888 jesting:
1265 2848 1319 2879 for
1349 2849 1394 2879 hc
1432 2848 1504 2879 had
1541 2857 1625 2878 sons
1656 2848 1714 2878 old

114 2892 286 2924 ‚lulianat
312 2901 369 2922 see
385 2891 448 2922 the
463 2891 610 2931 preface,
634 2900 647 2920 1
667 2891 762 2931 Sept.
787 2900 878 2930 1521,
951 2891 1093 2930 enough
1119 2893 1154 2922 10
1178 2892 1220 2922 bc
1244 2892 1409 2922 students
1432 2894 1468 2922 at
1492 2893 1649 2931 Bologna
1673 2892 1712 2921 in

117 2938 155 2966 to
172 2933 447 2966 Pirckheimer’s
463 2934 677 2965 translation
695 2935 733 2964 of
752 2933 881 2965 Pinto's
953 2944 1112 2973 1513-15.
1159 2935 1222 2966 See
1255 2936 1291 2966 P.
1323 2945 1381 2975 pp.
1410 2936 1464 2974 36.
1491 2945 1609 2974 233-4,
1636 2936 1708 2972 265,

117 2982 286 3017 Antiochus,
319 2978 549 3017 Nuremberg,
584 2978 619 3008 1⁴¹.
650 2978 756 3018 Pcyp,
788 2987 880 3016 1523,
949 2988 1023 3017 331,
1043 2979 1172 3017 397-8:
1198 2978 1303 3009 Knod
1321 2989 1379 3018 pp.
1401 2980 1515 3017 156-7.

118 3024 266 3053 written
289 3022 380 3053 from
406 3022 575 3053 Geuder's
597 3024 748 3061 country
771 3022 880 3052 house
993 3022 1065 3052 But
1083 3022 1237 3062 possibly
1252 3025 1340 3059 filiae
1357 3022 1486 3053 should
1503 3023 1543 3052 bc
1561 3020 1643 3052 read
1660 3022 1712 3051 1'01·
