1990 3353
80 127 199 182 1096]
562 125 716 165 FROM
755 124 992 164 THOMAS
1030 124 1186 163 MORE
1598 125 1677 165 251

76 240 118 270 be
141 237 299 270 inferred
322 238 404 270 that
420 238 481 269 the
498 237 659 268 variants
674 234 795 265 which
814 244 917 266 occur
939 234 978 264 in
1004 233 1068 273 Ep.
1091 241 1184 272 1090.
1204 241 1236 271 9,
1253 233 1311 262 Leo
1334 232 1456 262 sancte
1480 241 1519 270 se,
1539 231 1613 261 and
1638 231 1677 262 in

76 282 152 314 this
169 283 285 322 letter,
303 292 356 321 72,
372 282 546 322 producat
561 281 599 311 in
623 279 797 310 iudicium
814 288 822 317 3
858 278 929 316 166,
949 276 1139 307 literarum
1163 275 1278 316 gratia
1302 277 1345 305 vel
1368 278 1423 304 tua
1440 275 1499 314 (cf.
1518 275 1579 314 Ep.
1601 275 1676 313 706.

76 335 153 366 33,4
168 337 176 356 τ
199 326 347 366 printed
364 336 410 356 on
426 336 458 365 p.
478 326 544 364 466
560 323 598 356 of
606 323 667 354 the
682 320 936 361 Lucubratimws)
953 331 962 360 ;
989 330 1059 360 190,
1079 319 1239 358 Caletum,
1259 328 1319 349 are
1334 318 1472 358 merely
1487 317 1679 349 fortuitous

75 369 148 400 and
178 369 222 400 do
248 370 311 400 not
338 371 520 409 represent
546 378 566 399 a
594 366 692 398 fresh
717 364 962 396 examination
989 364 1027 394 of
1051 363 1113 394 the
1135 361 1289 402 original
1316 362 1583 401 manuscripts:
1606 361 1679 392 and

76 412 217 444 further
232 412 313 444 that
331 413 393 443 the
411 413 511 444 dates
534 409 739 449 ‘Grenuioi,
758 418 881 440 mense
905 407 1000 439 Maio
1012 405 1031 447 ³,
1049 406 1172 438 which
1195 415 1255 437 are
1278 405 1395 436 added
1421 406 1461 436 in
1489 405 1551 436 the
1577 407 1679 436 Lucu-

77 459 230 488 brationes
246 456 366 487 before
382 457 444 487 the
461 455 645 496 year-date
659 454 754 492 here,
774 462 833 484 are
849 451 978 492 purely
993 449 1223 491 conjectural,
1241 449 1303 480 the
1327 448 1557 480 mouth-date
1573 449 1680 489 being

76 500 189 540 easily
204 500 368 540 assigned
385 500 474 531 from
494 500 555 540 Ep.
578 497 690 538 1093.]

107 609 292 640 THOMAS
322 609 474 640 MORVS
505 609 700 647 ERASMO,
723 607 834 638 VIRO
865 605 1036 637 OPTIMO
1066 603 1216 640 ATQVE
1246 601 1529 640 DOCTISSIMO,
1562 601 1594 631 S.
1618 602 1661 632 D.

133 700 393 748 Ammossvs,
415 701 474 738 mi
494 700 676 748 Erasme,
698 698 833 738 Brixii
854 698 940 737 iam
963 697 1035 736 diu
1061 696 1244 736 Londini
1272 696 1410 734 fuerat
1437 694 1682 745 priusquam

79 755 174 792 tuae
201 753 252 791 ad
281 767 349 792 me
378 754 520 793 literae
548 754 824 805 peruenirent.
883 752 1066 791 Mirabar
1092 749 1412 801 aliquantulum,
1441 762 1564 799 quam
1593 762 1682 787 rem

76 810 164 846 tam
183 808 302 847 valde
321 808 464 856 velles,
489 822 560 847 cur
586 808 635 847 de
662 822 708 847 ea
736 810 823 847 tam
852 820 944 846 sero
971 805 1192 845 scriberes:
1226 803 1311 843 nisi
1336 806 1407 842 aut
1434 803 1685 842 Antimorus

78 862 183 900 forte
202 862 332 901 serius
352 862 567 913 aliquanto
593 862 786 913 peruenit
812 861 980 908 isthuc-,3
1009 862 1080 899 aut
1106 859 1200 898 ideo
1225 858 1345 897 fuisti
1374 857 1550 908 segnior,
1574 857 1683 907 quod

79 916 208 955 donec
245 918 467 966 accepisses
508 930 575 956 me
613 916 805 955 libellum
837 928 979 966 parare
1013 916 1166 962 contra,
1203 911 1361 963 putasti
1394 913 1482 950 fore
1515 913 1560 950 vt
1594 911 1684 950 eius

78 970 249 1019 libmm,
264 973 408 1021 vtpote
427 971 562 1010 autori
581 972 720 1022 potius
740 984 864 1021 quam
886 969 992 1008 mihi
1009 968 1194 1008 noxium.
1213 980 1347 1017 neque
1365 966 1488 1016 plane
1508 966 1684 1016 dignum

79 1024 145 1063 cui
164 1026 490 1074 responderetur,
515 1039 607 1065 mea
626 1027 774 1075 sponte
794 1026 1114 1063 contemnerem.
1174 1021 1226 1060 Id
1249 1022 1357 1072 quod
1383 1034 1458 1071 ego
1485 1021 1681 1071 profecto,

80 1079 138 1117 mi
159 1079 342 1129 Erasme,
366 1080 562 1128 fecissem,
586 1080 668 1118 nisi
694 1079 816 1118 amici
843 1079 1011 1128 quidam
1037 1079 1078 1116 et
1105 1076 1338 1116 doctissimi
1366 1075 1493 1114 simul
1523 1076 1563 1113 et
1591 1088 1684 1124 pru-

79 1133 311 1172 dentissimi
345 1135 570 1173 suasissent
603 1135 748 1182 aliter;
791 1134 941 1184 quibus
971 1132 1141 1171 Brixius
1174 1131 1253 1169 etsi
1286 1130 1421 1180 magis
1448 1129 1595 1168 irrisus
1623 1130 1684 1167 est

78 1201 203 1237 quam
237 1189 412 1238 inuisus,
447 1191 587 1227 tamen
620 1189 942 1239 haudquaquam
980 1186 1039 1225 ita
1072 1186 1222 1225 charus
1254 1186 1342 1224 erat
1375 1197 1501 1235 quam
1531 1184 1606 1231 est,
1638 1185 1685 1222 vt

78 1242 207 1289 video,
234 1243 324 1281 tibi.

131 1297 239 1336 Nam
258 1311 331 1347 ego
352 1298 434 1336 iam
456 1298 585 1335 ferme
604 1297 832 1342 biennium,
856 1309 986 1346 quum
1006 1294 1258 1334 audiuissem
1283 1306 1378 1332 eum
1404 1291 1546 1331 moliri
1571 1291 1682 1339 talia,

79 1353 201 1401 atque
222 1351 266 1389 in
285 1352 427 1390 animo
446 1352 642 1390 haberem
661 1351 710 1389 ad
732 1364 828 1389 eum
848 1351 935 1400 ipse
956 1349 1144 1397 scribere,
1166 1347 1290 1398 idque
1310 1361 1434 1397 quam
1454 1346 1685 1397 potuissem

79 1405 374 1453 amantissime,
408 1406 618 1456 simulque
652 1419 698 1444 ea
731 1405 944 1443 consulere
979 1417 1083 1454 quae
1118 1403 1250 1452 magis
1278 1402 1492 1451 aliquanto
1521 1401 1565 1438 in
1595 1413 1683 1438 rem

78 1460 210 1509 ipsius
233 1460 374 1499 fecisse
400 1461 543 1506 fuerat,
567 1473 691 1509 quam
718 1472 822 1509 quae
852 1472 963 1497 nunc
991 1458 1320 1507 intemperanter
1346 1456 1467 1502 fecit;
1497 1454 1685 1493 intellexi

79 1514 235 1552 interea
268 1514 434 1553 nunciis
467 1528 488 1552 e
521 1514 691 1553 Lutecia
723 1513 966 1552 certissimis
999 1512 1100 1551 adeo
1132 1511 1351 1550 hominem
1384 1510 1427 1548 in
1460 1509 1685 1559 abruptum

80 1569 177 1607 ferri
203 1568 290 1607 suis
317 1569 542 1616 affectibus,
566 1570 612 1606 vt
641 1568 769 1607 nullis
797 1568 1027 1606 amicorum
1056 1566 1249 1605 suasibus
1277 1564 1458 1614 potuerit
1487 1563 1685 1611 cohiberi,

81 1635 163 1661 non
202 1622 376 1669 Beraldi,
412 1637 496 1661 non
534 1622 731 1669 Lascaris‚
767 1636 855 1660 non
894 1621 1051 1660 Budaei
1088 1620 1218 1669 (vides
1258 1618 1446 1669 qualium
1484 1618 1686 1666 virorum)

80 1677 263 1716 consiliis
284 1678 439 1716 retrahi
456 1692 464 1716 :
496 1691 581 1716 non
601 1677 766 1716 Deloini
785 1676 965 1723 demum,
987 1675 1069 1713 viri
1094 1675 1217 1722 tanti,
1238 1687 1323 1712 non
1350 1671 1686 1711 reuerendissimi

81 1731 325 1781 Cardinalis,
358 1733 430 1782 qui
462 1746 597 1782 nuper
630 1732 718 1770 illic
752 1731 864 1777 obiit,
898 1730 1120 1770 autoritate
1153 1727 1418 1767 commoueri.
1478 1726 1544 1765 Sic
1583 1726 1687 1765 inta-

82 1786 270 1825 bescebat
303 1787 529 1825 vlciscendi
562 1786 735 1824 libidine
764 1788 816 1834 et,
847 1788 1049 1835 tanquam
1078 1783 1306 1831 Narcissus,
1340 1795 1477 1820 amore
1507 1781 1687 1831 quodam

81 1853 251 1879 suorum
275 1841 363 1890 ipse
383 1854 581 1880 versuum
606 1841 818 1890 deperibat
845 1840 1014 1878 misere:
1045 1851 1148 1888 quos
1174 1840 1315 1876 tamen
1342 1836 1528 1886 quotidie
1555 1848 1687 1874 nouos

82 1895 197 1934 velut
235 1909 256 1933 e
293 1895 413 1933 cunis
445 1898 658 1945 exceptam
693 1894 877 1933 sobolem
910 1893 956 1932 in
989 1905 1178 1931 mensam
1211 1905 1324 1930 nunc
1358 1889 1538 1937 Deloini,
1575 1903 1687 1928 nunc

82 1949 313 1988 Cardinalis
328 1949 640 1988 circumferebat
655 1949 896 1987 exosculans
914 1963 922 1995 ;
951 1961 1028 1986 nec
1042 1959 1207 1996 semper
1222 1946 1320 1984 inde
1335 1945 1468 1983 laetus
1484 1943 1687 1982 referebat

82 2005 265 2051 domum,
283 2017 411 2054 quum
427 2017 450 2042 a
464 2004 568 2043 viris
584 2004 714 2042 doctis
729 2005 770 2042 et
789 2003 986 2054 grauibus
1004 2002 1165 2040 audiret
1185 2000 1395 2038 interdum
1417 1999 1517 2037 talia
1537 1998 1688 2049 qualia,

82 2059 118 2097 si
137 2059 352 2108 sapuisset,
374 2059 462 2107 ipse
489 2058 662 2097 dixisset
689 2057 781 2097 sibi.
839 2058 1022 2106 Quorum
1050 2055 1156 2094 mihi
1183 2054 1317 2092 multa
1344 2067 1438 2092 cum
1465 2053 1537 2091 alii
1566 2053 1688 2102 scrip-

83 2115 226 2151 serunt
256 2113 385 2160 illinc,
419 2116 509 2151 tum
535 2113 715 2151 Ioannes
749 2112 928 2162 quidam,
961 2111 1127 2149 natione
1158 2109 1351 2155 Graecus,
1384 2108 1509 2145 homo
1540 2107 1689 2145 Latina

84 2167 225 2217 lingua
263 2168 377 2205 iuxta
416 2167 563 2205 doctus
600 2180 645 2206 ac
683 2180 767 2214 sua,
802 2166 944 2216 probis
983 2164 1169 2203 moribus
1208 2166 1248 2201 et
1286 2162 1543 2201 indubitatae
1575 2161 1683 2208 fidei,

85 2221 267 2271 plurima
286 2221 429 2260 retulit
449 2234 609 2260 coram:
639 2221 790 2272 quibus
811 2234 940 2270 quum
967 2219 1163 2258 sentirem
1192 2217 1388 2255 Brixium
1414 2215 1688 2265 impotentius

83 2275 213 2326 abripi
253 2289 378 2325 quam
416 2278 461 2314 vt
500 2275 712 2314 attrectari
755 2277 976 2326 pateretur,
1018 2272 1179 2311 mutaui
1221 2271 1455 2319 consilium,
1497 2273 1619 2319 atque
1663 2282 1687 2307 a

84 2330 294 2368 scribendi
322 2330 539 2369 voluntate
568 2330 719 2369 destiti.

140 2385 277 2424 Simul
297 2385 537 2435 cogitabam,
560 2385 636 2423 etsi
657 2384 856 2423 hactenus
876 2382 1112 2432 indulgeret
1131 2380 1283 2427 animo,
1303 2393 1354 2417 ne
1374 2378 1542 2428 penitus
1561 2377 1687 2417 vellet

87 2443 229 2487 tacere,
253 2441 395 2477 tamen
416 2439 613 2489 quoniam
633 2439 677 2477 in
698 2452 788 2477 eam
808 2451 894 2476 rem
917 2440 1003 2476 tam
1023 2435 1207 2474 multum
1228 2434 1370 2478 studii,
1390 2435 1477 2471 tam
1503 2433 1687 2471 multum

87 2492 352 2543 impendebat
378 2493 588 2543 temporis,
611 2493 656 2531 in
685 2506 765 2543 quo
795 2505 879 2530 non
909 2493 996 2530 erat
1025 2489 1212 2528 absimile
1234 2488 1323 2527 veri
1351 2487 1536 2537 primum
1565 2487 1687 2525 illum

85 2547 215 2586 animi
235 2547 410 2586 calorem
431 2560 476 2585 ac
491 2547 607 2586 velut
625 2548 831 2597 impetum
851 2546 1070 2596 quendam,
1089 2545 1161 2594 qui
1180 2543 1332 2582 subitis
1351 2541 1473 2580 rebus
1493 2542 1685 2591 imponit,

87 2602 222 2652 spacio
252 2604 292 2640 et
320 2615 437 2640 mora
466 2601 689 2650 deseruere,
722 2601 821 2640 iocis
850 2613 945 2639 eum
974 2599 1166 2637 lusurum
1195 2610 1240 2635 ac
1269 2596 1450 2643 salibus;
1489 2609 1512 2634 a
1541 2595 1688 2646 iurgiis

88 2669 196 2703 vero,
229 2655 428 2694 conuiciis
458 2659 499 2693 et
528 2655 749 2694 calumniis
777 2655 949 2693 omnino
977 2654 1306 2702 temperaturum
1336 2650 1426 2698 sibi,
1456 2664 1508 2688 ne
1537 2651 1688 2688 merito

89 2710 338 2748 iudicaretur
356 2709 594 2759 importune
620 2710 859 2757 maledicus,
882 2709 917 2747 si
941 2707 1129 2747 acerbius
1155 2706 1200 2744 in
1228 2718 1326 2756 pace
1354 2705 1536 2743 laederet
1563 2717 1686 2755 quam

136 2851 184 2872 12.
212 2839 418 2881 biennium]
457 2839 532 2869 The
562 2842 749 2870 Antium-us
778 2839 850 2870 had
964 2849 1015 2877 27.
1043 2836 1214 2877 Ioannes]
1255 2837 1304 2868 Of
1337 2836 1412 2867 this
1447 2834 1564 2866 Greek
1603 2833 1684 2863 who

91 2886 178 2915 been
207 2884 291 2924 long
318 2883 520 2924 projected;
544 2882 586 2913 cf.
614 2883 676 2923 Ep.
703 2884 778 2914 620.
812 2884 852 2913 28
921 2891 1019 2912 came
1050 2881 1142 2911 from
1174 2881 1308 2911 France
1339 2882 1375 2910 to
1415 2878 1581 2918 England
1613 2877 1684 2907 and

90 2938 160 2968 seq.
922 2925 1051 2955 visited
1069 2925 1175 2963 More,
1191 2925 1209 2955 I
1222 2934 1288 2954 can
1306 2923 1382 2954 find
1397 2933 1443 2953 no
1456 2923 1561 2953 other
1578 2923 1681 2951 traco.

136 2981 184 3011 17.
211 2970 423 3011 amicorum]
449 2970 499 3001 Cf.
519 2969 583 3009 Ep.
606 2970 699 3008 1087.
719 2979 819 3009 437n.
922 2968 1065 3007 Hardly
1077 2968 1236 2998 Lascaris
1248 2967 1289 3007 (l.
1308 2968 1381 3007 18);
1405 2966 1542 3005 though
1556 2965 1600 2995 he
1614 2974 1685 2993 was

134 3025 185 3047 20.
211 3013 429 3055 Cardinalis]
448 3014 513 3045 See
531 3014 597 3053 Ep.
617 3015 708 3052 1087.
728 3023 830 3053 4391).
924 3013 1091 3043 intimato
1109 3011 1199 3042 with
1216 3011 1372 3041 Brixius.

1703 924 1721 956 5

1707 1197 1746 1219 10

1708 1467 1745 1499 15

1708 1741 1748 1763 20

1709 2013 1748 2045 25

1708 2285 1749 2317 30

1708 2552 1746 2584 35
