1990 3353
90 137 214 192 1161]
539 139 694 178 FROM
733 140 951 179 ULRICH
990 141 1231 180 HUTTEN
1617 144 1695 182 381

92 251 244 289 horum
265 253 455 289 autorem
476 264 562 289 esse
589 252 640 298 te,
663 251 787 299 atque
813 249 864 287 ab
889 249 966 288 1100
988 250 1104 288 fonte
1128 250 1376 299 profluxisse
1396 250 1598 300 quidquid
1632 253 1694 289 est
1722 264 1757 295 15

93 304 201 355 quod
227 304 337 343 male
362 317 474 343 nunc
501 304 626 343 habet
648 302 858 351 Leonem3
888 305 928 342 te
951 304 1172 352 praeiuisse
1194 305 1326 351 nobis,
1351 306 1392 342 te
1422 305 1630 352 erudiisse,
1654 308 1696 343 te

91 359 278 408 primum
306 359 500 398 incitasse
528 357 734 397 libertatis
763 358 902 396 studio
930 358 1152 396 hominum
1181 361 1354 405 mentes,
1381 361 1422 397 te
1450 372 1541 397 esse
1569 359 1695 397 illum

92 426 117 451 a
145 426 226 463 quo
255 414 512 463 pendeamus
538 412 624 451 alii.
685 412 805 461 Quod
835 412 914 451 etsi
942 412 1185 451 huiusmodi
1215 427 1298 452 non
1328 416 1402 457 est,
1432 414 1530 463 quia
1558 416 1699 451 tamen

92 467 205 506 nosti
223 481 402 517 quocum
423 481 574 517 genere
593 467 813 506 hominum
834 479 899 504 res
919 466 1039 504 nobis
1058 469 1132 513 est,
1158 467 1321 506 nullam
1342 467 1466 506 debes
1485 467 1699 517 concipere

91 523 255 560 tantam
293 535 408 571 spem
441 524 487 560 vt
520 524 562 560 te
593 521 662 559 his
695 520 797 559 locis
830 520 980 559 credas,
1043 521 1217 560 Odiosae
1252 524 1352 560 sunt
1386 522 1461 560 hac
1497 522 1540 559 in
1576 535 1698 560 causa
1720 536 1760 558 20

92 575 263 623 literae3
304 578 458 626 quanto
488 575 622 625 magis
654 575 726 625 qui
759 575 836 613 has
867 574 1026 621 intulit,
1059 576 1129 625 qui
1162 575 1396 614 eruditione
1426 577 1698 615 Germaniam

93 629 298 679 impleuit.
377 631 468 680 Age
507 632 658 673 autem,
698 628 1013 668 Derthusiensis
1050 629 1109 668 ibi
1155 631 1205 668 ad
1245 631 1467 669 Decimum
1509 631 1696 680 epistola,

92 684 289 723 conuitiis
319 698 412 723 cum
442 684 517 722 illo
545 683 848 733 expostulantis
876 684 986 734 quod
1016 686 1058 722 te
1087 684 1131 722 in
1162 685 1388 723 Germania
1415 685 1520 723 ferat
1548 685 1700 723 harum

92 751 231 776 rerum
280 739 538 788 magistrum,
581 738 698 776 cuius
744 738 950 776 momenti
998 739 1093 777 est?
1167 738 1298 777 Plane
1335 739 1582 788 fugiendum
1621 739 1700 778 tibi

93 792 299 841 existimo,
337 793 371 831 si
406 806 489 831 non
525 792 669 842 magni
705 792 831 831 facias
867 795 991 831 tuum
1029 805 1182 840 casum,
1217 795 1360 831 tamen
1397 796 1442 831 vt
1482 807 1533 831 ne
1579 796 1699 832 tanto
1721 807 1759 838 25

93 847 278 897 praeside
308 847 542 897 spolientur
570 846 720 894 studia,
742 849 861 885 tanto
890 849 1005 896 patre
1035 848 1155 885 orbae
1183 847 1269 885 sint
1297 847 1456 886 literae.
1515 848 1558 886 Si
1585 848 1699 886 dubi-

93 904 202 940 tares
235 901 381 949 adhuc,
417 901 524 940 nihil
558 901 690 939 fidum
721 902 824 939 satis
858 914 947 939 esse
981 901 1102 940 nobis
1132 901 1198 939 vel
1233 902 1284 940 ab
1316 902 1528 940 Aleandro
1564 902 1702 940 doceri

94 958 327 1006 oporte1·et;
372 969 496 1005 quem
527 956 620 1006 quis
649 957 835 1006 putasset
873 956 1047 1005 pecunia
1085 956 1326 995 sacerdotali
1364 957 1587 995 aduersum
1625 969 1702 995 nos

93 1010 267 1048 conduci
295 1011 447 1060 posse?
502 1010 558 1048 Et
584 1012 726 1048 tamen
756 1023 839 1048 non
867 1012 1078 1060 oppugnat
1105 1011 1240 1049 acrius
1263 1010 1341 1049 hoc
1369 1013 1554 1061 tempore
1577 1011 1700 1049 alius.

93 1064 157 1102 Tu
178 1066 319 1103 autem
340 1064 493 1102 leniter
511 1067 552 1102 et
572 1063 905 1102 subblandiendo
927 1068 988 1103 tot
1017 1064 1101 1103 iam
1127 1078 1261 1104 annos
1286 1067 1461 1104 tractato
1482 1065 1698 1112 Pontifice,
1721 1080 1761 1111 30

93 1118 219 1157 etiam
253 1119 429 1166 laudato,
463 1119 562 1168 quid
591 1118 783 1157 meruisti
812 1118 924 1157 aliud
955 1132 1080 1168 quam
1109 1122 1156 1158 vt
1185 1120 1350 1158 infense
1381 1119 1512 1158 oderit
1542 1122 1583 1157 et
1611 1133 1700 1170 per-

94 1173 230 1211 ditum
253 1173 355 1211 velit
371 1175 391 1212 ἶ)
422 1173 463 1211 id
491 1173 602 1223 quod
629 1172 764 1223 magis
789 1174 915 1212 etiam
942 1174 1074 1212 facere
1093 1175 1218 1223 volet,
1240 1174 1406 1224 quando
1434 1174 1519 1212 iam
1539 1174 1699 1213 videbit

94 1229 237 1265 contra
267 1241 391 1266 suum
416 1228 599 1266 furorem
626 1241 742 1265 arma
769 1227 967 1277 expediri.
1026 1227 1143 1276 Quod
1170 1229 1255 1267 iam
1283 1230 1380 1266 ante
1398 1229 1556 1267 factum
1577 1231 1698 1275 esset.

94 1281 177 1320 nisi
206 1281 416 1320 Francisci
444 1282 666 1320 consilium
696 1282 845 1320 fuisset
869 1282 1024 1332 Regem
1055 1284 1216 1321 tentare
1245 1283 1370 1332 prius,
1400 1296 1471 1332 spe
1503 1285 1700 1332 concepta

94 1336 182 1374 fore
201 1338 247 1374 vt
263 1337 341 1375 hoc
362 1336 449 1386 ipse
469 1337 558 1374 Rex
578 1339 671 1385 agat
691 1338 763 1375 aut
781 1339 890 1375 certe
910 1336 1126 1386 agentibus
1146 1336 1268 1376 nobis
1294 1338 1539 1384 conniueat;
1569 1351 1701 1387 neque
1721 1352 1759 1383 35

94 1404 179 1429 non
216 1391 372 1429 factum
409 1391 598 1438 arbitror,
639 1390 722 1429 nisi
761 1391 900 1429 omnia
937 1392 1119 1429 inuertet
1159 1391 1382 1430 sceleratus
1418 1391 1491 1430 ille
1528 1392 1702 1430 Sclauus

94 1458 245 1483 corona
272 1445 434 1484 Caesari
465 1445 613 1492 oblata,
641 1446 760 1483 cuius
790 1446 1022 1494 praemium
1051 1446 1264 1495 poscimur
1294 1446 1504 1484 Lutherus
1540 1448 1581 1483 et
1611 1459 1697 1496 ego.

94 1499 205 1548 Ergo
234 1499 364 1549 igitur
391 1500 502 1549 eripe
529 1499 683 1538 isthinc
713 1501 783 1545 te3
824 1512 922 1538 nam
951 1500 1058 1538 mihi
1086 1501 1214 1538 armis
1242 1501 1449 1550 agendum
1478 1502 1551 1548 est,
1579 1500 1699 1550 quod,

93 1553 171 1592 tibi
190 1567 243 1592 ne
264 1554 383 1601 obsit,
407 1554 597 1603 praedico
616 1556 713 1592 ante
733 1554 830 1591 iam.

149 1608 267 1656 Quod
289 1608 325 1646 si
345 1621 429 1646 non
448 1608 597 1657 probas
619 1607 862 1646 institutum
889 1610 934 1646 tu
962 1622 1115 1656 meum,
1137 1622 1304 1647 causam
1330 1611 1471 1647 tamen
1499 1622 1572 1647 cur
1602 1608 1702 1646 haec
1721 1625 1762 1655 40

94 1675 206 1712 paro,
230 1662 464 1712 improbare
491 1675 578 1700 non
604 1665 732 1712 potes,
756 1665 801 1700 vt
834 1662 963 1701 libera
988 1663 1043 1701 sit
1069 1663 1314 1710 Germania:
1346 1677 1445 1701 nam
1471 1665 1572 1702 tunc
1593 1663 1702 1712 vige-

95 1716 202 1755 bunt
220 1717 348 1755 etiam
367 1716 513 1755 literae
533 1718 574 1755 et
592 1716 726 1755 honor
742 1717 822 1755 erit
842 1717 1002 1756 studiis.
1067 1718 1266 1756 ‘Difficile
1290 1718 1368 1756 hoc
1397 1717 1476 1756 tibi
1501 1720 1564 1756 est
1590 1730 1702 1767 prae-

94 1772 227 1819 stare,'
247 1771 400 1820 inquis.
459 1771 786 1819 Difficillimum,
807 1772 877 1810 sed
907 1774 1047 1810 tamen
1073 1772 1212 1810 conari
1240 1772 1464 1821 pulchrum
1488 1774 1562 1819 est,
1586 1771 1700 1821 quid-

95 1826 194 1875 quid
224 1826 389 1864 eueniat
420 1826 572 1864 etiam:
616 1839 714 1864 nam
743 1826 907 1865 euentis
935 1839 1073 1864 rerum
1102 1840 1286 1876 pugnare
1315 1840 1399 1864 non
1433 1829 1497 1865 est
1532 1840 1702 1873 meum3

96 1880 205 1929 quod
244 1880 410 1918 fortuna
448 1883 712 1918 momentum
750 1880 915 1927 habeat,
954 1880 1013 1918 ibi
1055 1881 1198 1919 animo
1237 1884 1277 1919 et
1315 1881 1474 1919 virtute
1512 1881 1697 1919 conabor.
1723 1897 1763 1927 45

97 1934 215 1983 Quod
236 1934 270 1972 si
291 1934 358 1972 cui
381 1947 592 1972 occurram
618 1935 832 1982 occasioni,
858 1935 951 1984 quis
977 1935 1178 1985 impediet
1204 1938 1394 1985 optatum
1421 1935 1488 1974 his
1516 1935 1702 1973 consiliis

97 1989 259 2027 exitum
293 1989 568 2038 contingere?
623 1988 697 2027 Sin
731 1992 874 2028 contra
913 1990 1089 2037 eueniet,
1126 1992 1268 2028 tamen
1308 1989 1476 2028 nullum
1515 1992 1577 2027 est
1614 1992 1702 2027 tam

96 2043 280 2093 prudens
298 2042 518 2081 Pontificis
537 2043 769 2091 consilium,
794 2057 875 2093 quo
902 2044 1145 2094 extinguere
1170 2044 1248 2082 hoc
1277 2058 1300 2083 a
1332 2044 1451 2082 nobis
1475 2044 1703 2082 excitatum

97 2097 227 2136 semel
247 2097 487 2135 incendium
508 2097 641 2136 liceat.
704 2098 894 2136 Profecto
915 2098 1030 2136 enim
1049 2099 1255 2137 ardebunt
1271 2099 1361 2144 ista,
1383 2100 1704 2147 quantumcum-

98 2165 176 2202 que
192 2151 498 2190 reluctantibus
512 2152 625 2202 ipsis‚
646 2152 773 2190 etiam
789 2152 826 2191 si
840 2166 914 2191 nos
931 2153 1167 2202 opprimant
1186 2168 1194 2199 ;
1224 2154 1307 2191 iam
1323 2152 1425 2191 alios
1440 2152 1556 2190 enim
1571 2152 1704 2201 pariet
1726 2169 1767 2200 50

98 2206 431 2244 vehementiores
460 2206 585 2244 etiam
614 2205 820 2245 libertatis
848 2208 1077 2246 adsertores
1107 2208 1211 2246 cinis
1244 2208 1322 2245 iste
1352 2209 1503 2246 noster.
1562 2208 1705 2256 Atque

98 2274 145 2299 eo
174 2261 308 2309 magis
336 2273 412 2310 ago
442 2261 553 2309 haec,
577 2261 687 2311 quod
716 2261 907 2300 futurum
937 2262 1013 2300 hoc
1044 2262 1155 2307 scio;
1190 2261 1449 2311 conaborque
1478 2261 1632 2310 omnia⁷
1665 2263 1704 2299 et

145 2362 195 2391 16.
223 2363 245 2396 β
262 2373 268 2392 z
293 2362 410 2393 habet.
460 2362 617 2392 Leonem
635 2364 670 2392 te
686 2374 716 2393 α.
857 2372 909 2394 22.
935 2363 1087 2402 epistola
1102 2365 1213 2400 scripsi
1228 2375 1233 2393 :
1260 2362 1432 2402 epistolae
1450 2364 1505 2396 αβ.
1653 2372 1705 2400 27.

97 2405 373 2483 ξοείοῗξῑχεῖιῖζίἔο
389 2417 420 2436 α.
531 2406 583 2444 36.
612 2407 654 2439 B:
679 2405 835 2437 Sclaiius
851 2407 991 2438 Corolla
1008 2419 1039 2438 α.
1151 2407 1204 2445 48.
1229 2416 1300 2445 quo
1316 2418 1335 2436 α
1352 2417 1359 2437 :
1382 2406 1477 2445 quod
1492 2408 1527 2440 β.
1652 2415 1705 2445 52.

143 2552 196 2573 22.
224 2542 516 2583 Derthusiensis]
533 2542 673 2573 Adri-an
690 2554 697 2581 ;
721 2542 763 2574 cf.
779 2543 868 2583 Epp.
1027 2544 1176 2585 Regem]
1195 2544 1344 2575 Charles
1361 2554 1395 2575 v.

104 2596 196 2624 1114.
212 2595 270 2625 311,
294 2595 505 2626 1153.149n.
546 2586 615 2617 His
632 2586 741 2617 letter
756 2597 871 2618 seems
981 2589 1032 2626 36.
1060 2588 1224 2629 Sclauus]
1253 2587 1340 2618 This
1368 2588 1594 2619 insinuation
1623 2588 1703 2619 that

103 2632 140 2661 to
157 2630 247 2660 have
270 2629 449 2669 perished.
497 2629 605 2660 From
627 2629 703 2661 this
726 2640 871 2670 passage
937 2631 1121 2662 Aleander
1134 2641 1205 2662 was
1218 2631 1385 2662 Slavonic
1399 2632 1438 2662 in
1451 2631 1569 2671 origin
1580 2632 1707 2662 doubt-

104 2674 132 2704 it
154 2673 272 2713 might
292 2682 389 2704 seem
410 2673 493 2705 that
513 2673 560 2704 its
577 2683 728 2713 purpose
745 2683 817 2704 was
834 2676 870 2704 to
939 2675 1008 2706 less
1034 2675 1151 2706 rested
1176 2685 1222 2706 on
1247 2675 1304 2706 his
1330 2675 1434 2706 claim
1462 2676 1535 2716 (Al.
1561 2675 1600 2706 E.
1628 2676 1650 2706 i.
1669 2684 1705 2713 3>

102 2718 160 2757 get
174 2717 344 2748 Erasmus
355 2720 390 2748 to
398 2716 510 2747 Rome
519 2717 557 2747 in
569 2718 769 2748 connexion
777 2718 870 2748 with
938 2719 1019 2750 that
1031 2719 1086 2749 his
1098 2719 1224 2759 family
1232 2729 1331 2750 came
1342 2719 1433 2749 from
1444 2719 1569 2749 Istria:
1586 2719 1707 2749 where

103 2760 201 2791 Leo's
210 2760 393 2800 projected
404 2760 687 2799 University(cf.
698 2761 760 2801 Ep.
774 2762 870 2793 1062.
938 2764 1001 2793 the
1034 2763 1135 2793 Slavs
1170 2762 1300 2793 settled
1334 2763 1370 2793 in
1402 2762 1469 2793 vii0
1501 2762 1704 2803 (Freeman7

108 2806 221 2843 140n).
262 2805 334 2835 But
352 2804 415 2844 Ep.
434 2804 527 2835 1166.
546 2805 654 2843 104-6
670 2807 829 2845 suggests
851 2815 870 2835 a
938 2809 1022 2837 Hist.
1043 2809 1216 2844 Geoqraplzy
1241 2808 1276 2843 of
1291 2809 1423 2846 Europe,
1446 2806 1539 2844 1881,
1560 2816 1592 2845 p.
1617 2810 1702 2844 115).

104 2848 273 2879 different
291 2848 581 2887 interpretation.
939 2850 1000 2880 See
1019 2850 1092 2880 also
1112 2850 1174 2890 Ep.
1204 2851 1297 2880 1166.
1310 2851 1391 2889 85n.
1438 2850 1505 2880 For
1526 2849 1588 2880 the
1612 2851 1706 2879 term

148 2901 202 2930 27.
226 2890 363 2932 doceri]
388 2891 439 2922 Cf.
456 2890 519 2922 Ov.
538 2893 583 2921 M.
605 2901 637 2928 4.
653 2891 728 2929 428.
939 2894 1126 2924 Sclavonia
1139 2893 1283 2933 applied
1292 2895 1327 2924 to
1339 2894 1400 2924 tho
1412 2892 1707 2932 neighbourhood

146 2944 199 2974 3ο.
226 2933 373 2975 leniter]
391 2934 444 2965 Cf.
464 2934 526 2974 Ep.
550 2943 685 2974 1029.9.
939 2937 977 2968 of
991 2937 1129 2976 Ragusa
1144 2936 1186 2967 cf.
1207 2937 1352 2968 Brewer
1368 2938 1414 2968 iv.
1436 2937 1529 2976 1832.

146 2988 200 3018 34.
228 2977 424 3019 Francisci]
443 2978 482 3009 of
494 2977 711 3018 Siekingen:
733 2988 792 3009 see
806 2978 869 3019 Ep.
983 2990 1036 3019 37.
1060 2983 1096 3011 et
1113 2981 1191 3020 ego}
1218 2981 1270 3011 Cf.
1290 2981 1353 3021 Ep.
1375 2990 1467 3019 1135.
1486 2991 1542 3011 211.

103 3023 177 3061 582.
190 3032 268 3061 2711.
983 3025 1036 3063 38.
1060 3023 1186 3066 armis]
1206 3024 1258 3055 Cf.
1274 3024 1336 3064 Ep.
1356 3025 1448 3056 1166.
1471 3032 1609 3055 110-11.
