1990 3353
85 156 99 180 1
109 145 160 180 06
169 141 208 195 1]
589 143 744 182 FROM
783 141 1041 181 EDWARD
1078 141 1187 181 LEE
1608 143 1681 180 161

79 254 240 304 aliquot
275 255 563 306 responsiones
592 257 699 294 tuae.
757 253 1028 304 Reliquarum
1061 266 1170 299 vero,
1203 265 1304 302 quas
1333 252 1420 301 ipse
1455 265 1540 289 non
1571 253 1680 297 misi,

81 309 233 348 factam
259 309 337 348 tibi
362 310 520 359 copiam
545 322 568 347 a
594 322 686 347 meo
712 308 922 358 proditore
948 308 1080 357 ipsius
1099 307 1334 357 proditoris,
1358 306 1534 356 epistola
1562 306 1612 344 ad
1643 309 1684 344 te

82 363 221 410 missa,
259 364 329 402 sed
363 377 465 413 quae
499 376 610 401 nunc
643 364 687 401 in
709 362 903 408 manibus
933 362 1039 400 meis
1075 363 1148 408 est,
1187 360 1446 410 apertissime
1478 360 1682 409 probabit.

80 418 161 456 Sed
191 417 275 456 scio
300 431 373 456 cur
392 417 590 456 inficieris
608 419 648 456 te
669 417 889 468 quicquam
906 416 1070 455 vidisse.
1130 416 1180 453 Id
1205 428 1373 465 prorsus
1393 427 1527 458 canes,
1547 427 1598 452 ne
1618 414 1684 453 vel

81 473 166 510 iota
193 485 266 521 per
294 486 361 510 me
388 471 610 522 profecisse
638 471 813 510 videare.
875 471 930 509 Et
958 473 1102 508 tamen
1132 470 1208 508 hac
1236 471 1355 519 parte
1384 471 1528 507 contra
1556 469 1598 506 te
1628 482 1684 506 re·
1704 475 1747 506 80

81 526 277 565 clamabit
298 526 458 575 aliquot
478 526 579 564 locis
599 525 778 564 secunda
797 525 948 563 aeditio
968 527 1051 563 tua.
1112 524 1219 562 Nam
1241 525 1282 562 et
1302 523 1370 561 hic
1390 522 1684 562 verecundiam

83 593 199 626 exuo.
229 582 275 619 vt
299 593 392 619 mea
417 582 509 619 tum
535 593 754 629 agnoscam
781 581 874 617 tum
903 581 1114 629 repetam3
1155 590 1258 628 quae
1282 591 1375 616 mea
1397 590 1485 615 esse
1511 579 1598 616 tam
1625 577 1684 615 in·

80 637 224 683 gratus
253 634 378 673 homo
407 648 492 673 non
521 634 717 683 agnoscis.

135 688 366 727 virulentis
385 688 579 727 conuitiis
595 689 712 727 nullo
732 688 820 726 loco
841 690 950 726 vtor.
1008 686 1054 726 Si
1072 686 1196 737 paulo
1215 685 1386 724 liberior
1404 699 1500 725 sum
1520 684 1673 724 alicubi

81 755 205 792 quam
236 744 283 781 tu
312 742 452 791 velles,
486 756 570 782 non
604 744 693 781 sine
725 742 914 792 exemplo
944 741 986 780 id
1021 742 1113 788 feci,
1150 754 1281 790 quum
1312 753 1377 779 res
1414 740 1471 778 sic
1507 742 1683 789 vrgeret.
1704 746 1745 787 85

81 797 166 835 Nec
187 799 287 847 puto
307 797 522 836 Christum
543 797 726 836 conuitio
746 797 819 835 sed
842 796 1112 846 castigatione
1131 808 1265 841 vsum,
1290 807 1421 844 quum
1441 794 1686 833 Pharisaeos

80 854 200 890 vocat
220 852 460 901 ypochritas
479 865 525 890 ac
540 851 758 901 sepulchra
779 851 975 897 dealbata,
1000 864 1074 889 nec
1096 850 1287 897 Paulum,
1310 849 1476 898 quando
1495 848 1684 887 Ananiae

80 905 186 943 dixit
226 906 463 945 ‘Percutiet
505 908 559 954 te,
599 906 734 956 paries
779 905 968 944 dealbate
983 904 992 919 ⁹
1009 919 1019 953 ;
1066 917 1139 942 nec
1179 903 1470 953 Polycarpum,
1512 902 1687 941 Ioannis

80 960 275 1009 Apostoli
296 960 559 1009 discipulum,
584 960 655 1010 qui
676 959 877 998 Marcioni
904 958 1188 1009 perconctanti
1214 971 1268 996 an
1288 971 1330 996 se
1350 959 1612 1007 cognosceret
1632 971 1687 995 re-

81 1014 251 1063 spondit
275 1015 285 1033 ‘
298 1014 509 1064 cognosco
529 1014 856 1065 primogenitum
873 1014 1048 1052 Satanae
1064 1013 1088 1052 '.
1136 1012 1294 1050 Paulus
1313 1012 1429 1050 iubet
1445 1013 1685 1060 peccantem
1705 1024 1748 1055 90

80 1081 218 1106 coram
231 1069 425 1108 omnibus
441 1082 578 1107 coram
599 1069 794 1107 omnibus
809 1068 1020 1117 increpari.
1068 1068 1122 1106 Et
1141 1070 1284 1105 tamen
1300 1079 1375 1115 ego
1390 1079 1595 1116 nusquam
1609 1065 1686 1104 hoc

81 1122 185 1161 mihi
205 1136 326 1162 sumo
339 1125 386 1161 vt
404 1125 444 1162 te
465 1124 685 1173 increpem.
743 1122 890 1161 Libere
906 1136 1056 1161 moneo
1073 1121 1171 1171 quid
1185 1134 1252 1160 me
1264 1121 1456 1159 offendat.
1516 1119 1687 1158 Alicubi

80 1176 198 1215 volui
217 1180 258 1216 te
278 1190 469 1216 reuocare
491 1178 542 1216 ob
562 1178 701 1216 oculos
721 1180 826 1225 tuos,
850 1177 920 1226 qui
940 1176 1047 1215 mihi
1068 1175 1130 1214 tui
1156 1176 1288 1225 ipsius
1308 1175 1460 1213 oblitus
1479 1174 1684 1213 videbare.

138 1231 217 1270 Sed
239 1233 346 1281 quod
367 1231 582 1270 mendacia
610 1232 761 1276 obficis,
786 1231 982 1270 insanum
1007 1230 1133 1268 fuerit
1161 1230 1329 1268 mentiri
1355 1229 1399 1267 in
1426 1242 1547 1279 opere
1576 1229 1685 1278 quod

82 1285 194 1324 orbis
213 1285 332 1336 leget.
393 1286 446 1325 Et
466 1300 701 1336 quanquam
723 1289 768 1324 tu
789 1286 832 1324 id
860 1286 972 1333 facis,
995 1298 1079 1323 non
1105 1285 1201 1323 inde
1227 1284 1332 1322 mihi
1361 1297 1523 1322 sumam
1554 1296 1688 1321 exem-
1705 1291 1746 1322 95

82 1339 210 1389 plum.
272 1341 366 1379 Imo
386 1342 493 1390 quod
518 1341 753 1379 coniectura
782 1342 948 1378 tantum
969 1340 1141 1378 videbar
1169 1341 1424 1386 consecutus,
1448 1338 1527 1376 sub
1553 1337 1687 1386 specie

82 1396 339 1434 coniecturae
359 1397 401 1432 et
421 1408 505 1433 non
525 1397 658 1433 certae
678 1394 929 1444 cognitionis
949 1394 1157 1443 profiteor.
1219 1393 1262 1431 Si
1283 1392 1606 1442 deprehenderis
1618 1392 1685 1430 vel

82 1461 164 1487 vno
184 1449 273 1487 loco
293 1449 556 1487 mendacium
577 1449 720 1487 fecisse
741 1450 855 1497 (nam
875 1448 1099 1486 mentitum
1121 1461 1207 1485 non
1227 1460 1315 1486 esse
1335 1448 1445 1485 certo
1472 1446 1555 1484 scio
1573 1459 1581 1492 ;
1612 1458 1686 1483 nec

83 1506 222 1541 tamen
253 1506 341 1541 tam
369 1517 462 1542 sum
493 1517 654 1552 semper
682 1503 766 1542 mei
795 1516 963 1551 compos
986 1505 1033 1540 vt
1058 1502 1166 1540 nihil
1190 1501 1321 1551 possit
1345 1501 1453 1539 mihi
1474 1499 1684 1548 excidere),

83 1557 272 1596 monitus
289 1557 518 1596 recantabo.
579 1558 687 1596 Nam
703 1559 812 1596 certe
829 1557 905 1595 hoc
921 1556 1207 1595 foedissimum
1221 1558 1294 1603 est,
1311 1555 1474 1604 publice
1491 1554 1661 1593 mentiri
1676 1569 1685 1593 ε
1710 1568 1770 1590 100

83 1612 192 1661 quod
213 1612 343 1650 miror
360 1614 401 1650 te
420 1612 637 1662 aliquoties
656 1613 797 1658 facere,
815 1611 1030 1649 hominem
1044 1613 1084 1649 et
1101 1609 1344 1660 theologum
1361 1612 1402 1647 et
1418 1609 1683 1648 monachum.

82 1665 301 1716 Nusquam
333 1667 518 1705 iactitaui
552 1669 744 1705 sexcenta
777 1667 864 1704 loca
887 1679 909 1703 a
938 1679 1005 1703 me
1035 1665 1294 1714 reprehensa.
1352 1663 1444 1702 Hoc
1474 1663 1609 1713 fingis,
1641 1665 1687 1701 vt

84 1722 254 1759 caetera.
313 1721 565 1771 Exemplum
585 1721 669 1759 mei
690 1721 786 1759 facti
806 1719 961 1769 accipio
981 1733 1030 1758 ex
1045 1720 1172 1758 sacris
1186 1718 1330 1757 literis.
1391 1718 1435 1757 Si
1456 1718 1688 1768 peccauerit

84 1775 129 1813 in
149 1777 190 1813 te
211 1775 341 1813 frater
360 1778 469 1823 tuus,
492 1775 649 1825 corripe
668 1789 765 1814 eum
786 1775 895 1813 inter
916 1777 956 1813 te
979 1776 1019 1813 et
1045 1774 1195 1823 ipsum.
1257 1773 1302 1812 Si
1323 1775 1363 1810 te
1383 1786 1467 1810 non
1493 1771 1684 1819 audierit,

83 1828 235 1867 adhibe
268 1842 401 1868 vnum
432 1829 501 1868 vel
532 1830 637 1868 duos
666 1832 804 1868 testes,
865 1828 910 1866 Si
938 1842 1014 1867 nec
1045 1829 1152 1874 illos,
1187 1828 1252 1866 dic
1284 1827 1500 1866 Ecclesiae.
1560 1826 1688 1864 Hunc
1710 1841 1770 1873 105

86 1883 275 1922 ordinem
312 1884 571 1923 adamussim
611 1883 828 1922 obseruaui
847 1898 855 1931 ;
896 1885 943 1921 vt
973 1896 1086 1921 nunc
1125 1883 1280 1920 frustra
1317 1881 1492 1920 tentatis
1530 1881 1689 1919 duabus

85 1938 290 1986 prioribus
309 1938 401 1985 viis,
423 1938 588 1977 tertiam
610 1952 730 1988 cogar
749 1939 865 1985 inire,
890 1937 1092 1976 Ecclesiae
1114 1937 1310 1975 dicturus.

138 1992 264 2031 ERAs.
297 1993 342 2031 Si
352 1995 532 2041 prodesse
551 1994 609 2032 vis
627 1995 816 2040 omnibus,
840 2005 910 2031 cur
930 2005 1005 2030 mm
1024 1993 1161 2030 aedis?

140 2046 216 2084 En.
248 2046 421 2086 Vtinam
459 2061 506 2085 ea
543 2060 635 2085 mea
669 2050 776 2086 esset
809 2046 982 2085 felicitas
1020 2049 1064 2083 vt
1102 2045 1293 2096 prodesse
1332 2057 1494 2094 possem
1513 2045 1522 2082 Σ
1579 2046 1690 2081 certe

87 2100 250 2139 vellem.
311 2101 391 2139 Sed
413 2102 641 2152 quominus
662 2102 817 2145 liceret,
842 2114 971 2151 quum
992 2100 1143 2138 vellem
1172 2101 1213 2137 et
1240 2101 1457 2146 tentarem,
1479 2097 1591 2135 idem
1619 2097 1690 2147 qui
1712 2113 1773 2135 110

87 2168 197 2194 nunc
220 2168 341 2205 vrges
361 2157 406 2194 vt
433 2156 589 2202 aedam,
618 2156 683 2194 bis
710 2155 922 2194 obstitisti.
980 2155 1173 2193 Primum
1198 2153 1474 2191 interturbato
1502 2151 1685 2200 negocio,

85 2222 213 2259 quum
235 2209 316 2248 iam
337 2209 590 2249 characteres
611 2212 750 2249 essent
769 2209 991 2259 compositi
1016 2209 1066 2247 ad
1091 2209 1276 2258 primum
1300 2207 1486 2256 praelum
1504 2220 1513 2244 :
1543 2206 1690 2244 deinde

87 2263 143 2301 ita
165 2264 364 2303 fascinato
385 2263 515 2303 altero
535 2265 806 2314 typographo,
830 2266 997 2314 quicum
1023 2263 1127 2301 mihi
1148 2264 1288 2312 postea
1309 2261 1517 2308 conuenit,
1545 2262 1591 2298 vt
1618 2259 1689 2310 qui

54 2365 55 2368 Ἰ
87 2318 220 2367 primo
242 2319 292 2356 de
311 2332 357 2357 ea
376 2332 420 2356 re
439 2332 628 2358 sermone
649 2319 868 2357 videbatur
884 2319 1042 2356 ambire
1063 2331 1178 2367 opus,
1204 2318 1346 2366 postea
1367 2315 1518 2354 tradita
1538 2314 1602 2352 illi
1617 2314 1690 2353 abs

86 2375 127 2410 te
147 2372 400 2423 Paraphrasi
416 2374 466 2412 ad
483 2373 751 2412 Timotheum
768 2373 904 2412 nullas
919 2372 1046 2410 vellet
1058 2384 1207 2421 aequas
1222 2370 1481 2409 conditiones
1496 2369 1686 2418 recipere,
1712 2381 1724 2402 1
1736 2381 1774 2412 15

87 2439 139 2464 ne
159 2427 327 2477 quidem
352 2441 420 2466 eas
442 2441 543 2477 quas
562 2429 685 2466 antea
704 2428 790 2477 ipse
812 2440 887 2465 sua
915 2427 1083 2476 quidem
1111 2427 1258 2475 sponte
1286 2424 1452 2463 obtulit.
1513 2423 1559 2461 Si
1584 2425 1691 2461 tant-

85 2494 205 2530 opere
217 2481 407 2531 cupiebas
421 2483 760 2520 Annotationum
777 2484 1012 2520 nostrarum
1029 2480 1291 2525 aeditionem,
1311 2492 1440 2528 quum
1457 2478 1581 2516 scires
1596 2491 1690 2515 cum

88 2535 162 2573 hoc
178 2535 436 2585 typographo
457 2536 600 2575 iniisse
621 2550 687 2574 me
707 2538 940 2581 tractatum,
966 2535 1049 2573 imo
1070 2536 1110 2572 et
1133 2534 1214 2572 iam
1237 2536 1404 2583 pactum
1427 2546 1515 2571 esse
1535 2532 1584 2570 de
1605 2532 1688 2581 qui-

86 2589 260 2629 busdam
289 2590 485 2639 articulis,
521 2604 594 2629 cur
622 2590 916 2640 Paraphrasim
947 2586 1237 2640 ob[s]trusisti‚
1271 2590 1312 2625 et
1341 2587 1404 2625 illi
1434 2586 1690 2636 typographo

85 2644 252 2693 quicum
286 2647 406 2682 antea
437 2644 553 2683 nulla
585 2644 663 2683 tibi
692 2647 779 2682 erat
809 2643 1087 2683 consuetudo:
1128 2642 1229 2692 quin
1260 2655 1356 2680 vero
1387 2641 1452 2680 cui
1480 2643 1611 2688 antea,
1645 2642 1689 2678 vt
1717 2652 1775 2673 ¹20

129 2746 179 2775 77.
224 2736 418 2778 proditore]
474 2737 648 2777 Lypsius3
712 2737 756 2768 ef.
811 2736 850 2767 ll.
965 2736 1017 2766 88.
1045 2733 1294 2774 Polycarpum]
1313 2733 1366 2767 Cf.
1386 2733 1483 2765 Iren.
1499 2744 1522 2763 e.
1542 2735 1640 2765 Hacr.
1658 2741 1689 2770 3·

85 2790 169 2818 401⁴
195 2803 203 2811 .
945 2803 952 2809 .
971 2791 1000 2816 4.

174 2790 360 2865 3epistola]
392 2824 464 2854 The
496 2823 675 2854 reference
708 2824 737 2854 is
775 2834 850 2863 pos·
923 2790 941 2818 3
965 2833 1018 2861 90.
1046 2821 1192 2862 Paulus]
1216 2831 1227 2850 1
1247 2821 1336 2851 Tim.
1355 2829 1384 2859 5.
1405 2831 1456 2851 20.

83 2867 177 2907 ›⁴1ny
211 2870 246 2898 to
282 2868 345 2908 Ep.
379 2878 455 2907 900.
499 2877 617 2906 10‚11;
655 2868 717 2898 but
755 2878 852 2898 more
970 2875 1040 2904 103.
1068 2862 1324 2905 sacrisliteris]
1338 2864 1550 2896 Cf.Matt.18.
1572 2873 1689 2901 ¹5⁴7·

86 2911 197 2950 likely
225 2914 262 2942 to
292 2921 388 2942 some
415 2912 523 2942 letter
551 2911 667 2942 which
700 2912 762 2942 lias
790 2913 851 2941 not
971 2919 1042 2940 112.
1067 2907 1269 2949 compositi]
1289 2908 1379 2938 with
1395 2908 1618 2943 T11i1mult·.1;
1643 2907 1687 2935 vs.

85 2953 268 2986 survived.
923 2953 944 2984 l.
964 2955 1028 2991 536
1044 2953 1117 2983 and
1137 2953 1198 2991 Ep.
1222 2961 1311 2990 1053.
1334 2953 1470 2990 11649.

127 2999 180 3030 86.
208 2997 429 3039 Pharisaeos]
448 2997 548 3029 Matt.
569 3009 619 3037 23.
640 3008 689 3037 27.
969 3006 1036 3034 113.
1065 2996 1192 3037 altero]
1212 2995 1349 3026 Hillen.

127 3044 179 3079 87.
207 3041 385 3082 Ananiae]
403 3043 490 3073 Acts
507 3052 559 3081 23.
579 3052 607 3081 3.
971 3049 1039 3078 115.
1064 3038 1292 3080 Paraphrusi]
1310 3039 1371 3069 Se<¹
1391 3038 1453 3077 Ep.
1476 3047 1565 3075 1043.

152 3109 226 3129 ⁴⁵34
868 3109 897 3134 M
