1990 3353
105 136 230 193 1087]
590 136 744 175 FROM
781 135 1017 176 THOMAS
1054 133 1211 174 MORE
1621 135 1699 175 231

103 262 207 299 quos
236 247 308 288 ille
337 247 480 287 minus
508 245 694 285 offendit.
752 245 909 285 Verum
937 244 1151 283 enimuero
1180 242 1393 282 neminem
1417 243 1553 282 adhuc
1579 243 1702 282 audio

105 307 195 343 tam
222 303 396 342 candido
422 301 577 340 calculo
604 300 900 350 suffragantem
925 298 1081 346 Brixio,
1103 300 1151 337 vt
1176 311 1260 336 non
1285 298 1397 336 idem
1422 297 1574 336 sentiat
1595 297 1702 335 nihil

106 358 308 397 hactenus
337 357 388 395 ab
418 370 465 395 eo
494 355 699 406 prodiisse
726 356 814 393 tam
843 352 1125 403 magnificum,
1160 352 1268 402 quod
1295 351 1542 402 respondere
1571 351 1704 401 possit

106 411 292 452 hominis
319 409 561 450 iactabundi
589 408 800 460 gloriolis;
837 407 940 447 dum
968 420 1080 446 nunc
1107 406 1233 446 iactat
1262 406 1375 445 idem
1404 419 1492 445 esse
1517 406 1704 456 poeticen
1724 421 1787 454 555

106 466 188 505 sibi
208 465 318 516 quod
337 465 464 504 πεδίον
487 465 595 516 ἵππῳ,
618 463 697 501 hoc
723 465 786 500 est
811 475 915 513 equo
939 474 1065 501 suum
1085 473 1289 511 campum,
1312 474 1424 499 nunc
1444 473 1488 499 se
1507 460 1706 511 gloriatur

105 533 204 560 cum
222 519 470 571 antiquitate
489 520 658 566 certare,
680 529 793 555 nunc
811 516 946 567 ipsam
966 515 1126 555 clauam
1144 515 1187 554 vi
1212 514 1370 565 eripere
1396 514 1580 562 Herculi,
1603 515 1704 553 dum

107 574 269 614 fulmen
297 574 473 624 denique
506 572 604 611 satis
638 571 905 621 impudenter
937 583 1026 609 sese
1060 569 1280 609 minitatur
1308 569 1556 608 efflaturum.
1616 568 1706 607 Has

107 628 296 668 hominis
314 628 466 679 glorias
485 627 558 665 alii
578 626 738 677 quoties
758 638 854 664 cum
874 625 963 664 eius
983 624 1201 663 conferunt
1227 624 1459 674 poematiis,
1491 622 1706 673 ingenium

109 685 279 722 censent
299 695 385 721 non
404 683 601 720 insanum
619 681 786 719 tantum
805 680 876 718 sed
897 679 1022 718 etiam
1042 678 1285 717 insanabile.
1728 678 1793 719 560

164 737 252 787 Ego
266 750 375 783 vero,
390 748 627 787 quanquam
643 734 814 773 Brixius
831 734 876 772 in
895 746 962 772 me
982 735 1070 772 tam
1088 735 1269 772 atrocem
1288 746 1374 771 non
1389 732 1514 771 modo
1528 731 1707 770 iudicem

110 792 183 831 sed
198 793 241 830 et
254 804 454 841 augurem
469 803 631 840 quoque
646 789 835 839 praebeat
849 801 950 835 sese,
968 790 1015 827 vt
1031 800 1116 826 non
1131 787 1267 826 solum
1289 787 1487 837 quicquid
1506 787 1708 825 hactenus

110 859 295 897 vnquam
306 845 453 895 scripsi
466 845 648 891 damnet,
662 856 811 882 verum
823 842 949 881 etiam
963 842 1211 893 pronunciet
1226 841 1335 880 nihil
1349 842 1521 890 posthac
1536 840 1709 889 scriptu-

110 913 208 940 rum
229 900 338 950 quod
358 899 489 950 possit
508 911 595 938 esse
621 897 797 948 dignum
816 897 947 936 lectu:
977 899 1118 935 tamen
1145 896 1291 934 mitius
1317 895 1533 945 aliquanto
1560 896 1610 933 de
1635 895 1709 933 illo

110 955 257 1003 sentio,
281 955 560 993 coniecturam
579 952 848 1002 potissimum
876 964 971 990 cum
999 964 1050 990 ex
1077 950 1328 1000 Chordigera
1352 950 1518 998 faciens,
1542 951 1634 988 tum
1660 962 1709 987 ex
1731 956 1792 998 565

109 1009 334 1048 Antimoro
363 1021 489 1059 quam
519 1008 564 1046 in
592 1020 659 1046 me
688 1006 854 1056 scripsit
881 1006 1024 1052 iratus,
1056 1005 1219 1056 quando
1244 1005 1312 1044 vel
1337 1004 1415 1044 hoc
1438 1005 1575 1054 ipsum
1604 1003 1710 1042 mihi

109 1076 227 1113 spem
252 1063 387 1102 adhuc
412 1062 595 1113 aliquam
620 1061 728 1108 facit,
751 1063 957 1100 austeram
984 1060 1101 1098 illam
1128 1059 1313 1098 indolem
1341 1072 1459 1109 posse
1486 1058 1710 1108 aliquando

110 1118 342 1165 mitescere,
375 1118 484 1167 quod
518 1129 614 1155 cum
647 1118 734 1154 tam
768 1116 908 1165 inepta
945 1114 1097 1153 scribat
1134 1127 1245 1152 nunc
1283 1113 1327 1151 id
1360 1114 1507 1152 aetatis
1540 1112 1708 1159 habens,

112 1172 329 1211 hominem
359 1184 446 1210 esse
473 1171 595 1210 video
625 1184 709 1208 non
737 1172 824 1209 tam
849 1170 1056 1219 praecocis
1081 1168 1238 1218 ingenii
1267 1168 1369 1219 quin
1399 1168 1534 1206 adhuc
1564 1167 1712 1206 durare

111 1226 244 1277 possit
264 1239 309 1265 ac
329 1227 604 1264 maturescere
623 1224 790 1274 alioqui.
850 1223 982 1262 Plane
1009 1223 1045 1262 si
1068 1224 1268 1262 sentirem
1297 1223 1347 1261 ad
1374 1224 1530 1261 statum
1556 1222 1640 1260 iam
1667 1234 1712 1259 ac
1733 1235 1797 1268 570

112 1280 240 1320 robur
267 1280 507 1331 peruenisse
527 1283 664 1328 atque,
686 1281 733 1318 vt
755 1279 901 1318 Graeci
920 1281 1082 1326 vocant,
1106 1278 1238 1327 ἀκμήν,
1261 1277 1373 1316 aliud
1395 1278 1608 1327 expectare
1629 1289 1712 1314 non

112 1348 278 1386 possem
308 1348 434 1385 quam
462 1336 510 1373 vt
536 1334 654 1372 cuius
682 1346 754 1371 ver
781 1332 996 1383 lethargus
1026 1334 1097 1379 est,
1127 1334 1260 1371 aestas
1286 1333 1347 1370 ira
1374 1334 1463 1371 tam
1491 1331 1708 1380 impotens,

113 1390 203 1428 eius
222 1391 452 1428 autumnus
472 1389 527 1427 sit
547 1388 719 1426 omnino
739 1387 862 1426 furor.

169 1444 263 1483 Iam
290 1444 400 1493 quod
425 1456 561 1481 meam
587 1442 827 1492 hypocrisin
855 1443 980 1491 negat
1006 1454 1093 1479 esse
1120 1443 1208 1479 tam
1235 1439 1525 1479 admirabilem
1545 1441 1591 1478 vt
1616 1452 1712 1478 eum

113 1512 135 1536 e
164 1497 377 1548 proscenio
406 1498 618 1545 deterreat,
649 1498 781 1535 fateor
809 1497 916 1534 certe
946 1495 1006 1533 nil
1036 1508 1111 1533 nec
1140 1495 1292 1533 habere
1320 1507 1388 1533 me
1417 1507 1492 1533 nec
1520 1507 1617 1544 prae
1648 1507 1713 1532 me
1733 1508 1797 1540 575

113 1553 219 1591 ferre
238 1552 348 1603 quod
366 1551 594 1590 absterreat
620 1563 866 1601 quenquam.
933 1549 1075 1600 Neque
1102 1563 1252 1599 negare
1270 1562 1442 1599 possum
1462 1551 1564 1598 quin
1588 1549 1714 1598 hypo·

114 1606 233 1646 crisis
270 1606 403 1645 Brixii
442 1609 610 1645 tantum
648 1605 819 1644 terroris
856 1604 1028 1643 inuehat
1065 1617 1217 1653 secum,
1257 1605 1304 1643 vt
1348 1616 1432 1642 non
1478 1603 1601 1641 modo
1648 1616 1715 1641 me

114 1661 440 1700 homuncionem
460 1660 717 1710 pauidulum,
741 1662 782 1698 et
802 1672 927 1709 quem
947 1659 1066 1698 facile
1082 1658 1273 1697 terruerit
1292 1671 1493 1708 personae
1520 1657 1716 1707 pallentis

114 1715 268 1766 imago,
307 1715 376 1754 sed
415 1716 667 1765 spectatores
705 1727 849 1752 omnes
885 1726 1056 1764 prorsus
1100 1727 1122 1752 e
1168 1713 1331 1751 theatro
1375 1712 1504 1762 possit
1543 1711 1717 1762 spectris

115 1770 403 1820 expauefactos
431 1770 618 1819 abigere:
658 1768 695 1807 si
723 1768 849 1807 modo
875 1769 963 1807 veri
997 1768 1084 1807 sint
1116 1769 1147 1807 ii
1178 1781 1324 1806 versus
1357 1766 1503 1813 Brixii‚
1537 1780 1639 1816 quos
1673 1766 1716 1804 in
1738 1773 1801 1813 580

115 1824 389 1864 Antimorum
409 1825 590 1875 Μωρίχου
608 1823 816 1874 μωρότερος
836 1822 1010 1861 inseruit
1028 1837 1036 1870 ;

351 1923 467 1963 Haec
497 1922 603 1960 mihi
632 1922 809 1961 dictanti
837 1921 1029 1961 astabant
1059 1921 1180 1959 Dirae
1209 1920 1378 1959 auribus
1407 1932 1551 1958 omnes

408 1978 463 2016 Et
493 1977 652 2025 Furiae,
685 1976 860 2015 infernis
888 1977 1046 2015 concita
1073 1976 1196 2014 turba
1223 1975 1352 2022 vadis,

354 2032 513 2080 Alecto,
546 2034 587 2069 et
615 2031 743 2069 sacris
771 2033 894 2081 caput
922 2031 1084 2070 irretita
1112 2029 1292 2068 colubris

407 2085 644 2136 Tisiphone,
677 2088 718 2124 et
746 2087 906 2124 terrens
935 2099 1003 2123 ore
1035 2084 1221 2134 Megaera
1249 2083 1368 2122 truci.
1739 2084 1802 2124 585

176 2185 294 2235 Quod
324 2184 359 2223 si
388 2197 583 2234 personas
612 2184 714 2222 istas
742 2184 837 2233 plus
866 2183 967 2221 satis
995 2182 1170 2230 tragicas
1199 2182 1377 2231 deponat
1403 2180 1584 2227 Brixius,
1612 2181 1721 2216 certe

122 2239 282 2290 reliqua
300 2239 487 2278 hominis
507 2238 741 2288 hypocrisis
765 2251 850 2275 non
877 2237 1001 2274 habet
1028 2237 1249 2286 quicquam
1276 2237 1363 2274 tam
1389 2233 1635 2273 admirabile
1662 2235 1718 2281 vt,

122 2294 238 2333 velut
260 2293 455 2332 Medusae
479 2295 612 2342 caput,
635 2305 872 2342 quenquam
893 2291 1037 2329 reddat
1056 2290 1282 2328 attonitum
1302 2304 1310 2337 ;
1340 2302 1473 2339 neque
1499 2288 1607 2327 vires
1633 2288 1721 2325 eius

123 2348 312 2398 experior
333 2349 417 2386 tam
439 2347 729 2385 formidolosas
747 2349 792 2384 vt
813 2348 886 2384 aut
911 2345 1114 2392 Patroclo,
1138 2347 1208 2383 aut
1235 2345 1447 2382 Thersitae
1467 2345 1586 2390 certe,
1611 2355 1720 2392 prae-

124 2403 279 2441 sidium
293 2402 521 2452 petendum
534 2402 588 2440 sit
603 2401 654 2439 ab
666 2400 848 2440 Achillis
861 2400 990 2438 armis
1004 2399 1200 2437 aduersus
1215 2399 1440 2437 Hectorem
1456 2397 1595 2435 talem.
1647 2396 1721 2434 Sin
1743 2409 1806 2442 590

125 2457 270 2496 Brixio
282 2456 449 2506 penitus
464 2456 673 2494 decretum
687 2459 747 2493 est
768 2455 905 2503 (non)
922 2453 1100 2492 factitias
1113 2453 1208 2491 illas
1222 2453 1368 2491 Furias
1380 2465 1526 2492 verum
1540 2451 1721 2489 furorem

125 2524 249 2550 suum
270 2511 452 2561 proferre
472 2510 516 2547 in
536 2511 801 2560 proscenium
822 2521 972 2555 secum,
996 2508 1031 2546 si
1051 2510 1209 2546 certum
1231 2510 1292 2545 est
1318 2507 1383 2545 illi
1408 2507 1507 2545 totis
1533 2505 1723 2543 intonare

126 2565 365 2613 tonitribus,
395 2565 429 2603 si
460 2565 620 2602 fulmen
651 2563 754 2601 illud
786 2562 1015 2601 terrificum
1045 2562 1207 2600 vibrare
1236 2562 1394 2609 statuit,
1429 2559 1537 2610 quod
1568 2559 1648 2598 sibi
1676 2559 1724 2597 ab

126 2633 198 2658 ore
225 2619 349 2658 iactat
377 2619 530 2666 cadere,
562 2618 723 2668 quoties
756 2630 897 2656 secum
930 2616 1124 2654 videlicet
1157 2616 1349 2655 Offensus
1377 2614 1545 2665 grauius
1578 2614 1724 2663 dignas

128 2674 230 2713 Ioue
250 2673 428 2722 concipit
447 2673 552 2711 iras:
582 2672 870 2711 histrionicam
893 2684 1010 2709 suani
1031 2670 1144 2708 solus
1169 2683 1242 2720 per
1266 2684 1334 2708 me
1360 2669 1501 2708 licebit
1525 2670 1722 2714 exerceat,
1744 2680 1806 2712 595

128 2741 206 2778 ego
239 2728 438 2766 aduersus
469 2729 556 2765 tam
591 2727 776 2764 ominosa
808 2728 966 2775 spectra
1004 2725 1170 2762 silentio
1204 2727 1359 2762 memet
1393 2723 1509 2763 velut
1542 2722 1725 2760 amuleto

130 2781 327 2821 lustrabo.
388 2781 550 2819 Existet
584 2784 722 2818 tamen
757 2779 941 2819 fortassis
974 2778 1179 2817 Hercules
1210 2778 1358 2828 aliquis
1392 2779 1621 2824 ἀλεξίκακος,
1654 2776 1725 2825 qui

130 2838 276 2875 suetus
313 2835 518 2873 eiusmodi
555 2837 742 2884 portenta
781 2834 978 2883 subigere,
1022 2833 1181 2871 clauam
1221 2846 1346 2882 quam
1392 2832 1429 2870 ei
1471 2831 1641 2870 Brixius
1686 2830 1727 2867 vi

174 2950 248 2979 574.
277 2939 396 2979 negat]
423 2938 473 2970 Cf.
496 2938 517 2968 l.
538 2948 611 2977 502.
1003 2936 1076 2974 581.
1104 2933 1270 2974 Μωρίχου]
1290 2933 1455 2971 Οῑ.ΑιΙαῃ.
1474 2931 1725 2971 1801‚a11211*1p.

175 2986 248 3023 578.
279 2981 464 3023 personae]
491 2982 542 3012 Cf.
561 2982 641 3012 Juv.
660 2991 690 3020 3.
718 2991 785 3019 175·
964 2989 1056 3017 1144.
1077 2988 1127 3017 24.

175 3029 250 3067 580.
276 3025 413 3065 versus]
440 3028 632 3064 Antimorus,
652 3025 693 3056 f0.
714 3025 756 3055 D⁴
775 3028 822 3054 v⁰.
999 3033 1074 3062 594.
1100 3020 1241 3062 dignas]
1260 3021 1310 3052 Cf.
1331 3020 1392 3051 Ov.
1411 3022 1480 3050 Met.
1503 3029 1528 3049 1.
1550 3019 1618 3048 166.
