1990 3353
230 1253 274 1283 40

229 2328 272 2358 60

235 710 250 740 ς
296 696 457 734 tedium
478 696 678 734 fallerem.

259 983 272 1013 g
296 968 516 1006 renouauit
544 971 589 1005 vt
618 968 903 1006 incredibilem
930 967 1071 1004 animo
1099 966 1374 1016 persenserim
1404 966 1675 1016 voluptatem.

255 2066 270 2096 5
293 2067 398 2093 mus.

305 151 358 188 66
774 151 1024 190 LETTERS
1062 152 1132 190 OF
1170 152 1436 193 ERASMUS

1779 150 1905 206 [1519

305 263 566 312 corporisque
605 262 714 301 vires
757 262 931 300 diutinis
973 263 1096 311 atque
1134 260 1370 299 immodicis
1414 261 1649 299 studiorum
1691 256 1923 300 laboribus

304 316 497 365 fatigatas
543 317 819 355 instaurarem
867 316 1156 364 sarciremque,
1205 315 1348 353 relicto
1397 315 1582 353 Louanio
1628 329 1699 365 per
1743 315 1903 366 aliquot

303 370 551 409 Brabantiae
578 370 877 419 Flandriaeque
904 370 1055 419 oppida
1085 369 1388 407 circumuectus
1416 383 1521 410 sum,
1551 383 1630 420 quo
1660 369 1788 408 simul
1811 371 1852 408 et
1878 383 1903 408 a

241 438 276 458 2·
302 424 421 462 libris
451 425 753 474 aliquantisper
781 425 968 462 abessem
1001 426 1044 461 et
1077 423 1353 462 amiculorum
1385 424 1645 462 eruditorum
1679 427 1901 473 conspectu

300 479 534 528 fabulisque
568 482 725 517 memet
758 479 1021 517 oblectarem.
1093 478 1235 527 Neque
1265 478 1321 515 sic
1351 480 1492 515 tamen
1523 478 1665 516 abesse
1700 478 1817 527 potui
1849 477 1901 517 ab

298 534 488 571 adamata
512 533 760 571 bibliotheca
790 546 893 581 mea,
921 533 1022 582 quin
1047 545 1180 570 vnum
1210 534 1280 570 aut
1310 532 1489 570 alterum
1517 532 1709 570 libellum
1738 533 1902 571 itineris

297 588 491 625 comitem
511 588 833 634 circumferrem,
857 589 904 625 vt
924 587 1128 637 siquando
1147 586 1254 624 forte
1274 587 1319 624 in
1339 586 1530 624 vehiculo
1555 600 1638 624 non
1660 587 1902 636 contigisset

296 655 493 690 congerro
513 644 576 680 sat
596 642 849 688 commodus,
876 655 960 679 non
981 642 1140 679 deesset
1160 643 1302 678 tamen
1323 640 1439 678 cuius
1463 641 1670 690 colloquio
1697 641 1899 690 temporis

739 696 792 734 In
812 695 879 733 his
900 697 1018 734 erant
1039 695 1179 733 Officia
1203 695 1422 741 Ciceronis,
1446 695 1587 733 Lelius
1613 698 1653 733 et
1681 694 1793 743 Cato,
1816 708 1900 734 vna

296 763 391 788 cum
427 750 661 788 Stoicorum
696 750 922 798 paradoxis.
986 749 1192 788 Inuitarat
1231 751 1372 787 autem
1410 749 1640 787 voluminis
1678 749 1895 798 exiguitas,

297 804 404 842 haud
430 805 615 843 multum
641 805 832 843 additura
859 804 1090 842 sarcinulae
1116 804 1321 852 ponderis
1384 804 1447 841 Ex
1475 804 1599 842 huius
1626 804 1818 847 lectione,
1838 805 1899 842 mi

296 859 436 906 Tutor,
460 859 677 908 geminum
694 859 877 897 fructum
893 859 1017 908 coepi.
1076 858 1270 896 Primum
1287 857 1401 895 enim
1417 857 1619 907 pristinae
1636 858 1900 896 consuetudi-

295 913 363 951 nis
401 915 575 959 nostrae,
614 926 693 962 qua
724 913 832 950 nihil
866 927 954 951 esse
990 913 1127 961 potuit
1164 912 1381 959 mellitius,
1419 913 1663 950 memoriam
1695 913 1753 950 sic
1792 912 1899 950 mihi

1736 967 1898 1005 Deinde

295 1022 353 1059 sic
388 1035 456 1060 me
487 1024 623 1060 totum
652 1022 931 1060 inflammauit
954 1021 1004 1059 ad
1035 1021 1200 1058 honesti
1228 1021 1480 1070 virtutisque
1510 1021 1709 1068 studium,
1737 1022 1784 1059 vt
1812 1023 1898 1059 iam

294 1076 455 1125 pridem
477 1077 585 1114 nihil
605 1077 687 1114 tale
708 1077 919 1124 senserim,
944 1078 1148 1114 nostrates
1174 1075 1374 1124 quosdam
1399 1075 1626 1113 neotericos
1649 1076 1802 1123 legens,
1826 1076 1897 1125 qui

294 1129 522 1169 Christiani
542 1130 801 1168 Christianae
821 1130 1107 1179 philosophiae
1128 1129 1327 1177 mysteria
1346 1129 1604 1178 profitentur,
1622 1131 1665 1168 et
1679 1130 1827 1168 iisdem
1847 1130 1897 1168 de

292 1185 416 1223 rebus
453 1198 615 1234 magna,
657 1189 702 1223 vt
741 1184 860 1223 nobis
899 1185 1074 1232 videtur,
1116 1183 1346 1221 subtilitate
1391 1184 1613 1232 disserunt,
1655 1184 1726 1223 sed
1771 1197 1897 1234 aeque

293 1239 451 1286 frigide.

348 1294 436 1344 Ego
456 1294 555 1343 quid
581 1293 674 1331 aliis
699 1293 856 1331 accidat
883 1292 1030 1340 nescio,
1061 1292 1168 1330 mihi
1192 1292 1290 1342 quid
1320 1292 1517 1330 acciderit
1540 1292 1721 1341 ingenue
1748 1293 1893 1340 fateor,

293 1348 381 1387 siue
400 1348 442 1386 id
463 1348 633 1386 illorum
646 1348 754 1386 vicio
770 1349 818 1386 fit
834 1348 923 1386 siue
938 1360 1041 1385 meo.
1099 1346 1165 1385 Sic
1182 1347 1360 1384 subinde
1374 1360 1535 1384 mecum
1548 1347 1658 1385 inter
1672 1347 1818 1396 legend
1826 1361 1896 1385 um

293 1403 524 1451 cogitabam
543 1417 551 1441 ε
582 1403 766 1440 Heccine
786 1402 977 1440 ethnicus
997 1400 1144 1439 scribit
1164 1400 1356 1447 ethnicis,
1382 1402 1620 1450 prophanus
1635 1402 1861 1450 prophanis
1875 1403 1896 1440 ⁴?

293 1457 353 1495 At
373 1457 417 1495 in
438 1457 663 1506 praeceptis
684 1457 855 1495 viuendi
876 1458 1032 1506 quanta
1051 1456 1247 1505 aequitas,
1266 1457 1418 1505 quanta
1433 1456 1720 1504 sanctimonia,
1739 1458 1896 1506 quanta

257 1513 529 1560 [synceritas
561 1513 717 1560 quanta
739 1511 900 1557 veritas,
927 1523 1052 1559 quam
1082 1510 1223 1548 onmia
1253 1512 1526 1548 consentanea
1555 1512 1736 1555 naturae,
1769 1523 1896 1560 quam

293 1565 401 1603 nihil
431 1566 619 1604 fucatum
648 1567 721 1603 aut
750 1565 1073 1603 somnolentum.
1133 1564 1265 1612 Quem
1290 1565 1479 1602 animum
1502 1564 1631 1613 exigit
1655 1564 1706 1602 ab
1730 1564 1797 1602 his
1823 1565 1896 1614 qui

293 1623 444 1670 gerunt
477 1619 804 1669 rempublicam!
843 1621 890 1658 vt
925 1618 1213 1656 admirabilem
1246 1618 1363 1656 illam
1394 1621 1437 1656 et
1469 1618 1689 1656 amabilem
1727 1619 1896 1658 virtutis

294 1674 470 1723 spetiem
509 1674 626 1723 ponit
665 1675 716 1712 ob
748 1674 915 1712 oculos!
963 1686 1086 1723 quam
1121 1673 1265 1719 multa,
1302 1686 1427 1722 quam
1459 1675 1611 1720 sancte,
1648 1673 1735 1711 imo
1768 1686 1895 1723 quam

294 1729 501 1767 diuinitus
514 1728 642 1767 tradit
658 1730 665 1766 Ζ
690 1729 740 1766 de
755 1729 882 1778 gratis
898 1728 1021 1766 etiam
1036 1727 1231 1765 iuuandis
1244 1727 1449 1774 omnibus,
1466 1727 1515 1765 de
1528 1728 1682 1779 tuenda
1694 1727 1891 1776 amicicia,

232 1801 247 1831 ;
293 1783 342 1821 de
376 1783 694 1821 immortalitate
724 1782 972 1827 animorum,
1011 1782 1059 1819 de
1093 1784 1334 1830 contemptu
1368 1795 1511 1819 earum
1545 1795 1683 1820 rerum
1718 1795 1894 1831 quarum

292 1837 423 1887 gratia
442 1838 593 1886 vulgus
612 1837 746 1884 hodie,
769 1850 855 1875 non
876 1837 1009 1874 dicam
1031 1835 1364 1874 Christianorum
1380 1835 1450 1873 sed
1466 1836 1754 1885 theologorum
1770 1836 1895 1874 etiam

292 1905 339 1929 ac
372 1892 682 1938 monachorum,
719 1892 823 1929 nihil
861 1904 946 1928 non
978 1892 1019 1928 et
1053 1890 1152 1929 facit
1194 1892 1235 1928 et
1273 1891 1442 1939 patitur.
1503 1891 1694 1929 Pudebat
1724 1890 1895 1928 interim

293 1948 531 1984 nostrorum
553 1959 731 1993 morum,
754 1946 826 1995 qui
846 1946 972 1984 sacris
990 1944 1110 1984 libris
1133 1944 1278 1990 edocti,
1303 1945 1375 1993 qui
1401 1944 1532 1982 tantis
1555 1946 1597 1982 et
1623 1944 1827 1994 exemplis
1854 1947 1896 1983 et

293 2000 489 2049 praemiis
510 2000 732 2049 prouocati,
754 2001 986 2038 doctrinam
1010 1999 1305 2048 Euangelicam
1337 1999 1591 2048 profitemur,
1616 2012 1689 2037 nec
1712 2001 1893 2048 praesta-

458 2054 654 2092 Describe
686 2055 841 2092 nostris
871 2054 1047 2103 satrapis
1077 2054 1204 2091 talem
1237 2053 1469 2102 principem
1501 2054 1573 2091 aut
1605 2053 1894 2103 magistratum

294 2109 457 2158 qualem
486 2109 680 2147 describit
710 2109 861 2156 Cicero,
895 2109 1124 2157 dispeream
1151 2108 1196 2145 ni
1224 2121 1319 2145 cum
1349 2120 1423 2145 sua
1452 2107 1634 2157 imagine
1663 2110 1710 2146 vt
1737 2107 1895 2146 delirus

293 2163 507 2201 ridebitur.
565 2163 666 2211 Quis
687 2176 801 2201 nunc
822 2162 1123 2212 rempublicam
1143 2161 1226 2199 nisi
1247 2175 1318 2211 spe
1338 2161 1443 2199 lucri
1468 2163 1541 2199 aut
1567 2162 1738 2200 honoris
1761 2163 1895 2211 gratia

292 2218 500 2267 capessit?
557 2217 658 2265 Quis
678 2231 763 2256 non
784 2218 843 2255 ita
861 2217 969 2267 gerit
987 2219 1034 2255 vt
1059 2219 1255 2265 questum
1280 2216 1411 2254 facere
1431 2216 1631 2263 videatur,
1656 2218 1702 2254 vt
1726 2216 1893 2255 hostem

293 2273 386 2320 agat
418 2285 560 2309 eorum
590 2271 742 2321 quibus
773 2273 972 2311 debuerat
1002 2271 1129 2309 etiam
1165 2271 1249 2308 vite
1279 2283 1375 2308 suae
1410 2269 1627 2319 dispendio
1662 2271 1889 2309 consulere.

292 2325 373 2364 Vbi
393 2326 570 2375 reperias
590 2325 698 2363 inter
718 2326 976 2364 Christianos
995 2338 1069 2374 par
1087 2325 1314 2363 amicorum
1334 2324 1384 2362 ad
1403 2325 1509 2362 hanc
1524 2324 1752 2373 imaginem
1769 2338 1894 2374 quam

293 2380 485 2428 proponit
511 2380 565 2418 M.
591 2380 784 2418 Tullius?
811 2381 883 2418 vbi
902 2393 1021 2418 senes
1041 2379 1113 2428 qui
1132 2381 1218 2417 tam
1239 2378 1416 2417 infracto
1437 2378 1574 2416 animo
1594 2378 1730 2416 ferant
1749 2379 1895 2418 aetatis

292 2434 584 2472 incommoda?
613 2434 684 2472 vbi
706 2437 791 2472 tam
813 2436 955 2473 sancta
973 2447 1122 2471 senum
1143 2446 1238 2471 cum
1259 2433 1482 2471 iuuenibus
1502 2432 1741 2481 colloquia?

347 2488 573 2537 Nunquam
606 2488 782 2526 antehac
814 2488 946 2538 magis
974 2489 1169 2537 expertus
1197 2500 1291 2525 sum
1318 2500 1465 2525 verum
1495 2499 1585 2524 esse
1614 2487 1721 2535 quod
1751 2487 1895 2525 scribit

292 2542 566 2592 Augustinus,
608 2556 658 2580 ex
697 2543 962 2580 ethnicorum
999 2541 1225 2580 benefactis
1264 2541 1438 2579 acriores
1480 2540 1576 2578 addi
1613 2541 1806 2579 stimulos
1842 2541 1892 2579 ad

596 2637 648 2666 43.
675 2627 830 2659 Hiccine
846 2628 880 2661 β.
1015 2637 1066 2666 47.
1094 2626 1197 2657 illam
1218 2627 1253 2656 et
1268 2626 1460 2657 amabilem
1476 2636 1535 2656 om.
1554 2628 1596 2656 N.

334 2734 387 2764 23.
414 2725 538 2755 relicto
552 2723 726 2764 Louanio]
752 2722 931 2754 Erasmus’
945 2734 1060 2754 move-

294 2770 412 2798 ments
458 2772 588 2799 cannot
629 2769 669 2797 be
708 2767 840 2807 closely
877 2767 1053 2799 followed.

293 2813 412 2842 About
434 2822 446 2842 1
467 2813 554 2851 Aug.
574 2812 619 2842 he
639 2820 711 2841 was
732 2812 769 2841 at
792 2811 952 2841 Louvain
979 2811 1056 2851 (Ep.

295 2865 387 2886 1001.
413 2854 472 2894 3);
497 2866 526 2886 e.
552 2865 569 2893 7
598 2855 687 2894 Aug.
722 2856 759 2884 at
783 2854 942 2884 Mechlin
975 2855 1054 2895 (Ep.

296 2908 387 2930 1001.
431 2898 515 2937 7n);
563 2907 646 2936 7—15
679 2898 767 2935 Aug.
810 2899 846 2928 at
884 2898 1059 2937 Antwerp

295 2943 397 2982 :Epp.
436 2942 586 2982 1001-9),
622 2941 693 2971 and
733 2941 887 2981 perhaps
926 2942 1058 2980 longer.

293 2987 398 3016 Later
429 2986 474 3016 hc
507 2995 577 3016 was
607 2987 644 3015 at
673 2985 807 3024 Bruges
840 2985 917 3025 (Ep.
948 2985 1057 3023 1012),

293 3030 411 3060 where
425 3040 453 3062 c.
467 3030 508 3060 28
522 3030 611 3069 Aug.
626 3029 672 3059 he
683 3030 757 3059 met
771 3028 960 3068 Campegio
978 3028 1059 3069 (Ep.

1126 2733 1218 2762 1025.
1247 2723 1332 2761 4n);
1374 2723 1444 2753 and
1468 2724 1569 2754 there.
1593 2733 1653 2754 are
1678 2723 1894 2754 indications

1123 2767 1161 2797 of
1184 2777 1204 2797 a
1230 2768 1315 2797 visit
1348 2768 1384 2797 to
1408 2766 1573 2797 Brussels
1602 2768 1704 2807 (Epp.
1737 2777 1831 2806 1040.
1862 2777 1889 2807 1,

1127 2820 1217 2847 1041.
1239 2810 1307 2849 25),
1334 2810 1455 2840 which
1479 2820 1573 2852 may,
1599 2811 1774 2851 however,
1801 2811 1892 2841 have

1124 2855 1215 2885 been
1232 2854 1322 2884 later
1340 2854 1411 2894 (see
1429 2863 1460 2892 p.
1481 2856 1570 2888 111).

1166 2907 1218 2936 33.
1243 2896 1531 2937 consuetudinis]
1550 2898 1599 2928 At
1615 2898 1763 2928 Orloans
1775 2897 1814 2928 in
1828 2898 1892 2928 the

1122 2944 1275 2971 autumn
1301 2940 1339 2970 of
1363 2951 1470 2979 1500;
1494 2941 1536 2972 cf.
1563 2941 1650 2981 Epp.
1681 2950 1751 2981 133.
1774 2950 1888 2981 103-4‚

1126 2994 1196 3022 147·
1217 2985 1313 3022 47-8-

1165 3029 1218 3066 64.
1247 3027 1489 3068 Augustinus]
1508 3030 1542 3058 in
1560 3030 1677 3059 Psalm.
1697 3037 1748 3068 25.
1770 3037 1821 3068 14.
