1990 3353
325 96 405 135 458
794 96 1044 135 LETTERS
1085 96 1155 135 OF
1193 96 1461 136 ERASMUS
1799 94 1921 149 [1521

325 204 544 243 exercendi
564 203 652 242 stili
671 204 803 253 gratia
823 204 915 252 lusi,
940 204 1046 242 nihil
1067 205 1207 244 minus
1228 206 1412 256 cogitans
1432 219 1555 256 quam
1577 208 1623 244 vt
1641 206 1686 244 in
1705 206 1926 244 hominum

327 272 476 298 manus
495 259 700 297 venirent.
761 259 849 306 Qua
869 258 1036 309 quidem
1059 260 1103 297 in
1132 274 1175 298 re
1203 261 1279 299 hoc
1305 261 1431 298 etiam
1458 274 1552 299 sum
1577 261 1798 304 infelicior,
1818 260 1925 311 quod

290 330 307 361 5
328 327 440 352 nunc
461 313 667 363 prodeunt
687 313 764 351 hoc
784 313 1022 351 felicissimo
1043 315 1205 353 saeculo
1223 329 1233 362 ;
1261 314 1404 353 minus
1424 315 1603 353 obnoxia
1625 316 1762 353 futura
1782 314 1926 353 sannis

328 368 563 415 hominum,
579 367 614 405 si
633 369 726 405 tum
746 367 924 405 fuissent
945 368 1080 406 aedita
1099 382 1195 407 011111
1214 369 1400 419 primum
1421 371 1559 407 essent
1578 369 1754 407 condita.
1806 369 1927 407 Nunc

328 422 524 472 leguntur
549 423 595 459 vt
623 435 646 460 a
674 435 773 460 sene
800 422 974 471 prodita,
997 435 1100 472 quae
1130 436 1203 461 nec
1232 423 1468 461 adolescens
1497 423 1541 461 in
1570 424 1648 461 hoc
1677 423 1854 473 scripsi3
1887 425 1927 461 et
1989 425 1990 428 ’

327 476 524 526 leguntur
543 476 593 514 ab
614 476 690 514 hac
710 478 841 514 aetate
862 489 966 526 quae
987 479 1072 515 tam
1094 478 1250 515 multos
1269 477 1394 515 habet
1414 479 1525 516 naris
1545 477 1896 516 emunctissimae.

381 531 491 568 Olim
530 531 601 568 vix
639 543 770 568 annos
809 533 935 569 natus
972 531 1127 580 viginti
1164 532 1214 570 ad
1256 532 1468 581 improbas
1506 545 1646 582 preces
1684 531 1929 570 Theodorici

254 601 266 624 1
283 602 303 623 ο
329 584 545 623 cuiusdam
568 585 638 634 qui
659 585 794 622 adhuc
813 585 857 622 in
877 585 989 623 viuis
1008 587 1084 632 est,
1105 586 1254 636 scripsi
1281 586 1498 635 epistolam
1526 600 1607 636 qua
1636 586 1708 624 ille
1737 585 1928 635 cupiebat

328 639 528 677 Iodocum
549 642 742 688 nepotem
770 639 819 677 ad
847 653 944 678 suae
964 639 1073 678 vitae
1102 641 1359 678 consortium
1387 653 1568 679 euocare.
1626 641 1739 679 Huic
1767 640 1930 689 saepius

327 693 556 743 descriptae
586 696 628 731 et
658 693 815 743 passim
850 694 1065 744 euulgatae
1096 708 1238 733 meum
1269 695 1462 733 addidere
1494 708 1661 741 nomen,
1698 708 1793 732 cum
1824 694 1931 732 mihi

326 748 469 786 nullus
497 748 552 786 sit
581 761 707 798 nepos
736 748 922 786 Iodocus.
984 748 1137 787 Alieno
1167 749 1380 787 stomacho
1414 749 1559 799 scripsi
1588 750 1640 797 et,
1670 751 1717 787 vt
1746 761 1810 786 res
1843 748 1932 798 ipsa

327 802 525 850 clamitat,
551 802 698 852 scripsi
724 803 926 852 neglecte,
949 803 1100 841 ludens
1126 817 1176 841 ex
1204 806 1389 852 tempore
1418 804 1463 841 in
1493 803 1594 842 locis
1625 803 1927 849 communibus,

271 871 309 903 15
329 857 445 895 nulla
464 859 557 895 tum
578 857 807 895 instructus
825 859 1018 895 autorum
1040 858 1228 896 lectione.
1284 859 1347 896 Ac
1366 857 1616 908 typographi
1643 857 1781 907 palam
1808 857 1929 895 mini-

327 911 523 949 tabantur
542 924 630 949 3030
649 911 860 949 aedituros
879 911 961 949 nisi
979 912 1167 950 aederem
1186 911 1285 962 ipse.
1343 912 1498 962 Relegi,
1522 926 1567 951 ac
1586 912 1774 962 pauculis
1794 912 1932 950 verbis

328 965 564 1003 immutatis
583 978 730 1015 passus
750 978 844 1004 sum
866 965 1041 1004 officinis
1061 966 1282 1004 committi.
1340 966 1420 1010 Sic,
1441 967 1598 1017 opinor,
1618 967 1691 1005 fiet
1709 966 1931 1016 aliquando

328 1023 375 1058 vt
395 1019 584 1058 desinam
605 1019 805 1070 pueritiae
824 1033 941 1058 meae
963 1021 1134 1058 naenias
1154 1021 1357 1059 adamare.

383 1074 499 1112 Bene
519 1074 622 1120 vale,
638 1074 771 1112 lector
790 1074 972 1123 optime;
1002 1077 1044 1112 et
1071 1074 1106 1112 si
1132 1075 1234 1125 legis
1263 1075 1374 1123 haec,
1401 1088 1496 1112 cum
1522 1075 1645 1113 venia
1674 1074 1779 1124 lege,
1803 1077 1845 1113 et
1873 1074 1931 1113 sic

271 1148 312 1169 20
329 1129 420 1178 lege
439 1130 486 1167 vt
505 1127 643 1166 alieno
663 1128 815 1178 scripta
835 1129 1060 1167 stomacho.

691 1319 870 1374 11951198
930 1319 995 1360 ΤΟ
1028 1318 1246 1361 ALOISIUS
1278 1319 1571 1362 MARLIANUS.

377 1424 571 1471 Epistolae
591 1425 638 1460 ad
656 1425 822 1461 diuersos
840 1438 876 1471 p.
898 1435 975 1471 597.
1636 1425 1818 1461 Louvain.

376 1482 471 1519 HN:
498 1483 613 1518 Lond.
633 1483 705 1518 xvi.
727 1493 791 1519 11:
819 1483 894 1519 LB.
914 1493 993 1529 501.
1570 1493 1612 1529 25
1632 1484 1765 1520 March
1788 1483 1888 1530 1523.

375 1574 550 1616 [Perhaps
566 1575 843 1614 contemporary
861 1574 952 1604 with
969 1574 1044 1604 this
1062 1583 1153 1604 were
1170 1574 1233 1605 the
1258 1573 1383 1605 letters
1405 1574 1528 1605 which
1552 1575 1721 1606 Erasmus
1744 1573 1935 1605 addressed

329 1619 365 1649 to
382 1618 566 1649 Aleander
596 1618 667 1648 and
694 1617 809 1648 Erard
838 1617 881 1648 de
909 1618 943 1648 la
975 1617 1108 1656 Marck,
1139 1618 1340 1658 protesting
1370 1619 1510 1658 against
1542 1619 1755 1650 Aleander's
1782 1618 1935 1649 conduct

332 1662 496 1703 (Spongia,
516 1661 586 1692 LB.
604 1671 639 1693 x.
662 1661 895 1700 1645D=HE.
915 1671 989 1701 333,
1010 1664 1026 1699 ξ
1051 1661 1138 1700 133).
1189 1662 1227 1692 If
1238 1672 1287 1700 30,
1306 1661 1517 1692 Aleander's
1534 1662 1637 1702 reply
1658 1662 1871 1693 mentioned
1895 1662 1935 1692 in

331 1706 393 1736 the
417 1715 513 1736 same
537 1715 681 1745 passage
704 1715 787 1744 may
810 1705 902 1735 have
928 1706 1017 1735 been
1042 1707 1317 1745 contemporary
1341 1706 1431 1736 with
1457 1706 1544 1746 Epp.
1577 1706 1705 1747 1197‚8.
1768 1706 1933 1745 Paquier‚

331 1752 364 1780 J.
382 1750 551 1788 Ale'andre,
568 1759 600 1789 p.
621 1759 696 1789 224y
716 1749 854 1788 assigns
870 1749 984 1788 them,
1005 1748 1078 1779 also
1095 1750 1142 1788 by
1158 1749 1372 1788 conjecture,
1393 1751 1429 1779 to
1446 1750 1528 1781 Dec.
1550 1759 1642 1789 1520.

376 1793 422 1823 In
440 1792 504 1832 Ep.
524 1802 616 1831 1342.
634 1793 739 1832 54-61
760 1793 929 1823 Erasmus
950 1793 1133 1823 mentions
1149 1802 1168 1823 a
1180 1794 1288 1823 series
1300 1794 1339 1823 of
1353 1793 1479 1824 letters
1491 1795 1527 1823 to
1544 1794 1606 1824 the
1622 1794 1731 1824 Court
1741 1794 1849 1824 about
1861 1792 1936 1823 this

331 1837 433 1874 time,
451 1837 523 1867 and
541 1836 672 1876 replies
692 1840 785 1867 from
809 1837 1011 1874 Gattinara,
1029 1837 1219 1875 Schinner,
1241 1837 1451 1877 Marlianus,
1470 1836 1664 1874 Aleander,
1683 1838 1755 1868 and
1772 1837 1936 1875 verbally

333 1881 425 1911 from
456 1879 567 1910 Erard
599 1881 642 1910 de
671 1880 705 1910 la
732 1879 878 1911 Marck:
914 1889 1044 1920 among
1074 1880 1195 1910 which
1225 1890 1356 1920 appear
1386 1882 1422 1911 to
1446 1881 1488 1911 be
1516 1881 1591 1912 this
1615 1881 1724 1912 letter
1747 1880 1819 1911 and
1844 1880 1934 1920 Epp.

335 1924 465 1964 1197‚8.
522 1923 559 1954 If
592 1924 673 1954 that
710 1924 741 1954 is
776 1934 822 1962 so,
858 1924 916 1954 his
950 1926 1148 1954 statement
1175 1924 1256 1964 (Ep.
1293 1934 1386 1963 1342.
1423 1925 1524 1964 51—2)
1556 1925 1637 1955 that
1668 1924 1731 1956 the
1769 1923 1936 1954 incident

332 1967 501 1999 occurred
525 1967 618 1998 after
643 1968 706 1998 the
731 1967 839 1998 death
864 1967 902 1998 of
923 1967 1094 1999 Cllievres
1118 1967 1175 2008 (28
1192 1967 1273 2007 May
1293 1977 1391 2006 1521:
1414 1969 1478 2008 Ep.
1492 1977 1568 2007 532.
1591 1968 1677 2010 27n)
1703 1970 1800 1999 must
1823 1968 1865 1999 be
1889 1977 1935 1998 an

333 2021 434 2043 error
450 2011 489 2042 of
502 2021 671 2051 memory.

377 2055 447 2086 For
462 2055 526 2086 the
542 2054 696 2085 attitude
713 2055 751 2086 of
767 2055 829 2086 the
847 2054 967 2094 Court⁷
987 2054 1059 2085 and
1083 2054 1274 2094 especially
1299 2055 1508 2095 Mzirlianus,
1528 2055 1684 2086 towards
1707 2055 1878 2086 Erasmus
1901 2056 1938 2085 at

332 2099 408 2129 this
425 2099 513 2129 time
531 2108 587 2129 300
605 2109 625 2129 a
641 2099 748 2129 letter
764 2098 802 2129 of
814 2099 996 2129 Alcander
1019 2098 1149 2140 (Balan
1174 2108 1228 2130 n0.
1246 2098 1303 2138 21)
1328 2099 1422 2130 from
1447 2099 1600 2140 Worms,
1619 2109 1655 2130 12
1680 2099 1761 2131 Feb.
1790 2108 1882 2138 1521,
1902 2099 1939 2128 to

333 2143 396 2174 the
412 2142 742 2182 Vice-Chancellor,
755 2142 876 2173 Julius
890 2142 947 2173 dei
961 2141 1100 2181 Medici,
1120 2143 1305 2182 reporting
1320 2142 1402 2173 that
1421 2144 1429 2160 ‘
1442 2153 1499 2173 me
1515 2143 1563 2174 ho
1579 2145 1720 2174 trouato
1732 2152 1797 2174 con
1809 2142 1938 2182 grandi

334 2187 486 2224 homini,
506 2187 543 2216 et
558 2187 748 2226 presertim
768 2186 800 2216 01
817 2185 990 2219 Tudense.
1013 2185 1139 2224 liquali
1159 2186 1306 2217 tieneno
1322 2196 1486 2226 expresse
1502 2188 1624 2218 alcuni
1641 2187 1727 2217 libri
1742 2186 1903 2217 adscritti
1919 2187 1939 2215 ὲ.

335 2230 492 2261 Martino
503 2230 541 2260 di
553 2230 712 2270 peggiori
725 2239 818 2260 esser
831 2229 875 2260 de
889 2230 1046 2268 Erasmo.
1061 2231 1097 2260 et
1114 2228 1140 2259 li
1158 2229 1341 2261 manifesti
1355 2231 1433 2261 suoi
1446 2240 1540 2261 esser
1551 2230 1653 2271 pieni
1667 2230 1709 2262 de
1722 2229 1940 2270 pericolosis-

334 2275 418 2304 simi
435 2274 547 2304 errori
560 2273 597 2315 '.]

336 2385 540 2415 ERASMVS
572 2384 794 2415 ROTEROD.
834 2384 874 2414 R.
896 2385 935 2415 P.
969 2384 1156 2415 ALOISIO
1189 2383 1444 2422 MARLIANO,
1482 2384 1699 2414 EPISCOPO
1733 2382 1940 2421 TVDENSI,

703 2453 871 2484 CAROLI
904 2453 1123 2484 CAESARIS
1154 2453 1181 2481 A
1214 2440 1450 2489 CONSILIIS,
1484 2453 1516 2484 S.
1539 2453 1582 2482 D.

392 2523 458 2561 Ex
487 2522 714 2561 amicorum
741 2523 901 2573 aliquot
928 2522 1072 2569 literis,
1096 2534 1230 2571 neque
1248 2520 1487 2570 vulgarium
1512 2534 1647 2570 neque
1676 2520 1845 2568 leuium,
1869 2519 1940 2557 sed

338 2577 448 2615 haud
470 2578 554 2615 scio
574 2590 627 2615 an
647 2578 800 2616 amoris
821 2578 1004 2615 nimium
1032 2576 1194 2623 soliciti,
1218 2575 1394 2625 cognoui
1425 2575 1550 2614 isthic
1581 2589 1655 2625 per
1680 2575 1819 2613 nescio
1840 2587 1942 2623 quos

386 2673 480 2703 1194.
507 2673 538 2703 6.
564 2674 682 2703 essent
699 2684 742 2703 a:
767 2674 870 2703 erant
886 2684 917 2711 -γ,
1043 2681 1074 2710 9.
1099 2670 1310 2702 Theoderici
1327 2681 1385 2702 om.
1406 2683 1439 2711 -γ,
1568 2680 1618 2709 15.
1643 2673 1719 2702 turn
1737 2681 1804 2710 αγτ
1828 2681 1886 2701 om.
1906 2671 1939 2704 B.

339 2716 553 2755 typographi
568 2718 643 2746 add.
661 2727 696 2756 γ.
874 2717 922 2747 16.
947 2715 1067 2754 Relegi
1085 2725 1125 2746 ac
1141 2714 1303 2754 pauculis
1319 2727 1338 2744 α
1355 2725 1362 2745 :
1388 2715 1516 2755 Itaque
1534 2714 1641 2754 relegi
1657 2714 1890 2755 pauculisque
1906 2725 1938 2753 γ.

343 2760 391 2789 18.
415 2759 577 2790 desinam
596 2772 615 2789 a
633 2771 640 2790 :
665 2760 832 2790 desinant
849 2761 873 2790 δ.
1020 2759 1114 2790 1195.
1139 2767 1203 2790 TIT.
1223 2768 1254 2789 n.
1273 2768 1302 2790 P.
1324 2769 1381 2789 om.
1401 2761 1445 2790 H.
1548 2767 1671 2789 AL01so
1686 2761 1727 2790 N.
1817 2766 1943 2788 cAnom

340 2812 507 2834 CAESARIS
522 2813 545 2832 A
560 2812 728 2833 consutus
742 2813 801 2833 om.
822 2805 865 2834 H.

388 2924 485 2955 1195.
514 2932 541 2954 1.
567 2922 782 2963 amicorum]
802 2923 906 2954 From
931 2923 994 2962 Ep.
1024 2923 1105 2960 1482
1173 2922 1291 2952 shows
1314 2921 1395 2952 that
1420 2931 1487 2952 one
1513 2921 1552 2952 of
1573 2921 1675 2952 these
1701 2930 1772 2951 was
1796 2920 1942 2961 Capito:

343 2968 379 2998 P.
406 2967 552 2997 Kalkoff
578 2969 646 3007 (W.
675 2969 790 3006 Capito,
826 2976 917 3006 1907,
952 2976 986 3006 p.
1019 2967 1104 3006 42n)
1174 2966 1217 2996 cf.
1238 2966 1299 3004 Ep.
1323 2975 1414 3005 1199.
1438 2975 1532 3004 22—3.
