1990 3353
249 423 288 453 55

249 2331 290 2363 90

314 142 391 180 130
780 141 1031 180 LETTERS
1070 141 1139 180 OF
1177 142 1442 182 ERASMUS
1788 141 1912 196 [1519

310 264 474 290 causam
501 265 630 302 aequo
658 252 848 290 examine
877 249 1181 300 perpenderint,
1212 250 1349 287 neutri
1377 250 1457 288 nisi
1480 263 1554 299 pro
1580 264 1723 290 causae
1748 252 1913 290 meritis

312 308 511 354 fauentes,
538 319 799 356 nequaquam
819 305 899 343 sim
920 305 1029 343 male
1048 304 1277 351 auditurus,
1296 304 1405 353 quod
1428 304 1558 349 Mmro,
1575 319 1698 355 quem
1719 306 1913 356 equidem

311 360 439 398 nullis
457 373 639 411 vnquam
667 373 798 410 neque
825 360 992 408 scriptis
1018 372 1150 408 neque
1177 358 1297 396 dictis
1320 359 1621 407 lacessiueram,
1645 373 1691 398 ac
1711 373 1763 397 ne
1789 360 1912 398 laces-

309 427 398 452 sere
419 414 587 464 quidem
607 414 653 452 in
673 416 814 452 animo
829 413 1037 460 haberem,
1055 414 1164 450 vitro
1183 414 1324 450 tamen
1339 413 1579 462 prouocanti
1601 415 1885 462 responderim
1905 429 1913 460 ;

310 470 432 518 atque
451 469 510 507 ita
530 482 627 507 sane
646 468 931 518 responderim
947 469 992 505 vt
1012 467 1191 505 eundem
1211 466 1349 515 ipsum
1365 469 1597 505 erratorum
1614 468 1728 506 mille
1746 468 1912 518 penitus

309 522 610 571 pudendorum,
650 525 691 560 et
730 536 832 572 quae
868 522 1025 560 diutius
1063 521 1305 559 circunferri
1338 521 1491 571 absque
1530 522 1686 571 insigni
1724 523 1912 561 authoris

310 577 565 615 traductione
580 590 626 615 ac
641 579 838 626 perpetua
854 576 1033 625 quadam
1053 575 1314 625 ignorantiae
1330 577 1428 613 nota
1448 589 1533 613 non
1549 578 1747 625 poterant,
1768 578 1909 623 amice,

310 631 519 679 beneuole,
544 631 734 679 fideliter,
757 630 799 668 id
820 631 927 680 quod
948 630 1063 677 facio,
1087 629 1483 667 commonefecerim.

362 684 450 733 Quo
482 686 650 723 nomine
681 698 765 723 non
791 685 909 722 video
940 687 1047 722 certe
1075 697 1129 721 an
1157 682 1277 721 alteri
1307 683 1440 733 magis
1469 683 1616 722 debere
1646 685 1739 734 quis
1767 686 1925 735 possit.v

310 739 417 777 Nam
447 740 555 789 quod
586 740 636 778 ad
666 739 866 778 iudicium
900 740 1021 776 tuum
1054 740 1224 787 spectat,
1259 737 1430 775 Erasme
1460 738 1711 783 doctissime,
1745 740 1913 778 tametsi

308 794 500 833 hortatus
528 807 584 837 es,
612 794 736 844 idque
766 807 808 831 1e
837 793 1006 843 quidem
1027 805 1111 830 non
1135 792 1307 841 integra,
1341 792 1390 829 ad
1421 791 1553 830 libelli
1578 794 1912 842 suppressionem

308 847 405 897 (qua
433 861 484 886 ex
508 862 552 886 ie
575 851 713 898 aperte
739 848 957 886 declarasti
987 860 1112 896 quam
1135 847 1278 908 cupias
1303 846 1532 885 amicmum
1559 849 1727 886 tuorum
1751 848 1912 887 animos

307 902 352 939 in
371 915 504 941 vnum
525 903 782 951 consentire),
805 905 945 940 tamen
972 901 1115 939 libello
1141 901 1223 939 iam
1251 900 1443 950 euulgato
1467 901 1698 949 author,em
1722 902 1911 946 aibitror‚

276 970 285 975 ·
308 969 570 1006 nequaquam
590 957 788 995 editionis
809 956 1041 999 damnabis,
1062 955 1143 993 nisi
1163 954 1273 992 tibi
1261 954 1342 1003 ipsi
1365 968 1532 1004 pr01sus
1558 955 1702 994 aliud
1690 969 1757 994 lus
1777 957 1912 995 diceie

307 1011 411 1049 velis
430 1012 633 1062 Apologia
653 1012 698 1049 in
720 1011 902 1049 Fabrum
923 1010 1047 1052 edita,
1066 1009 1179 1047 aliud
1200 1008 1306 1046 mihi
1326 1010 1555 1048 Antimmro
1574 1010 1724 1049 emissa
1744 1025 1753 1058 ;
1783 1024 1912 1060 quum

307 1064 395 1114 ipse
420 1066 465 1103 in
491 1067 566 1104 hac
592 1066 763 1115 perinde
791 1068 913 1114 atque
942 1067 988 1102 tu
1017 1064 1062 1102 in
1090 1063 1163 1101 illa
1190 1076 1273 1101 non
1303 1063 1386 1101 nisi
1414 1063 1628 1103 lacessitus
1656 1065 1912 1103 adorientem

307 1119 469 1157 hostem
497 1120 726 1162 defendam,
753 1121 923 1157 tametsi
950 1132 1033 1156 non
1060 1118 1227 1167 perinde
1258 1117 1514 1167 depugnans,
1541 1122 1586 1156 vt
1615 1119 1686 1168 qui
1710 1132 1793 1157 non
1823 1121 1912 1169 pari

308 1186 521 1212 armorum
554 1188 704 1224 genere
733 1174 960 1212 instructus
991 1173 1100 1211 sim:
1140 1172 1347 1221 siquidem
1386 1173 1431 1209 in
1460 1173 1663 1222 Apologia
1683 1175 1795 1211 totus
1824 1175 1910 1223 ipse

307 1230 493 1266 armatus
503 1229 692 1267 cominus
706 1230 794 1266 tam
804 1227 952 1266 acriter
962 1227 1201 1276 digladiaris
1216 1239 1339 1275 quam
1354 1239 1428 1276 ego
1441 1226 1488 1264 in
1500 1227 1728 1265 Antimmro
1741 1229 1912 1266 inermis

308 1282 474 1320 eminus
493 1282 628 1321 iocose
648 1283 760 1321 ludo.
818 1282 975 1321 Verum
999 1284 1046 1319 vt
1065 1281 1144 1318 tibi
1169 1281 1366 1330 quadrare
1390 1280 1493 1318 illud
1519 1282 1656 1330 potuit
1677 1281 1910 1321 Christiane

307 1337 473 1386 pietatis
506 1338 760 1375 adsertorem
795 1337 947 1385 agenti,
985 1336 1042 1374 ita
1073 1335 1180 1372 mihi
1214 1335 1291 1372 hoc
1326 1348 1485 1385 quoque
1517 1336 1742 1374 conuenire
1776 1339 1912 1385 potest

307 1392 510 1440 poeticam
530 1392 653 1430 modo
678 1404 897 1441 personam
923 1389 1238 1440 representanti.
1296 1390 1445 1439 Magna
1464 1403 1573 1437 vero,
1599 1390 1634 1427 si
1655 1390 1734 1428 diis
1760 1391 1907 1440 placet,

308 1445 417 1484 eri
437 1448 544 1484 esset
558 1445 853 1496 praerogatiua,
871 1457 1024 1494 magna
1038 1444 1141 1482 item
1157 1443 1396 1490 dominatio,
1414 1444 1451 1482 si
1466 1444 1530 1482 illi
1549 1444 1677 1482 libere
1693 1458 1739 1482 ac
1754 1448 1911 1484 temere

308 1500 448 1548 potius
473 1501 517 1538 in
543 1500 647 1538 alios
675 1500 851 1538 scribere
880 1499 1033 1543 liceret,
1063 1498 1157 1536 aliis
1183 1498 1227 1536 in
1254 1511 1349 1536 eum
1379 1498 1629 1536 rescribendi
1657 1498 1771 1537 locus
1799 1500 1910 1538 abro-

307 1557 486 1603 garetur,
519 1567 708 1593 concessa
736 1554 810 1601 illi,
842 1553 1083 1603 praesertim
1112 1553 1218 1601 apud
1250 1565 1324 1590 nos
1354 1552 1522 1602 quidem
1552 1553 1713 1591 Galliae
1740 1553 1907 1599 incolas,

308 1621 391 1646 non
416 1609 642 1658 Vdepotiae
671 1609 885 1655 insulares,
914 1606 1122 1646 scribendi
1148 1608 1326 1655 tantum,
1358 1619 1443 1644 non
1472 1607 1597 1645 etiam
1624 1608 1910 1657 proscribendi

307 1662 516 1702 facultate.

361 1717 547 1755 Proinde
568 1717 712 1755 Mmrus
731 1716 900 1755 tametsi
929 1730 977 1765 pl
980 1729 1042 1754 101
1065 1715 1170 1762 lesit,
1195 1714 1456 1764 incognitum
1476 1699 1823 1766 innocentemque
1842 1730 1909 1754 me

307 1771 416 1810 Vltro
436 1772 670 1818 insectatus,
694 1785 871 1820 sumque
891 1784 964 1820 ego
994 1770 1196 1808 adductus
1216 1769 1400 1807 hominis
1427 1770 1693 1816 contumelia,
1714 1784 1799 1808 non
1819 1784 1911 1810 mea

306 1827 438 1875 ipsius
458 1827 733 1876 improbitate,
756 1826 806 1864 ad
827 1825 1058 1875 tragoediae
1078 1823 1204 1862 huius
1222 1823 1427 1862 actionem
1447 1838 1457 1872 ς
1482 1826 1623 1862 tamen
1642 1827 1910 1875 posteaquam

307 1881 513 1930 personati
532 1881 653 1919 ambo
673 1880 718 1918 in
737 1880 1002 1929 proscenium
1021 1878 1262 1928 prodiimus,
1286 1891 1331 1916 ac
1351 1891 1445 1916 suas
1464 1878 1549 1915 iam
1574 1892 1649 1927 pro
1672 1879 1785 1917 virili
1804 1882 1910 1918 vter-

308 1948 386 1985 que
404 1937 542 1984 partes
567 1936 699 1985 egisse
723 1935 841 1973 visus
867 1936 940 1981 est,
969 1933 1042 1971 ille
1068 1931 1341 1982 prouocantiS,
1366 1945 1440 1981 ego
1467 1932 1738 1981 defendentis,
1766 1936 1909 1984 estque

308 1989 453 2027 erus
475 1989 640 2039 alioqui,
664 1989 773 2039 quod
803 1988 958 2036 scribis,
986 2000 1123 2025 amore
1150 2000 1240 2024 meo
1268 1986 1566 2035 dignissimus:
1595 2001 1668 2036 per
1691 2001 1758 2025 me
1785 1988 1909 2027 modo

271 2059 286 2088 ,¹
307 2057 392 2082 non
412 2046 505 2087 stet,
528 2044 564 2082 si
585 2044 648 2082 illi
668 2044 726 2082 ita
744 2043 946 2090 videatur,
969 2041 1190 2092 quominus
1210 2041 1419 2090 tragoedia
1438 2041 1537 2078 haec
1556 2043 1653 2086 tota,
1675 2043 1717 2080 te
1737 2043 1909 2081 authore

307 2111 352 2136 ac
375 2097 507 2136 veluti
527 2098 753 2147 choragum
773 2099 931 2146 agente,
954 2097 998 2133 in
1019 2096 1247 2134 comediam
1275 2096 1447 2143 desinat,
1472 2108 1517 2133 ac
1544 2096 1700 2134 dextris
1726 2096 1907 2135 inuicem

307 2152 461 2190 iunctis
500 2153 672 2190 Erasmo
711 2153 987 2201 patrepatrato
1026 2150 1171 2187 foedus
1207 2149 1404 2187 feriamus
1442 2149 1677 2199 animisque
1714 2151 1908 2200 vtrinque

307 2219 509 2245 coeamus.
570 2207 650 2254 Qui
679 2206 714 2244 si
749 2205 979 2255 tragoediae
1011 2203 1144 2253 ipsius
1175 2204 1335 2241 exitum
1368 2205 1554 2253 spectare
1588 2204 1766 2251 mauult,
1799 2206 1908 2243 nihil

307 2261 409 2299 item
429 2274 566 2298 moror
592 2261 817 2310 quominus
840 2272 887 2298 ea
914 2260 964 2297 ad
988 2261 1247 2308 postremum
1267 2271 1395 2307 vsque
1420 2259 1560 2295 actum
1581 2257 1806 2296 deducatur
1824 2274 1833 2306 ;
1862 2262 1908 2298 vt

308 2316 374 2353 cui
394 2315 506 2352 Mmri
526 2315 769 2364 hypocrysis
784 2318 870 2352 tam
892 2327 975 2351 non
995 2315 1058 2351 est
1073 2311 1331 2350 admirabilis
1346 2313 1393 2350 vt
1416 2324 1483 2349 me
1502 2325 1525 2349 a
1544 2312 1759 2360 proscenio
1779 2313 1906 2351 deter-

308 2370 402 2416 reat,
440 2382 515 2407 nec
547 2369 658 2407 vires
685 2369 787 2407 item
816 2381 945 2417 vsque
974 2381 1020 2405 eo
1049 2366 1332 2405 formidabiles
1362 2367 1419 2413 vt,
1452 2365 1487 2403 si
1516 2379 1665 2404 manus
1693 2379 1908 2406 conserere

310 2423 513 2471 maluerit,
551 2436 817 2472 congressum
856 2423 1083 2460 detrectare
1121 2420 1304 2468 debeam,
1342 2419 1464 2457 modo
1500 2419 1573 2457 ille
1607 2420 1704 2469 suis,
1745 2433 1829 2459 non
1862 2425 1907 2460 vt

308 2476 525 2515 Patroclus
553 2477 744 2525 Achillis,
778 2477 905 2515 armis
933 2477 1247 2514 concertaturus
1276 2474 1321 2511 in
1351 2474 1576 2523 palestram
1601 2475 1834 2523 descendat,
1865 2479 1907 2514 et

308 2531 413 2569 mihi
433 2531 484 2570 ab
504 2544 551 2569 eo
570 2534 667 2570 ante
688 2531 926 2569 conflictum
946 2529 1047 2568 tuba
1066 2530 1243 2567 insonet.

352 2670 406 2701 66.
430 2670 618 2712 Apologia]
637 2672 698 2702 See
717 2671 779 2711 Ep.
800 2681 874 2711 597.
891 2681 969 2710 32n.

355 2723 403 2752 77.
429 2714 639 2755 Vdepotiae]
703 2716 739 2745 It
790 2724 939 2755 appears
992 2714 1073 2745 that

310 2757 455 2787 Brixius
487 2767 559 2788 was
594 2758 814 2796 translating
849 2759 910 2789 the
947 2758 1074 2788 earlier

310 2802 400 2831 form
428 2801 484 2840 (cf.
508 2801 597 2840 Epp.
613 2803 688 2840 461.
714 2812 742 2841 1,
759 2804 833 2840 467.
856 2812 904 2840 14,
925 2811 999 2840 474.
1018 2812 1070 2841 30,

310 2854 382 2883 477.
402 2853 432 2883 5,
453 2845 524 2883 481.
544 2846 600 2884 62)
619 2846 656 2875 of
670 2845 731 2875 the
750 2855 855 2875 name
875 2855 913 2875 as
935 2845 1072 2885 though

311 2889 338 2918 it
366 2898 459 2918 were
484 2890 700 2926 Nwmquamcm
736 2889 789 2919 sor
819 2898 866 2918 on
892 2889 931 2920 1'0.
967 2887 1012 2925 G²
1040 2889 1077 2919 of

311 2932 372 2961 the
389 2934 574 2962 Aizcimorus
596 2932 640 2962 he
657 2933 779 2962 writes
794 2944 799 2962 :
829 2931 1072 2971 ‘Vdop0t.iam·,

311 2984 383 3005 non
407 2975 586 3014 Vtophrm,
613 2976 643 3005 si
667 2976 754 3015 quid
779 2975 918 3005 volebat
943 2976 1072 3006 Graece

310 3020 400 3049 recte
423 3018 587 3057 formare,
605 3019 784 3059 appellare
807 3017 955 3050 debuit)
1001 3019 1073 3050 But

1143 2681 1163 2701 a
1180 2671 1323 2710 printed
1350 2672 1432 2701 note
1456 2672 1494 2701 in
1516 2672 1578 2701 tlie
1603 2673 1744 2711 margin
1763 2672 1800 2702 of
1818 2673 1856 2704 1⁸⁰.
1877 2674 1905 2704 B

1142 2714 1278 2745 defines
1291 2715 1419 2754 Vtopia
1431 2724 1469 2744 as
1483 2717 1490 2732 ·'
1502 2724 1612 2755 remp.
1624 2724 1712 2754 quae
1727 2725 1904 2756 nusquam

1143 2760 1241 2788 extat
1252 2758 1270 2789 '.

1187 2801 1354 2832 Budaeus
1372 2801 1443 2832 had
1459 2801 1605 2841 already
1626 2802 1731 2841 given
1760 2804 1905 2840 Vdepotia

1142 2854 1179 2874 as
1196 2855 1241 2875 an
1260 2845 1474 2875 alternative
1493 2845 1594 2883 form,
1613 2846 1651 2875 in
1668 2845 1725 2875 his
1747 2846 1853 2877 letter
1869 2849 1905 2876 to

1143 2888 1285 2927 Lupset,
1301 2899 1340 2927 31
1359 2888 1445 2928 July
1461 2887 1602 2930 (1517),
1615 2889 1775 2928 prefixed
1791 2891 1827 2920 to
1843 2889 1905 2920 the

1144 2932 1243 2961 Paris
1266 2932 1402 2962 edition
1429 2933 1467 2961 of
1488 2932 1549 2961 ‘the
1583 2934 1701 2972 Vtopia,
1731 2933 1771 2964 G.
1798 2933 1905 2964 Gour-

1143 2978 1254 3015 mont,
1274 2973 1420 3017 <1517):
1446 2974 1537 3006 BE*
1555 2985 1601 3006 12.

1186 3019 1238 3056 84.
1263 3019 1405 3060 scribis]
1426 3019 1488 3058 Ep.
1505 3020 1579 3049 620.
1600 3028 1685 3058 323.
