1990 3353
298 133 379 171 556
761 132 1014 172 LETTERS
1054 132 1123 172 OF
1162 132 1431 172 ERASMUS
1778 132 1816 187 [1
1827 146 1874 184 52
1884 147 1899 172 1

237 255 279 286 45
299 255 396 281 cura
426 242 590 292 fideque
623 242 851 281 adiutaret:
886 242 1096 292 professus
1125 255 1193 280 me
1222 242 1390 293 quidem
1419 242 1496 281 11οο
1526 243 1669 282 sedulo
1697 256 1825 293 agere,
1857 245 1904 283 vt

300 310 402 346 opus
432 297 562 336 exiret
590 296 673 335 tale
702 299 748 335 vt
778 297 921 335 nullus
951 296 1140 335 eruditus
1167 309 1214 336 ac
1242 298 1337 347 pius
1364 297 1516 336 merito
1549 300 1689 347 posset
1718 298 1903 347 offendi3

300 351 487 389 studium
509 351 678 401 quidem
698 353 740 389 et
760 351 957 390 affectum
982 364 1069 389 esse
1088 351 1220 401 pium,
1243 354 1453 390 caeterum
1473 352 1581 390 vires
1606 365 1694 391 esse
1723 353 1903 402 impares

299 408 415 444 tanto
437 405 631 455 negocio:
661 405 836 455 proinde
855 405 978 443 illum
999 419 1067 444 me
1086 405 1167 444 sibi
1187 406 1480 445 deuincturum
1502 419 1667 444 summo
1688 406 1900 454 beneficio,

299 460 334 498 si
364 462 554 498 moneret
583 473 685 509 quae
720 459 921 498 iudicaret
950 472 1038 498 esse
1067 460 1322 511 corrigenda.
1383 460 1434 499 Id
1468 473 1563 498 cum
1597 461 1742 499 multis
1766 459 1905 499 verbis

239 529 281 560 50
298 527 473 564 agerem,
498 514 711 563 respondit
740 514 812 552 ille
844 514 926 553 sibi
951 514 1036 552 iam
1062 516 1253 565 emptum
1279 528 1368 553 esse
1397 514 1590 562 codicem,
1615 515 1685 553 sed
1715 515 1904 553 nondum

299 581 388 607 esse
426 568 682 618 perlectum3
724 568 1010 618 perlecturum
1047 571 1200 618 tamen,
1239 582 1315 607 1190
1353 582 1470 607 secus
1507 572 1699 607 acturum
1737 582 1902 607 mecum

300 636 425 672 quam
454 636 550 661 cum
579 623 747 673 proprio
777 624 924 662 fratre:
960 636 1058 661 nam
1087 623 1200 661 hisce
1218 623 1357 661 verbis
1385 626 1477 661 tum
1499 636 1600 662 Vsus
1631 626 1704 662 est.
1764 623 1903 673 anue

298 677 422 715 verba
449 677 577 715 semel
602 679 726 727 atque
746 678 898 716 iterum
930 678 1104 727 repetiit.
1166 679 1229 716 Ac
1257 677 1395 727 primo
1425 677 1629 727 colloquio
1659 678 1767 728 quod
1796 678 1903 716 mihi

298 731 379 769 fuit
407 745 503 769 cum
533 731 702 770 Nicolao
731 731 1020 781 Egmondano,
1051 732 1194 783 rogaui
1226 732 1453 780 hominem,
1485 732 1615 770 libere
1646 733 1834 770 moneret
1867 732 1904 770 si

238 799 278 831 55
299 785 399 835 quid
420 786 647 824 offenderet
675 786 721 824 in
751 800 798 825 eo
828 799 973 835 opere;
1008 786 1217 825 initurum
1242 786 1352 836 apud
1377 799 1444 825 me
1471 799 1683 825 summam
1710 786 1900 836 gratiam.

299 839 419 878 Nihil
447 841 559 879 aliud
588 840 659 879 1119
688 841 903 890 respondit
923 854 1048 890 quam
1078 841 1158 880 sibi
1186 840 1342 879 librum
1372 853 1590 890 nunquam
1619 854 1707 879 esse
1732 840 1900 879 lectum.

299 894 418 934 Idem
437 895 656 945 aliquoties
676 896 739 945 egi
760 908 855 933 cum
876 895 1064 941 Latomo,
1087 895 1347 946 frequentius
1366 895 1495 934 etiam
1515 908 1612 933 cum
1635 895 1800 945 Dorpio.

352 950 539 988 Tandem
567 950 788 999 appetebat
820 952 987 999 tempus
1014 952 1060 988 vt
1093 950 1145 988 ob
1179 950 1404 988 secundam
1436 949 1688 988 aeditionem
1722 953 1904 999 peterem

298 1003 519 1042 Basileam.
561 1003 695 1042 Paulo
708 1007 805 1042 ante
820 1004 993 1042 Atensis
1005 1004 1054 1042 ad
1071 1017 1243 1043 coenam
1259 1007 1391 1042 vocat.
1432 1004 1590 1042 Aderat
1602 1004 1903 1054 Egmondanus

236 1065 280 1096 60
299 1060 339 1096 et
369 1058 603 1097 Lodouicus
622 1058 764 1097 Viues.
821 1060 862 1097 A
892 1072 1017 1097 coena
1049 1058 1189 1097 indico
1217 1058 1370 1097 Atensi
1402 1071 1470 1096 me
1498 1058 1610 1097 intra
1637 1071 1786 1108 paucos
1816 1057 1904 1096 dies

298 1112 509 1151 abiturum
528 1111 747 1152 Basileam.
806 1113 933 1162 Rogo,
968 1113 1146 1161 obsecro,
1177 1113 1374 1162 obtestor,
1395 1115 1442 1151 vt
1469 1116 1656 1151 amanter
1684 1113 1904 1151 admoneat

299 1166 335 1205 si
355 1167 455 1216 quid
475 1167 674 1206 iudicaret
700 1180 789 1206 esse
815 1167 1090 1206 mutandum:
1120 1168 1365 1217 praesertim
1389 1167 1426 1206 si
1453 1167 1550 1217 quid
1579 1167 1738 1205 officere
1765 1169 1904 1216 posset

297 1220 419 1259 bonis
441 1221 629 1260 moribus
655 1224 727 1259 aut
746 1222 843 1260 fidei
865 1222 1115 1261 Catholicae.
1175 1222 1255 1261 Ille
1278 1221 1505 1272 respondit,
1529 1221 1609 1259 sibi
1638 1224 1774 1260 totum
1801 1233 1904 1270 opus

298 1288 384 1313 esse
405 1276 573 1323 lectum,
596 1289 641 1314 30
660 1276 793 1314 videri
811 1276 931 1326 pium
952 1277 1070 1315 iuxta
1087 1279 1211 1327 atque
1231 1276 1452 1315 eruditum.
1509 1276 1592 1314 Hic
1616 1289 1690 1325 ego
1714 1274 1904 1314 ‘Malim'

237 1339 279 1380 65
299 1330 484 1379 inquam,
511 1330 749 1369 ‘admoneri
783 1344 910 1381 quam
941 1331 1114 1370 laudari.
1174 1330 1423 1370 Admonitio
1462 1331 1658 1380 proderit,
1695 1329 1787 1368 laus
1825 1329 1904 1368 ista

299 1384 410 1422 nihil
443 1384 655 1434 profuerit.
715 1384 839 1423 Nunc
873 1386 1088 1435 integrum
1119 1388 1181 1424 est
1219 1384 1436 1436 corrigere,
1469 1385 1640 1434 posthac
1673 1397 1757 1423 non
1790 1383 1903 1422 idem

298 1438 440 1477 licebit
454 1440 474 1477 ⁹.
546 1439 614 1477 Ad
648 1439 748 1479 haec
781 1453 911 1490 quum
946 1440 1017 1478 ille
1049 1440 1266 1491 repetisset
1300 1439 1445 1478 laudes
1475 1443 1571 1478 ante
1605 1439 1797 1486 tributas,
1834 1437 1903 1476 ‘Si

299 1493 480 1532 isthaec’
513 1494 698 1543 inquam,
739 1498 809 1532 ‘ex
844 1494 985 1533 animo
1019 1494 1135 1542 dicis,
1162 1508 1270 1545 quur
1298 1496 1383 1533 tam
1411 1494 1624 1532 atrocibus
1653 1492 1904 1532 clamoribus

299 1547 468 1597 quidam
488 1547 680 1587 insectati
699 1550 800 1587 sunt
819 1549 896 1587 hoc
916 1562 1018 1599 opus
1038 1549 1224 1600 primum
1243 1549 1428 1588 aeditum
1441 1548 1483 1587 ‘3’
1522 1548 1631 1586 Tum
1652 1547 1722 1586 ille
1743 1546 1904 1586 ‘'Prius-

240 1616 280 1649 70
298 1602 447 1652 quam'
474 1602 629 1652 inquit,
660 1602 878 1653 ‘legissem
909 1617 1024 1653 opus,
1058 1603 1192 1642 multa
1220 1605 1339 1642 erant
1367 1603 1423 1642 ad
1453 1616 1520 1641 me
1555 1602 1714 1649 delata;
1756 1601 1825 1640 sed
1856 1614 1904 1640 eo

298 1655 479 1706 perlecto
499 1657 681 1706 comperi
701 1671 792 1696 rem
812 1670 930 1697 secus
949 1658 1111 1698 habere.
1172 1658 1284 1706 Quae
1303 1658 1507 1707 scripsisti
1527 1656 1633 1695 mihi
1653 1669 1903 1707 magnopere

299 1711 490 1760 placent;
521 1724 624 1762 quae
658 1712 891 1762 scripturus
927 1713 985 1750 sis
1017 1713 1191 1751 nescio’.
1250 1712 1317 1751 Ad
1357 1712 1457 1750 11390
1491 1708 1684 1761 respondi
1716 1724 1783 1749 me
1818 1723 1903 1748 non

299 1764 490 1803 dubitare
523 1765 635 1815 quin,
673 1766 707 1804 si
745 1766 925 1816 primam
962 1767 1214 1806 aeditionem
1248 1765 1452 1816 probaret.
1489 1766 1595 1803 hanc
1628 1769 1734 1803 esset
1767 1764 1903 1803 multo

299 1820 432 1868 magis
452 1820 713 1869 probaturus.
774 1820 979 1860 Hortatus
1002 1824 1065 1860 est
1086 1821 1264 1870 denique
1285 1833 1351 1858 me
1371 1823 1419 1859 vt
1445 1820 1549 1858 meis
1575 1819 1729 1858 sanctis
1755 1819 1902 1858 labori-

241 1884 280 1919 75
299 1873 377 1912 bus
397 1873 469 1922 (sic
490 1874 605 1912 enim
625 1875 777 1924 aiebat)
798 1888 1011 1925 pergerem
1031 1876 1257 1926 prouehere
1281 1874 1526 1924 religionem
1547 1874 1843 1913 Christianam.

353 1928 446 1967 Hac
475 1928 659 1968 oratione
691 1930 801 1968 tanti
831 1930 912 1968 viri
943 1930 1087 1978 fretus,
1122 1930 1204 1968 abii
1238 1929 1462 1968 Basileam.
1521 1928 1708 1967 Absoluo
1741 1931 1902 1977 partem

300 1983 438 2032 operis
470 1983 515 2021 in
549 1997 629 2033 qua
661 1983 756 2033 plus
794 1986 881 2022 erat
917 1984 1103 2034 periculi,
1134 1984 1338 2023 nimirum
1371 1983 1687 2022 Annotationes.
1747 1982 1898 2021 Redeo.

298 2037 494 2076 Accurrit
522 2039 708 2086 Atensis‚
739 2038 914 2077 accurrit
945 2039 1138 2089 Dorpius,
1170 2052 1301 2088 quum
1335 2041 1476 2077 tamen
1510 2037 1694 2087 chirurgi
1728 2036 1902 2075 iudicas-

299 2094 394 2129 sent
427 2104 495 2129 me
525 2091 713 2131 laborare
746 2096 872 2142 peste.
934 2093 1048 2132 Haec
1079 2096 1195 2132 erant
1226 2095 1473 2142 argumenta
1506 2091 1736 2130 constantis
1768 2090 1902 2129 adhuc

241 2158 282 2189 80
299 2146 518 2185 amicitiae.
579 2147 712 2185 Trado
739 2147 893 2197 Dorpio
921 2150 1083 2197 partem
1104 2147 1334 2186 voluminis
1361 2159 1566 2189 excusam,
1590 2146 1668 2184 hac
1692 2145 1781 2194 lege
1800 2148 1846 2183 vt
1867 2144 1903 2182 si

300 2200 399 2250 quid
424 2201 666 2248 offenderet,
691 2201 915 2240 indicaret:
947 2202 1082 2241 adhuc
1110 2202 1225 2240 enim
1252 2202 1466 2251 integrum
1496 2214 1582 2238 esse
1611 2203 1782 2245 mutare,
1805 2199 1902 2238 lieet

300 2267 395 2293 cum
429 2255 586 2294 iactura
618 2257 827 2305 pecuniae,
864 2256 993 2295 donec
1027 2269 1130 2307 opus
1168 2257 1280 2295 intra
1318 2256 1564 2305 typographi
1604 2254 1780 2305 parietes
1818 2266 1903 2304 pre-

298 2312 493 2347 meretur.

353 2362 449 2401 Mox
479 2364 667 2402 manauit
695 2364 745 2403 ad
776 2377 843 2402 me
873 2378 1015 2403 rumor
1045 2365 1095 2403 de
1124 2365 1220 2413 Leo,
1243 2364 1314 2415 qui
1342 2366 1528 2403 trecenta
1556 2363 1645 2401 loca
1673 2364 1831 2402 taxaret
1857 2361 1902 2399 in

239 2424 279 2464 85
301 2416 419 2456 Nouo
439 2417 719 2467 Testamento,
749 2419 964 2467 horrenda,
988 2419 1230 2468 periculosa.
1287 2419 1429 2457 Euoco
1457 2418 1672 2457 hominem
1702 2417 1752 2455 ad
1781 2415 1902 2454 collo-

301 2472 458 2521 quium,
483 2473 610 2510 offero
636 2475 797 2522 praeter
822 2479 999 2512 caeteras
1026 2474 1133 2512 hanc
1160 2473 1454 2521 conditionem,
1476 2475 1521 2511 vt
1549 2472 1583 2510 si
1604 2471 1702 2521 quid
1734 2471 1903 2509 haberet

343 2595 396 2624 45.
423 2586 601 2624 professus
617 2589 691 2616 «cm.
710 2589 751 2618 H.
905 2587 957 2624 46.
983 2586 1094 2625 possit
1111 2588 1154 2618 H.
1311 2594 1363 2623 47.
1391 2585 1547 2624 impares
1563 2594 1639 2614 esse
1656 2587 1691 2615 F.
1848 2592 1903 2623 51.

299 2638 438 2659 mecum
456 2632 531 2660 add.
549 2632 583 2659 1³.
717 2640 769 2669 53.
798 2629 905 2660 verba
921 2632 994 2660 «dcl.
1011 2631 1045 2660 F.
1181 2638 1234 2667 54.
1259 2627 1496 2668 Egmundano
1512 2631 1551 2659 N.
1664 2637 1715 2666 59.
1742 2628 1902 2667 Egmun·

300 2673 415 2703 danus
431 2674 470 2702 N.
607 2674 659 2704 60.
686 2677 732 2704 F:
756 2673 969 2704 Ludowicus
985 2684 1015 2703 α.
1150 2674 1204 2703 66.
1229 2672 1352 2702 licebit
1369 2672 1465 2702 idem
1478 2674 1513 2703 F.
1652 2681 1701 2710 75.
1728 2672 1843 2702 11191131
1859 2682 1879 2700 α
1894 2681 1900 2701 :

301 2716 514 2755 loquebatur
532 2719 574 2746 Η.
683 2718 732 2756 78.
757 2720 802 2747 F:
829 2717 1023 2756 chirurgici
1042 2728 1073 2747 a.
1194 2716 1247 2754 84.
1273 2717 1413 2746 taxaret
1431 2727 1471 2746 a:
1498 2718 1598 2746 taxat
1616 2719 1660 2746 F:
1688 2719 1841 2745 taxasset
1858 2717 1901 2745 H.

343 2837 393 2866 57.
422 2827 582 2868 Latomo]
601 2828 665 2858 See
684 2828 745 2867 Ep.
762 2838 836 2867 934.
859 2838 914 2867 311.
1138 2827 1243 2866 5οο)ε
1269 2827 1388 2857 where
1411 2826 1440 2857 it
1466 2827 1495 2856 is
1518 2824 1759 2865 interpolated
1784 2826 1845 2855 out
1868 2822 1907 2854 of

343 2881 394 2910 59.
423 2871 466 2901 ad
484 2870 646 2911 coenam]
671 2871 758 2901 This
772 2872 926 2911 91119οἀ9,
947 2870 1067 2901 which
1137 2871 1240 2901 order
1257 2870 1295 2900 in
1312 2870 1374 2900 the
1391 2870 1580 2900 narrative.

299 2915 467 2945 occurred
493 2926 520 2946 c.
550 2915 652 2954 April
684 2916 776 2954 1518,
804 2916 834 2946 is
865 2914 998 2946 related
1029 2916 1067 2944 in
1179 2915 1232 2953 65.
1260 2912 1461 2953 admoneri]
1479 2912 1530 2943 Cf.
1552 2913 1616 2952 Ep.
1638 2913 1729 2950 1076.
1751 2912 1808 2941 6n.

300 2968 385 2997 very
402 2959 510 2989 much
528 2959 590 2989 tlw
607 2968 703 2988 same
720 2959 838 2989 words
855 2959 893 2989 in
907 2959 968 2989 the
984 2962 1067 2994 Apo·
1183 2968 1232 2996 77.
1260 2956 1393 2998 Redeo]
1419 2966 1457 2987 21
1478 2957 1571 2996 Sept.
1598 2957 1688 2994 1518.

299 3004 379 3040 Iossc'a
410 3012 472 3040 qua
501 3005 659 3039 responde!
692 3002 747 3033 (f0.
781 3003 835 3033 B:
875 3002 995 3033 Jortin
1027 3002 1064 3031 ii.
1181 3002 1231 3038 78.
1258 2999 1441 3041 Accurrit]
1460 3000 1509 3030 Cf.
1528 3000 1592 3039 Ep.
1612 3001 1685 3037 867.
1707 3008 1779 3037 255.

1980 1599 1983 1637 1
