1990 3353
213 198 276 228 370

213 471 276 503 375

212 1009 272 1048 385

212 1285 276 1317 390

211 1552 274 1585 395

209 1831 273 1861 400

211 2103 273 2133 405

211 2374 276 2404 410

211 2640 275 2672 415

294 74 374 113 472
417 50 419 53 ’
764 72 1016 112 LETTERS
1055 71 1123 109 or
1162 71 1427 111 ERASMUs
1766 68 1890 124 [1521

295 182 437 220 venire
457 182 501 220 in
522 184 720 230 mentem,
744 181 815 220 vbi
839 181 1039 230 conspicit
1066 181 1309 230 theologum
1334 181 1542 230 insignem
1568 193 1682 220 sacra
1700 184 1825 228 veste,
1847 180 1893 219 in

295 237 384 275 loco
424 250 555 283 sacro,
594 250 615 274 e
654 238 849 286 suggestu
887 235 1170 284 ecclesiastico,
1211 235 1321 273 vnde
1364 237 1601 284 expectatur
1645 235 1896 286 Euangelica

295 291 499 338 doctrina,
537 291 758 339 impotenti
797 290 900 336 odio,
942 289 1147 328 virulenta
1184 289 1327 338 lingua
1372 289 1612 328 debacchari
1657 289 1701 327 in
1738 290 1894 328 famam

295 345 488 394 proximi,
522 345 651 383 oculis
685 344 938 390 ardentibus,
971 344 1094 381 labiis
1125 343 1428 394 spumantibus,
1462 356 1558 382 voce
1589 344 1779 388 immani,
1807 345 1897 382 toto

296 399 475 448 denique
495 400 677 448 corporis
696 399 843 437 habitu
860 398 1036 436 liuorem
1056 400 1098 435 et
1123 399 1266 436 odium
1292 411 1389 446 prae
1417 410 1460 435 se
1486 398 1676 436 ferente?
1733 398 1777 436 Si
1799 410 1897 437 vera

295 455 432 492 essent
461 454 599 491 omnia
630 466 735 503 quae
766 453 962 501 dicerent,
990 454 1133 490 tamen
1163 451 1340 501 populus
1369 465 1455 489 non
1484 455 1547 491 est
1574 453 1675 491 adeo
1704 452 1895 501 stupidus

295 508 398 557 quin
428 508 634 557 intelligat
665 520 711 545 ea
740 520 825 545 non
854 520 929 545 suo
958 507 1046 544 loco
1075 507 1180 553 dici;
1214 506 1412 556 intelligit
1441 519 1491 544 ex
1519 507 1662 545 animo
1691 505 1897 555 proficisci

296 563 540 611 neutiquam
571 562 638 611 pio
669 575 770 611 quae
799 564 884 599 tam
915 561 1084 599 inimice
1114 561 1319 598 dicuntur.
1380 561 1525 610 Itaque
1553 561 1602 599 fit
1630 563 1677 600 vt
1705 561 1831 599 etiam
1861 560 1896 598 si

296 616 396 666 quid
416 618 523 654 recte
543 616 727 663 doceant,
751 616 893 654 minus
918 615 1002 653 illis
1028 615 1230 653 habeatur
1255 615 1364 653 fidei.
1424 615 1525 663 Quis
1551 616 1665 653 enim
1693 615 1831 653 credat
1858 615 1896 652 ei

295 684 419 720 quem
432 671 570 708 videat
585 684 669 708 non
685 683 771 708 esse
787 669 853 708 sui
869 670 981 716 iuris,
998 670 1068 708 sed
1083 683 1252 707 seruum
1267 671 1307 706 et
1321 670 1398 707 add
1405 670 1535 707 ictum
1551 683 1638 708 esse
1653 669 1897 708 affectibus?

295 724 403 772 Quid
429 727 569 763 autem
593 738 699 772 cum,
725 725 834 774 quod
863 737 948 762 non
977 738 1067 762 raro
1094 724 1153 771 fit,
1181 723 1355 761 audiunt
1383 725 1510 761 etiam
1535 724 1760 762 manifesta
1784 737 1896 762 men—

295 779 441 818 dacia?
471 793 567 817 nam
589 780 669 817 huc
691 792 820 829 vsque
840 779 947 827 rapit
969 778 1168 827 quosdam
1189 778 1321 815 animi
1342 778 1524 817 caecitas.

348 833 520 872 Vtinam
540 834 740 872 audiretis
761 845 865 882 quae
885 833 1039 882 passim
1060 833 1170 870 inter
1191 845 1234 870 se
1254 835 1519 870 murmurent
1535 833 1730 871 mulieres
1744 846 1790 871 ac
1801 832 1891 877 viri,

294 887 449 926 talibus
469 888 826 926 concionatoribus
846 900 930 925 non
950 887 1072 936 paulo
1092 887 1403 935 prudentiores!
1465 887 1593 934 ‘Quid
1609 889 1628 925 *Ρ
1642 887 1651 901 '
1673 887 1896 937 inquiunt;

296 944 371 981 ‘an
392 943 468 980 hac
488 942 538 980 de
559 955 679 980 causa
698 942 890 980 venimus
913 942 957 978 in
983 942 1201 990 templum,
1225 942 1272 978 vt
1298 941 1423 979 ociosi
1451 941 1670 979 audiamus
1699 941 1798 991 quid
1827 941 1896 979 'nic

294 998 366 1034 aut
398 997 470 1034 ille
503 998 785 1035 stomachetur
818 996 863 1033 in
896 996 1107 1033 alterum?
1164 994 1249 1033 Nos
1279 995 1392 1033 domi
1422 995 1576 1034 relictis
1606 995 1788 1046 negociis
1815 995 1897 1033 11110

293 1051 534 1099 accedimus,
559 1053 604 1089 vt
629 1051 847 1089 audiamus
871 1050 1087 1088 Christum
1113 1049 1233 1087 nobis
1262 1049 1502 1098 loquentem
1531 1064 1552 1088 0
1581 1052 1743 1099 pectore
1771 1062 1898 1087 sacer-

295 1106 413 1150 dotis,
451 1108 497 1143 vt
536 1106 708 1143 domum
741 1105 957 1142 redeamus
992 1105 1193 1147 meliores,
1230 1106 1276 1141 vt
1309 1104 1468 1153 aliquid
1501 1117 1638 1142 sacrae
1672 1103 1892 1151 doctrinae,

293 1160 452 1209 aliquid
497 1159 628 1197 bonae
670 1159 969 1197 consolationis
1012 1159 1183 1196 domum
1229 1161 1513 1206 reportemus3
1566 1161 1608 1196 et
1651 1159 1695 1196 in
1739 1158 1897 1208 templo

295 1213 495 1252 discimus
522 1214 696 1252 lacerare
722 1213 878 1251 famam
905 1213 1095 1262 proximi,
1122 1226 1167 1250 ac
1194 1212 1365 1250 domum
1391 1213 1609 1251 referimus
1635 1213 1731 1259 odii,
1752 1213 1899 1252 liuoris

294 1271 335 1306 et
369 1268 681 1306 obtrectationis
715 1267 947 1306 materiam.
1005 1267 1058 1304 In
1093 1267 1312 1311 conuiuiis,
1349 1267 1459 1317 apud
1499 1268 1636 1305 focum
1674 1268 1899 1305 renouatur

295 1323 518 1370 contentio,
541 1323 634 1361 aliis
655 1323 700 1359 111
722 1322 844 1360 aliam
864 1324 1023 1371 partem
1046 1321 1367 1359 discedentibus.
1426 1321 1534 1369 Quid
1559 1335 1661 1371 opus
1684 1324 1772 1360 erat
1796 1321 1897 1360 11000

294 1390 318 1416 0
347 1377 518 1426 templis
546 1377 641 1426 peti,
669 1389 772 1426 quae
801 1376 921 1414 nobis
951 1376 1045 1425 plus
1074 1376 1174 1414 satis
1203 1376 1318 1413 domi
1347 1378 1608 1415 nascuntur?
1664 1376 1746 1414 Cur
1775 1376 1897 1414 nobis

294 1431 471 1469 subinde
497 1434 669 1470 narrant
697 1444 786 1469 esse
813 1431 885 1480 qui
912 1431 1118 1480 corrigant
1146 1430 1395 1480 Magnificat,
1423 1431 1494 1480 qui
1520 1431 1727 1479 corrigant
1754 1430 1897 1468 Preca-

294 1485 452 1524 tionem
474 1485 750 1529 Dominicam,
775 1485 846 1534 qui
866 1485 1074 1534 corrigant
1095 1484 1373 1533 Euangelium
1402 1484 1442 1523 S.
1466 1484 1672 1523 Ioannis}>
1728 1485 1772 1524 Si
1797 1484 1896 1534 quid

295 1540 340 1577 in
361 1540 428 1578 his
447 1540 558 1578 male
582 1541 718 1587 habet,
744 1540 845 1589 quin
870 1540 951 1589 ipsi
978 1539 1086 1576 inter
1111 1553 1155 1577 se
1182 1540 1395 1587 corrigunt
1421 1540 1559 1589 potius
1588 1552 1713 1589 quam
1743 1552 1818 1577 nos
1846 1539 1897 1578 ad

295 1594 453 1643 lapides
487 1596 722 1643 prouocant,
757 1595 797 1631 et
831 1594 940 1632 inter
973 1594 1192 1632 concordes
1226 1593 1476 1632 seditionem
1510 1594 1756 1632 concitant?
1812 1594 1899 1632 Nos

295 1649 397 1686 istos
416 1649 569 1686 alimus
584 1651 630 1687 vt
651 1649 812 1686 animos
832 1650 994 1686 nostros
1014 1648 1262 1686 confirment
1281 1647 1327 1685 in
1346 1648 1440 1696 fide,
1459 1649 1499 1686 et
1518 1661 1591 1697 per
1610 1648 1687 1686 hos
1702 1661 1898 1686 vocamur

294 1703 340 1740 in
374 1702 582 1741 dubium?
651 1703 822 1741 Alimus
855 1716 925 1741 eos
958 1704 1003 1740 vt
1036 1716 1086 1740 ex
1119 1702 1205 1740 illis
1239 1702 1497 1740 dediscamus
1529 1704 1672 1740 nostra
1703 1702 1818 1750 vicia,
1856 1704 1898 1740 et

295 1757 504 1795 discamus
542 1757 839 1806 Euangelicam
879 1757 1137 1804 doctrinam;
1185 1758 1226 1794 et
1262 1756 1313 1794 ab
1352 1757 1421 1795 his'
1456 1757 1656 1795 discimus
1694 1756 1803 1806 quod
1837 1758 1899 1794 est

296 1811 489 1849 omnium
522 1812 765 1861 pessimum,
801 1811 970 1861 linguae
1002 1811 1257 1848 virulentam
1292 1811 1646 1850 obtrectationem.
1718 1811 1762 1849 Si
1794 1811 1899 1849 tales

295 1869 395 1904 sunt
414 1866 497 1914 isti,
522 1879 607 1904 non
628 1866 891 1904 committam
912 1865 998 1904 illis
1024 1865 1176 1903 liberos
1201 1878 1328 1913 meos,
1351 1879 1427 1903 nec
1452 1865 1537 1903 illis
1561 1865 1725 1903 credam
1751 1878 1898 1903 arcana

295 1920 472 1970 pectoris
505 1920 600 1958 mei.
661 1920 746 1958 Nec
773 1921 888 1958 enim
918 1920 1136 1958 silentium
1165 1921 1377 1968 praestant
1405 1920 1512 1958 bona
1541 1920 1647 1966 fide3
1685 1932 1760 1958 nec
1788 1921 1897 1957 recte

295 1975 531 2022 consulunt,
557 1975 628 2023 qui
648 1988 733 2012 non
754 1975 964 2012 ducuntur
983 1974 1134 2012 iudicio
1155 1975 1224 2012 sed
1245 1974 1438 2012 feruntur
1457 1974 1586 2012 caecis
1605 1973 1850 2012 affectibus?

350 2028 466 2067 Haec
503 2029 708 2077 audimus,
751 2029 811 2066 mi
850 2029 914 2076 N.,
950 2029 1134 2078 quotidie
1172 2028 1298 2066 etiam
1336 2041 1359 2066 a
1397 2029 1546 2075 nautis,
1587 2029 1637 2066 ab
1675 2027 1839 2077 aurigis,
1874 2041 1898 2067 a

295 2083 564 2122 mulierculis.
617 2084 701 2121 Nec
723 2085 785 2122 est
804 2083 1022 2133 quisquam
1037 2083 1104 2120 vir
1122 2083 1257 2121 bonus
1277 2083 1548 2132 cordatusque
1567 2083 1669 2133 quin
1689 2082 1898 2131 intelligat

295 2138 445 2176 horum
465 2137 673 2187 querelam
694 2151 784 2176 esse
804 2138 1090 2176 iustissimam.
1142 2138 1207 2175 Ita
1227 2137 1356 2174 resin
1378 2137 1590 2175 diuersum
1610 2137 1696 2174 exit
1714 2139 1772 2185 vt,
1796 2137 1898 2175 dum

295 2193 474 2230 alienam
494 2192 649 2230 famam
675 2191 894 2237 incessitis,
918 2194 1079 2229 vestrae
1107 2191 1299 2230 noceatis.
1361 2191 1467 2239 Quid
1496 2192 1609 2229 enim
1635 2191 1747 2229 aliud
1774 2190 1898 2229 lucri·

295 2246 430 2285 facitis
475 2246 712 2284 istiusmodi
750 2246 1093 2284 blaterationibus
1131 2259 1257 2295 quam
1295 2246 1439 2284 odium
1478 2245 1628 2295 optimi
1665 2245 1897 2295 cuiusque?

296 2301 405 2348 Quot
424 2301 579 2338 amicos
599 2301 709 2338 haud
733 2301 1013 2350 aspernandos
1033 2300 1151 2339 vobis
1177 2300 1332 2338 ademit
1358 2300 1438 2338 ista
1463 2299 1729 2348 petulantia?
1757 2299 1898 2349 plures

295 2356 551 2403 ademptura,
570 2355 615 2392 ni
635 2355 887 2404 resipiscitis.
948 2354 1229 2403 Circumspice
1248 2354 1357 2392 mihi
1375 2356 1415 2392 et
1435 2355 1530 2393 vide
1551 2367 1654 2392 num
1675 2354 1897 2403 quisquam

295 2410 361 2446 vir
394 2410 539 2446 doctus
571 2411 643 2447 aut
681 2409 846 2458 integer
878 2410 1015 2447 faueat
1050 2409 1287 2446 istiusmodi
1320 2409 1585 2458 petulantiae.
1647 2407 1786 2446 Habet
1817 2408 1896 2446 hoc

296 2463 552 2510 obtrectatio,
580 2466 625 2500 vt
652 2463 816 2501 etiamsi
841 2463 968 2500 fidem
995 2463 1128 2509 faciat,
1157 2465 1297 2500 tamen
1325 2463 1488 2500 auditor
1516 2463 1635 2511 peius
1663 2462 1817 2500 sentiat
1846 2462 1896 2499 de

296 2531 343 2554 eo
373 2518 442 2566 qui
471 2518 678 2556 narrauit:
718 2517 1067 2567 quemadmodum
1097 2517 1351 2566 proditorem
1380 2517 1469 2555 odit
1497 2517 1699 2567 princeps,
1731 2516 1896 2554 etiamsi

296 2572 469 2619 dignum
491 2572 634 2608 fraude
655 2574 773 2620 putat
794 2585 889 2610 eum
909 2572 980 2620 qui
999 2571 1190 2620 proditus
1210 2574 1281 2609 est.
1341 2571 1419 2609 Sed
1441 2571 1683 2609 huiusmodi
1709 2574 1896 2609 senatus-

297 2625 483 2663 consulta
514 2625 631 2663 vobis
665 2629 894 2664 nascuntur
926 2626 1036 2663 inter
1068 2625 1224 2674 pocula,
1257 2628 1295 2663 et
1329 2626 1487 2675 putatis
1520 2625 1610 2664 orbi
1642 2625 1896 2674 placiturum

297 2680 404 2729 quod
429 2679 588 2717 <luobus
615 2683 687 2718 aut
713 2681 848 2718 tribus
874 2680 1179 2729 compotoribus
1210 2680 1374 2728 placuit.
1435 2679 1621 2718 Pessime
1649 2679 1816 2717 sentitis
1845 2679 1896 2716 de

297 2747 446 2783 genere
477 2733 670 2781 humano,
703 2734 739 2772 si
771 2734 939 2772 creditis
970 2734 1066 2772 haec
1100 2733 1319 2783 probatum
1349 2734 1401 2772 iri
1431 2734 1636 2772 omnibus.
1697 2732 1896 2772 Nondum

427 2829 500 2858 371.
525 2821 688 2858 suggesto
706 2822 758 2849 H:
781 2822 819 2855 cf.
838 2831 864 2851 r.
886 2820 942 2850 161
960 2829 1067 2856 supra.
1313 2830 1385 2857 404.
1413 2819 1453 2850 N.
1472 2822 1516 2850 F:
1542 2818 1702 2849 Bucenta
1718 2820 1760 2849 H.

515 2920 589 2950 393.
614 2911 793 2949 corrigant
814 2910 1032 2950 Magnificat]
1049 2909 1100 2941 Cf.
1120 2910 1181 2949 Ep.
1201 2910 1276 2948 948.
1296 2920 1337 2950 97
1356 2919 1440 2949 seq.,
1462 2911 1534 2949 108,
1559 2919 1695 2948 114-15.

516 2965 591 2994 394.
619 2954 652 2984 S.
674 2954 834 2994 Ioannis]
851 2954 901 2985 Cf.
923 2954 986 2994 Ep.
1007 2955 1102 2984 1126.
1123 2954 1238 2991 17—28.
