1990 3353
342 144 420 182 160
811 144 1062 182 LETTERS
1101 145 1169 183 OF
1207 145 1470 185 ERASMUS
1817 144 1942 199 [1520

339 266 449 292 meas
469 254 519 292 ad
540 254 693 292 calcem
713 253 913 303 produxi:
942 253 984 291 id
1005 254 1113 303 quod
1134 255 1268 303 teipso
1287 268 1412 293 nemo
1431 255 1582 293 melius
1601 256 1730 303 nouit,
1753 256 1825 306 qui
1844 258 1942 295 ante

279 322 317 354 35
339 308 566 346 discessum
605 308 702 346 hinc
741 310 862 346 tuum
901 321 1045 346 omnes
1081 308 1248 346 videris.
1309 310 1379 346 An
1417 309 1502 347 vlla
1539 309 1691 348 fuerim
1730 310 1943 349 lacessitus

338 361 503 411 iniuria,
531 362 682 400 viderit
711 375 866 411 aequus
896 362 1036 411 quiuis
1062 363 1134 412 qui
1164 365 1349 401 nostram
1378 363 1563 401 lecturus
1585 366 1649 402 est
1674 364 1938 413 Apologiam.

339 416 394 454 Et
422 419 563 455 tamen
591 416 757 455 animus
786 429 870 453 non
904 419 990 454 erat
1019 430 1093 465 par
1120 416 1208 466 pari
1237 417 1401 464 referre,
1431 430 1506 455 nec
1534 417 1668 456 adhuc
1701 421 1773 456 est.
1835 419 1940 457 Cum

337 473 554 518 praesente
569 470 905 519 expostulassem,
929 470 964 508 si
976 473 1161 509 vacasset
1174 471 1299 509 verba
1318 471 1532 520 prodigere
1549 486 1558 510 ε
1588 485 1684 510 nam
1698 473 1791 522 quis
1811 473 1941 511 nescit

338 525 563 563 Erasmum
582 538 701 573 posse
722 525 839 574 nigra
858 526 1016 562 vertere
1035 525 1081 563 in
1101 525 1276 563 candida
1291 527 1312 564 ⁶?

275 593 318 624 40
391 579 495 617 ΕΒΑ.
530 579 639 628 Quod
664 580 707 617 in
734 582 894 618 veterem
914 580 1142 618 aeditionern
1169 581 1367 628 scripseris
1389 592 1510 628 qnam
1527 581 1645 619 scires
1663 592 1723 618 one
1748 582 1942 621 adornare

336 645 481 671 nouam
496 647 510 671 .·
540 634 640 681 quod
664 645 760 681 opas
780 636 893 671 taam
913 645 986 681 per
1002 634 1130 672 onznia
1153 635 1388 672 monasteria
1410 636 1607 682 sparseris,
1629 637 1862 682 praesertim
1881 637 1942 674 vbi

336 688 454 726 scires
482 699 559 726 esse
587 689 654 736 qai
681 688 780 725 mila·
800 700 950 735 parum
979 689 1071 726 bene
1099 688 1264 727 vellent:
1297 689 1398 736 qaod
1424 688 1474 727 iis
1502 690 1611 727 modo
1643 691 1942 729 communicaris

336 753 429 789 quos
447 753 614 780 noaeras
633 743 843 789 iniquiores
863 753 939 780 esse
956 742 1125 781 Erasmo
1140 757 1153 779 .·
1186 743 1287 790 qnod
1310 754 1513 790 nnnqaarn
1526 745 1743 790 prouocare*
1752 746 1937 792 potueris

336 807 404 834 nec
422 796 585 834 Atensis
611 796 855 843 authoritate,
878 800 918 834 vt
942 797 1038 834 inihi
1056 798 1264 835 voluminis
1283 798 1341 835 ini
1363 798 1514 844 faceres
1533 799 1693 845 copiam,
1715 799 1792 836 imo
1816 811 1863 837 ne
1888 800 1941 837 ad

273 863 314 894 45
336 851 402 888 hoc
417 851 579 897 quidem,
602 854 641 889 vt
666 863 748 889 voce
767 851 824 889 vel
843 863 963 889 enimn
984 852 1182 899 proferres
1200 852 1325 889 locam
1350 863 1462 898 quem
1484 853 1809 899 reprehendisses:
1840 854 1941 900 quod

334 906 541 943 ‘virulentis
577 906 770 950 conuiciis,
812 906 888 943 irno
926 906 1141 944 mendaciis
1175 917 1268 952 opus
1296 906 1450 953 passim
1491 907 1799 953 asperseris—id
1836 908 1940 945 enim

334 960 537 1006 affirmant
563 961 631 1007 qai
662 960 850 1000 viderant.
882 971 1002 1007 neque
1030 961 1244 998 reclamant
1273 961 1438 1008 paginae
1469 972 1565 1007 quas
1598 961 1775 1008 intercepi
1791 975 1803 998 .·
1838 962 1942 1009 quod

334 1025 528 1061 nusquam
555 1026 634 1052 non
654 1015 866 1061 praedicas
893 1026 939 1052 ac
964 1015 1120 1053 iactitas
1146 1016 1319 1052 sexcenta
1343 1015 1426 1052 loca
1452 1016 1521 1052 abs
1549 1017 1581 1052 te
1606 1016 1846 1062 reprehensa,
1871 1028 1941 1054 nec

334 1069 452 1107 enias
471 1069 579 1115 facis
597 1070 768 1116 copiam:
799 1080 913 1116 queso
935 1069 1034 1106 vnde
1058 1069 1166 1107 isiaci
1191 1070 1406 1116 eoeemplum
1426 1069 1480 1106 vel
1503 1069 1716 1117 yraaitatis
1734 1070 1791 1108 vel
1815 1071 1940 1108 animi

275 1135 316 1165 50
338 1120 582 1161 Christiani?

389 1177 492 1215 Eoo.
524 1177 612 1226 Ego
638 1177 683 1214 in
707 1178 891 1215 veterem
917 1177 1168 1214 aeditionem
1193 1177 1350 1226 scripsi,
1376 1177 1418 1215 id
1445 1179 1508 1214 est
1536 1177 1691 1215 veteris
1718 1177 1940 1217 aeditionis

335 1243 437 1280 quae
457 1230 565 1268 mihi
584 1231 836 1270 videbantur
854 1234 989 1270 errata
1007 1230 1230 1270 annotaui:
1261 1245 1345 1269 non
1366 1232 1549 1269 facturus
1574 1231 1656 1269 nisi
1675 1231 1727 1270 ad
1754 1232 1831 1270 hoc
1850 1232 1940 1282 ipse

334 1297 410 1322 nec
428 1285 557 1323 semel
576 1287 741 1324 tantum
762 1286 880 1323 miris
900 1286 1134 1335 praestigiis
1152 1299 1219 1323 me
1238 1285 1502 1324 incantasseS.
1544 1286 1703 1323 Aedere
1723 1299 1939 1336 nunquam

334 1339 613 1387 institueram,
638 1340 721 1378 nisi
747 1342 794 1378 tu
820 1340 878 1378 sic
898 1353 1075 1389 vrgeres.
1135 1339 1311 1377 Nullum
1339 1339 1450 1378 orbis
1478 1340 1779 1379 monasterium
1803 1354 1938 1379 exem-

274 1405 313 1437 55
334 1394 452 1442 plum
468 1394 602 1441 habet,
627 1395 733 1443 quod
755 1394 898 1437 sciam,
919 1397 1080 1443 praeter
1100 1394 1191 1432 duo.
1233 1394 1429 1432 Alterum
1449 1393 1507 1431 sic
1527 1394 1650 1432 habet
1669 1397 1716 1433 vt
1737 1397 1809 1433 aut
1828 1395 1939 1434 nulli

333 1451 406 1486 aut
425 1461 507 1486 non
528 1449 674 1486 multis
693 1449 993 1486 communicet:
1026 1450 1204 1486 alterum
1219 1451 1266 1487 vt
1285 1449 1400 1495 mihi,
1425 1448 1548 1486 sicuti
1566 1461 1657 1486 mea
1673 1449 1813 1487 omnia
1834 1463 1938 1499 quae

333 1503 377 1540 in
408 1503 523 1540 illius
556 1504 636 1541 fide
670 1505 779 1548 sunt,
816 1505 962 1541 seruet.
1024 1503 1131 1541 Nam
1165 1503 1222 1541 sic
1254 1503 1446 1541 homines
1479 1515 1623 1541 sumus
1657 1506 1703 1541 vt
1731 1506 1771 1541 et
1801 1517 1934 1553 nugas

336 1559 498 1595 nostras
519 1558 819 1602 exosculemur,
841 1571 915 1595 nec
936 1557 1123 1595 sinamus
1143 1558 1286 1606 perire.
1346 1557 1462 1594 Nulli
1481 1557 1787 1595 communicaui
1813 1555 1937 1607 quem

333 1611 485 1649 scirem
505 1612 581 1649 tibi
602 1612 852 1661 iniquiorem
872 1625 960 1650 esse
978 1614 1050 1650 aut
1071 1611 1148 1649 tibi
1167 1612 1276 1649 male
1295 1611 1422 1650 velle:
1454 1611 1538 1648 imo
1558 1625 1665 1659 vero,
1685 1625 1768 1650 vno
1782 1613 1939 1651 Atense

274 1670 317 1701 60
334 1667 502 1715 excepto
523 1668 564 1703 et
584 1666 742 1716 aliquot·
762 1666 948 1714 notariis,
972 1666 1037 1703 his
1058 1668 1223 1704 tantum
1244 1667 1316 1704 aut
1335 1666 1406 1715 qui
1429 1665 1551 1710 amici
1572 1666 1650 1703 tibi
1670 1666 1755 1704 sint
1773 1669 1845 1705 aut
1865 1667 1938 1716 qui

332 1721 374 1757 te
393 1733 446 1757 ne
466 1721 514 1757 de
532 1720 636 1758 facie
655 1720 823 1770 quidem
843 1723 1025 1758 noscant.
1078 1719 1184 1758 Nam
1208 1721 1344 1758 Morus
1364 1722 1405 1758 et
1425 1720 1660 1758 Latimerus
1680 1720 1803 1758 amici
1823 1724 1932 1768 sunt,

335 1777 376 1812 et
410 1774 614 1812 Roffensis
647 1778 720 1813 tuo
751 1788 957 1813 consensu
989 1774 1186 1812 volumen
1217 1774 1373 1813 habuit.
1407 1774 1518 1812 ‘Nec
1546 1777 1634 1812 erat
1663 1787 1737 1812 cur
1764 1775 1938 1814 Atensis

335 1829 586 1866 authoritate
615 1829 682 1867 vel
711 1829 955 1878 cuiusquam
983 1829 1155 1867 alterius
1183 1828 1397 1878 prouocari
1426 1828 1638 1866 debuerim
1667 1831 1713 1866 vt
1740 1829 1936 1867 volumen

336 1895 477 1920 meum
505 1883 583 1920 tibi
610 1884 825 1930 traderem,
855 1885 925 1933 qui
951 1885 1112 1932 praeter
1138 1895 1251 1921 meas
1278 1882 1451 1921 insidias
1478 1882 1588 1920 nihil
1617 1883 1819 1933 cogitasti.
1879 1883 1938 1922 Vt

274 1937 314 1978 65
335 1936 433 1982 dixi,
459 1937 624 1976 animus
643 1951 727 1976 non
747 1940 834 1975 erat
853 1938 1007 1976 aedere.
1067 1937 1208 1975 Etiam
1228 1937 1262 1975 si
1284 1937 1428 1975 aedere
1448 1936 1684 1983 voluissem,
1706 1938 1824 1976 nulla.
1843 1939 1936 1976 tum

333 1991 430 2028 libri
463 1994 550 2030 erat
580 1992 715 2040 facies,
751 1992 858 2030 nihil
878 1992 1087 2030 edolatum
1125 1992 1442 2037 exasciatumue,
1478 1991 1585 2028 nihil
1624 1991 1931 2040 concinnatum,

334 2046 563 2094 perfectum
585 2046 689 2084 nihi]
719 2047 764 2085 in
785 2049 872 2085 toto
893 2059 1013 2095 opere
1038 2047 1135 2084 erat.
1197 2045 1313 2093 Quod
1341 2047 1376 2083 si
1395 2045 1593 2084 volumen
1618 2046 1663 2083 in
1683 2047 1800 2084 tuam
1826 2048 1936 2096 pote-

335 2102 484 2138 statem
514 2101 663 2138 fuisses
692 2102 847 2149 nactus,
879 2100 986 2138 mihi
1014 2101 1225 2149 integrum
1256 2102 1398 2149 postea
1427 2113 1511 2138 non
1545 2099 1691 2138 fuisset
1722 2100 1936 2140 demutare

334 2154 567 2203 quicquam,
590 2155 676 2192 imo
696 2155 742 2193 in
757 2158 829 2193 tuo
845 2156 928 2193 iam
943 2155 1091 2193 fuisset
1109 2154 1282 2192 arbitrio
1301 2154 1403 2192 rude
1423 2166 1468 2192 ac
1484 2154 1668 2192 deforme
1683 2167 1786 2204 opus
1804 2155 1936 2204 publi-

275 2222 316 2256 70
333 2221 423 2246 care
443 2222 573 2258 quum
595 2209 735 2248 velles.
795 2210 943 2259 Itaque
962 2222 1040 2256 me,
1063 2209 1171 2258 quod
1193 2209 1310 2246 nulla
1335 2222 1420 2246 non
1439 2210 1526 2246 arte
1550 2208 1732 2257 parabas,
1754 2209 1933 2258 symiam
1989 2209 1990 2214 ’

332 2263 500 2301 fecisses
519 2276 564 2300 ac
584 2263 769 2302 fabulam
788 2264 927 2313 vulgo.

387 2317 497 2355 Voce
516 2317 686 2367 quidem
715 2331 760 2356 ac
781 2317 945 2368 scriptis
970 2317 1124 2355 multas
1152 2316 1458 2355 Annotationes
1484 2315 1719 2365 impartisse
1746 2330 1825 2364 me,
1847 2330 1931 2355 non

333 2371 434 2409 satis
454 2371 583 2409 miror
602 2375 689 2410 tam
709 2372 998 2422 impudentem
1019 2384 1107 2409 esse
1126 2373 1167 2409 te
1183 2373 1228 2409 vt
1248 2370 1420 2408 inficiari
1436 2370 1581 2420 possis,
1600 2383 1729 2420 quum
1742 2371 1852 2420 apud
1867 2385 1932 2409 me

333 2425 417 2462 sint
437 2426 726 2475 responsiones
745 2428 816 2465 tua
834 2439 962 2464 manu
983 2425 1169 2474 scriptae.
1230 2424 1284 2463 Et
1305 2425 1405 2474 quid
1432 2438 1517 2463 non
1543 2425 1827 2472 ostendissem,
1850 2425 1934 2464 nisi

276 2487 313 2519 75
333 2481 379 2516 tu
399 2492 493 2529 egre
513 2480 681 2518 tulisses
701 2481 874 2519 amicam
895 2480 1170 2518 monitionem
1184 2481 1204 2517 ⁵?
1259 2480 1400 2529 Atque
1421 2479 1462 2516 id
1484 2478 1653 2528 quidem
1673 2479 1936 2518 testabuntur

375 2610 430 2637 40.
454 2599 628 2629 adornare
645 2609 700 2630 me
718 2603 755 2630 E.
925 2609 978 2638 43.
1002 2608 1077 2630 esse
1095 2601 1168 2630 acia.
1188 2610 1218 2629 α.
1390 2608 1443 2637 49.
1469 2598 1575 2628 vuius
1594 2608 1624 2634 α,
1644 2599 1794 2633 adfinem
1808 2607 1932 2629 Tersas:

333 2643 440 2673 vnius
456 2643 606 2673 interim
623 2646 660 2673 E.
796 2652 905 2682 queso
922 2654 962 2675 a:
987 2651 1117 2682 quaeso
1134 2644 1169 2673 te
1186 2644 1224 2672 E.

376 2774 429 2804 55.
455 2766 595 2804 praeter
619 2763 705 2804 duo]
730 2764 927 2804 Evidently
951 2763 1100 2794 Winch-
1168 2764 1205 2793 to
1230 2761 1337 2801 apply
1360 2763 1396 2792 to
1419 2762 1509 2794 him.
1558 2761 1626 2793 For
1648 2763 1688 2792 in
1711 2762 1802 2792 view
1818 2761 1857 2792 of
1875 2761 1934 2792 his

333 2810 455 2838 combe
467 2808 537 2838 and
551 2808 601 2839 St.
615 2808 718 2846 Mai-y
729 2808 882 2847 Overey3
900 2817 956 2837 see
974 2806 1011 2838 11.
1026 2816 1097 2846 150,
1169 2805 1388 2844 subsequent
1410 2805 1580 2837 relations
1600 2806 1691 2836 with
1713 2805 1780 2836 Lee
1803 2804 1875 2836 and
1899 2806 1938 2835 of
1980 2823 1982 2859 Ι

337 2861 462 2890 152nn.
1170 2849 1266 2880 Lee’s
1282 2850 1500 2879 connexions
1521 2849 1611 2880 with
1633 2849 1730 2879 Kent
1750 2849 1821 2879 and
1843 2848 1933 2879 Lon-

434 2894 618 2935 Alterum]
664 2893 752 2924 This
800 2893 1019 2932 description
1069 2894 1099 2923 is
1167 2893 1248 2931 don,
1275 2893 1488 2923 Southwark
1512 2892 1634 2923 rather
1664 2892 1756 2923 than
1786 2891 1933 2923 Winch-

331 2939 436 2978 given
468 2939 560 2969 later
590 2938 644 2968 for
674 2937 824 2968 Linsted
849 2938 887 2967 of
914 2938 964 2968 St.
997 2936 1099 2975 Mai-y
1167 2936 1288 2967 combe
1304 2935 1424 2967 would
1442 2937 1484 2967 be
1500 2935 1615 2976 likely
1631 2937 1667 2966 to
1689 2945 1789 2967 serve
1812 2935 1880 2966 Lee
1895 2945 1934 2966 as
1979 2950 1980 2954 =

331 2982 470 3022 Overey
494 2982 533 3022 (l.
556 2981 681 3021 152n);
709 2981 773 3011 but
797 2980 858 3010 the
882 2980 1098 3011 alternative
1167 2990 1186 3010 a
1202 2979 1303 3019 place
1320 2979 1358 3010 of
1369 2979 1518 3020 deposit.

331 3026 551 3066 description
577 3025 660 3056 here
686 3024 800 3064 might
825 3024 898 3054 also
922 3025 963 3054 be
988 3023 1094 3054 taken
1208 3023 1261 3053 66.
1289 3021 1571 3064 exasciatumue]
1585 3022 1636 3054 Cf.
1655 3022 1837 3053 Plautia.
1852 3023 1928 3061 360.
