1990 3353
114 122 240 177 1126]
601 125 671 163 To
710 123 1000 162 HERMANN
1039 121 1232 161 BUSCH
1635 120 1717 158 313

111 231 239 273 fuerit
268 247 349 274 vox
377 234 722 273 resurrectionis?
779 233 888 271 Nam
919 233 1158 282 symbolum
1187 232 1286 271 fidei
1319 231 1580 270 Christianae
1617 230 1718 268 dum

111 288 332 337 profitetur
350 289 694 328 resurrectionem
715 290 994 334 mortuorum,
1014 300 1118 325 num
1138 287 1230 325 ideo
1251 286 1360 336 cogit
1376 298 1521 324 omnes
1536 284 1655 332 mori,
1672 287 1718 322 vt

113 345 367 393 resurgant?
425 342 551 390 Quasi
569 356 668 381 vero
687 342 755 380 lex
774 341 990 391 pontificia
1013 341 1113 380 dum
1140 341 1257 380 iubet
1284 341 1490 390 deponere
1520 339 1713 385 officium,

114 397 180 435 cui
199 398 377 448 contigit
396 398 667 447 episcopatus,
685 396 792 434 illud
812 395 1016 442 senserit3
1049 399 1057 414 ⁶
1072 395 1314 445 Cuicunque
1331 394 1551 444 contigerit
1566 392 1718 442 episco-

113 452 236 501 patus
261 453 428 499 Rmnae,
461 452 498 491 ei
525 453 560 490 si
588 465 672 490 non
696 451 857 498 habeat,
881 450 1115 500 parandum
1141 463 1229 489 esse
1253 450 1435 488 officium
1454 447 1562 498 quod
1586 447 1719 497 possit

111 506 348 556 deponere'.

167 561 326 599 Verum
364 562 436 600 vbi
474 562 671 611 patronus
708 559 778 598 ille
817 571 946 607 1110115,
981 571 1024 597 re
1057 560 1145 598 tota
1178 558 1357 597 dilucide
1390 557 1621 607 explanata,
1659 556 1719 594 sic

113 614 300 653 hominis
319 616 596 655 stoliditatem
615 614 745 653 oculis
770 613 961 652 omnium
985 613 1227 652 subiecisset
1249 616 1296 651 vt
1322 612 1464 650 idiotis
1489 624 1652 661 quoque
1677 613 1719 649 et

113 669 374 708 mulierculis
400 671 510 708 esset
531 669 798 719 perspicuum
826 668 932 707 nihil
961 681 1049 707 esse
1075 671 1290 717 peccatum
1315 680 1339 705 a
1366 666 1497 713 nobis,
1528 678 1602 704 nec
1628 666 1717 715 ipse

111 724 340 774 theologus,
377 726 573 774 quamuis
605 723 771 771 effrons,
808 723 978 762 haberet
1016 723 1126 772 quod
1159 724 1302 760 contra
1332 721 1533 766 hisceret;
1576 722 1718 758 tamen

112 777 311 828 quoniam
339 779 458 818 iuxta
486 778 659 817 Luciani
686 780 952 827 praeceptum
981 777 1262 816 arbitrabatur
1289 776 1448 826 αἰσχρὸν
1477 777 1633 821 σιωπᾶν,
1665 787 1718 812 110

111 833 264 871 tacitus
294 834 469 871 omnino
497 833 726 883 porrigeret
754 832 941 879 herbam,
970 834 1105 870 fassus
1133 833 1196 869 est
1226 843 1314 869 esse
1341 842 1503 874 verum,
1537 831 1577 866 et
1610 829 1718 867 hanc

111 886 334 926 lectionem
389 887 590 926 recenseri
641 900 665 925 a
714 887 928 925 veteribus
977 886 1228 932 orthodoxis,
1278 887 1320 923 et
1369 883 1619 923 nominatim
1667 882 1720 921 ab

114 940 401 992 Hieronymo.
441 942 534 981 ‘sed
562 942 664 980 hoc’
689 941 828 991 inquit
859 942 1166 990 ‘Hieronymus
1195 939 1380 989 reposuit
1410 952 1459 977 ex
1490 937 1716 976 Hebraeo'.

113 996 317 1035 Audierat
332 998 397 1035 vir
411 997 598 1046 egregius
611 995 923 1045 Hieronymum
943 996 1145 1046 quaedam
1162 1008 1213 1033 ex
1229 995 1515 1033 Hebraeorum
1531 992 1720 1030 fontibus

112 1051 345 1089 restituisse
370 1052 414 1089 in
434 1051 584 1090 Vetere
611 1050 891 1098 Testamento,
920 1055 962 1089 et
988 1051 1161 1101 putabat
1187 1050 1300 1088 idem
1327 1047 1480 1087 habere
1507 1048 1647 1086 locum
1674 1046 1719 1084 in

111 1104 302 1144 Paulinis
322 1106 535 1155 Epistolis.

167 1160 273 1198 Eam
293 1174 438 1199 vocem
455 1159 662 1198 Standicii
681 1172 766 1198 non
785 1173 933 1209 passus
952 1163 1013 1198 est
1033 1159 1168 1209 perire
1197 1157 1357 1197 coelebs
1386 1157 1458 1195 ille
1485 1156 1715 1205 theologus,

113 1214 232 1253 cuius
270 1227 395 1265 supia
433 1214 621 1253 memini
697 1213 775 1252 Sed
819 1215 937 1253 flexis
975 1213 1172 1252 nonnihil
1209 1212 1386 1263 genibus
1425 1225 1470 1250 ac
1508 1210 1720 1260 praefatus

114 1268 330 1318 honorem,
364 1269 486 1320 idque
521 1271 682 1318 piwaetel
716 1282 876 1307 morem
911 1282 1046 1313 suum,
1084 1269 1276 1316 ‘Quaeso,
1310 1266 1534 1305 r·eue1ende
1569 1264 1719 1303 Pater'

113 1323 264 1372 inquit,
290 1326 365 1362 ‘ne
392 1337 562 1373 grauere
594 1326 778 1372 repetere
803 1323 925 1362 nobis
953 1324 1063 1373 quod
1092 1323 1216 1361 modo
1242 1322 1414 1360 dicebas.
1476 1320 1583 1357 Nam
1605 1332 1719 1357 eram

113 1390 262 1427 parum
282 1379 491 1417 attentus'
494 1408 502 1416 .
561 1377 642 1416 Ille
663 1377 859 1416 stolidam
874 1391 1016 1416 vocem
1038 1378 1190 1416 clarius
1209 1377 1338 1414 etiam
1357 1389 1402 1414 30
1422 1374 1613 1425 pluribus
1632 1387 1720 1412 ver-

113 1432 178 1471 bis
198 1432 470 1482 deprompsit,
485 1433 652 1471 laudem
673 1432 857 1481 opimam
874 1446 923 1470 ex
939 1446 986 1470 eo
1007 1433 1118 1470 dicto
1138 1432 1219 1470 sibi
1234 1431 1445 1480 pollicens.
1505 1428 1587 1466 Hic
1603 1428 1719 1471 alter,

116 1500 197 1536 quo
220 1487 408 1525 redderet
435 1501 580 1526 omnes
610 1487 744 1535 magis
774 1489 970 1533 attentos,
998 1486 1151 1525 ‘Haud
1181 1486 1297 1524 leue’
1318 1484 1454 1534 inquit
1481 1483 1721 1532 ‘proposuit

113 1545 408 1591 argumentum
443 1543 490 1580 R.
528 1542 576 1579 P.
636 1541 715 1579 Sed
755 1543 899 1579 tamen
938 1554 1107 1579 conarer
1145 1539 1343 1579 nonnihil
1383 1538 1641 1587 respondere,
1685 1537 1721 1575 si

116 1596 240 1634 modo
270 1597 406 1646 regiae
434 1595 644 1635 maiestati
677 1609 761 1634 non
795 1598 903 1634 esset
937 1596 1162 1634 molestum
1193 1595 1334 1632 audire
1349 1595 1368 1632 ⁵.
1429 1593 1525 1631 Mox
1560 1591 1721 1641 Regina

114 1650 315 1689 vellicans
335 1651 493 1701 Regem
514 1650 636 1689 iussit
655 1651 898 1688 auscultare.
958 1651 1068 1688 Tum
1093 1650 1164 1688 ille
1191 1650 1250 1688 sic
1269 1648 1393 1687 vultu
1416 1647 1645 1696 composito
1674 1649 1721 1684 vt

114 1705 415 1754 cogitabundus
430 1708 470 1744 et
485 1704 681 1744 nonnihil
696 1705 918 1755 perplexus
934 1705 1153 1753 videret-ur,
1179 1706 1187 1722 ⁴
1204 1703 1397 1742 Profecto
1411 1703 1419 1717 ’
1441 1701 1591 1751 inquit,
1613 1702 1621 1718 ‘
1636 1714 1721 1738 non

113 1759 216 1797 satis
234 1760 353 1798 video
375 1760 528 1810 quibus
554 1759 785 1799 rationibus
810 1759 880 1798 isti
905 1761 1154 1809 argumento
1177 1758 1307 1808 possit
1336 1756 1506 1804 occurri,
1529 1757 1602 1794 aut
1622 1755 1720 1805 quid

114 1815 353 1863 responderi
383 1815 532 1854 debeat
565 1828 639 1864 pro
669 1814 801 1863 ipsius
827 1814 1043 1864 dignitate.
1101 1813 1244 1862 Neque
1277 1812 1391 1850 enim
1422 1811 1568 1860 opinor
1597 1810 1644 1849 R.
1673 1810 1721 1847 P.

115 1869 349 1918 vsqueadeo
388 1869 562 1908 delirare
600 1872 648 1908 vt
685 1869 899 1907 existimet
937 1882 1005 1906 eas
1044 1868 1242 1918 epistolas
1289 1866 1476 1916 primum
1515 1864 1722 1903 Hebraice

115 1923 290 1972 scriptas
310 1923 450 1971 fuisse,
474 1937 568 1962 cum
589 1924 706 1974 pueri
726 1930 888 1974 quoque
908 1923 1041 1961 sciant
1062 1936 1086 1960 a
1107 1922 1238 1960 Paulo
1260 1921 1413 1960 Graece
1428 1919 1603 1968 scriptas
1617 1932 1718 1957 esse.

116 1977 233 2025 Quod
255 1980 395 2016 autem
415 1978 560 2017 fuisset
579 1979 686 2018 illud
704 1977 957 2028 Hieronymi
977 1977 1201 2015 consilium
1216 1989 1267 2014 ex
1283 1974 1486 2014 Hebraeis
1498 1973 1722 2012 volumini·

117 2030 196 2070 bus
225 2033 428 2072 mutantis
457 2033 670 2082 publicam
698 2033 933 2080 lectionem,
963 2045 1059 2070 cum
1089 2045 1140 2069 ex
1168 2031 1355 2069 fontibus
1385 2029 1426 2067 id
1457 2029 1547 2066 fieri
1576 2028 1718 2075 soleat,

115 2098 294 2136 cumque
314 2099 436 2126 nemo
456 2090 633 2127 testetur
650 2089 727 2127 has
748 2087 943 2137 epistolas
963 2087 1040 2124 vlli
1060 2087 1171 2124 visas
1199 2084 1406 2123 Hebraice
1436 2082 1689 2131 descriptas
1676 2081 1722 2109 ‘2’

117 2142 259 2190 Atque
277 2154 367 2180 eam
389 2155 478 2180 rem
498 2143 600 2181 satis
620 2156 692 2192 per
715 2156 758 2181 se
777 2142 952 2180 stultam
979 2144 1102 2190 atque
1126 2139 1349 2178 absurdam
1377 2139 1434 2176 sic
1460 2136 1641 2183 iterauit,
1665 2136 1723 2174 sic

118 2194 341 2244 impressit,
359 2196 420 2234 sic
440 2197 590 2245 infixit,
614 2197 674 2236 sic
694 2196 934 2239 inculcauit,
954 2198 1002 2233 vt
1023 2196 1108 2233 Rex
1126 2208 1198 2244 pro
1215 2208 1289 2232 sua
1302 2193 1434 2231 nobili
1448 2191 1723 2236 humanitate,

117 2248 318 2288 misertus
348 2253 487 2290 tantae
521 2252 764 2290 stoliditatis
796 2251 905 2300 apud
940 2250 1043 2288 tales
1074 2250 1185 2287 viros
1216 2248 1412 2298 proditae,
1450 2247 1506 2284 sic
1537 2245 1724 2283 hominis

118 2303 268 2353 pudori
288 2308 542 2344 succurreret
561 2308 607 2344 vt
627 2306 708 2344 alio
727 2318 873 2344 versus
893 2304 1106 2342 diuersum
1136 2315 1371 2342 sermonem
1393 2300 1596 2339 iniecerit.
1656 2299 1722 2337 Sic

120 2357 398 2408 triumphauit
418 2360 689 2399 Standicius
678 2374 723 2398 in
744 2360 880 2410 primo
901 2359 1044 2408 capite.
1104 2359 1164 2396 De
1186 2356 1355 2406 reliquis
1376 2356 1492 2393 nulla
1513 2354 1684 2392 mentio.

175 2412 252 2450 Dic
279 2413 385 2451 mihi
414 2427 488 2463 per
513 2414 666 2462 Musas,
694 2415 850 2476 optime
873 2413 1126 2460 Β1150111,311
1154 2414 1276 2461 putas
1295 2410 1431 2448 vllum
1456 2408 1616 2447 facinus
1634 2421 1723 2447 0550

117 2466 228 2516 quod
259 2467 329 2506 isti
363 2481 450 2506 non
485 2470 573 2507 sint
601 2469 881 2515 31151111,ου111
912 2481 996 2506 non
1027 2469 1248 2505 v··e1eantu1
1276 2465 1470 2515 perfricta
1498 2464 1635 2501 fronte
1664 2462 1724 2501 sic

1141 2567 1211 2598 168.
1238 2568 1295 2597 H:
1319 2566 1473 2597 Graecae
1490 2569 1526 2597 F.

164 2579 235 2609 157.
263 2580 411 2610 grauate
428 2575 468 2603 N.
679 2573 736 2602 H:
761 2571 960 2602 Hebraicac
978 2572 1014 2600 F.
1651 2573 1721 2601 171·

116 2616 171 2645 H.
198 2614 396 2645 Hebraicae
412 2618 448 2646 F.

583 2572 655 2610 167.

167 2732 238 2762 147.
266 2723 432 2765 Luciani]
459 2723 509 2755 Cf.
533 2726 637 2762 Δάας.
660 2724 754 2762 1604,
774 2723 885 2763 citing

120 2768 190 2798 Cic.
214 2771 278 2798 Ate
299 2769 330 2798 6.
350 2768 370 2797 8
393 2767 466 2798 and
488 2770 526 2798 de
551 2769 634 2798 Orat.
662 2776 772 2806 3.35.
803 2776 885 2805 141:

118 2811 213 2842 from
229 2811 351 2841 which
377 2811 440 2841 the
464 2811 582 2841 words
604 2811 694 2841 have
718 2811 808 2841 been
832 2821 886 2841 as-

119 2855 240 2885 cribed
266 2858 303 2885 to
328 2855 410 2885 Eur.
438 2857 579 2894 Philoct„
602 2854 646 2885 fr.
673 2854 703 2884 8.
737 2854 884 2893 Lucian,

119 2901 206 2929 Rhet.
227 2908 344 2937 praeca,
368 2899 484 2937 18-20‚
501 2898 600 2938 gives
620 2898 681 2928 the
703 2907 805 2928 sense
822 2899 886 2929 but

117 2944 181 2973 not
196 2942 258 2973 the
274 2941 403 2972 words.

168 2995 240 3025 151.
259 2986 316 3015 vix·
331 2984 508 3026 egregius]
528 2985 573 3015 In
589 2985 665 3015 this
681 2985 885 3015 connexion

119 3029 162 3060 A.
178 3030 216 3061 G.
244 3029 353 3060 Littlc:
373 3032 445 3068 (The
465 3032 540 3065 (ἶνες)
565 3031 674 3059 Friars
698 3032 733 3059 in
759 3030 883 3068 Oxsorcl,

955 2722 1058 2753 OHS.
1095 2731 1152 2761 xx,
1189 2722 1282 2761 1891,
1316 2731 1348 2760 p.
1381 2721 1460 2761 273)
1497 2720 1657 2752 remarks
1689 2719 1728 2749 of

955 2765 1152 2797 Standish:
1181 2768 1188 2781 ‘
1205 2765 1272 2795 His
1296 2765 1445 2804 bequest
1462 2765 1500 2794 of
1519 2766 1567 2803 35
1592 2764 1628 2794 to
1655 2764 1724 2801 huy

956 2809 1064 2840 books
1081 2810 1135 2839 for
1152 2809 1213 2839 the
1230 2808 1362 2839 Oxford
1387 2809 1631 2845 Franciscans,
1650 2807 1723 2837 and

956 2854 1014 2884 his
1039 2853 1291 2892 appointment
1319 2852 1356 2883 of
1379 2854 1449 2882 two
1474 2853 1659 2882 executors
1688 2853 1724 2880 to

955 2897 1149 2928 distribute
1160 2896 1216 2926 his
1227 2906 1307 2926 own
1320 2896 1467 2935 library,
1479 2894 1607 2926 should
1621 2894 1724 2924 make

955 2951 996 2971 us
1014 2940 1167 2970 hesitatc
1191 2942 1227 2970 to
1247 2942 1368 2980 accept
1389 2938 1645 2977 unroservedly
1662 2938 1724 2967 the

955 2985 1085 3023 charge
1133 2983 1172 3013 of
1214 2993 1311 3022 gross
1359 2984 1551 3023 ignorance
1603 2981 1723 3011 which

956 3029 1127 3058 Erasmus
1145 3027 1267 3066 brings
1283 3027 1421 3067 against
1441 3027 1517 3057 him
1530 3025 1550 3056 ‘.

1740 409 1802 440 140

1739 682 1799 715 145

1741 957 1805 988 150

1743 1224 1801 1256 155

1743 1485 1805 1518 160

1744 1762 1804 1802 165

1745 2313 1804 2345 175
