<?xml version="1.0" encoding="UTF-8"?>
<!DOCTYPE html PUBLIC "-//W3C//DTD XHTML 1.0 Transitional//EN"
    "http://www.w3.org/TR/xhtml1/DTD/xhtml1-transitional.dtd">
<html xmlns="http://www.w3.org/1999/xhtml" xml:lang="en" lang="en">
 <head>
  <title>
</title>
<meta http-equiv="Content-Type" content="text/html;charset=utf-8" />
  <meta name='ocr-system' content='tesseract 3.04.00' />
  <meta name='ocr-capabilities' content='ocr_page ocr_carea ocr_par ocr_line ocrx_word'/>
</head>
<body>
  <div class='ocr_page' id='page_1' title='image "./opusepistolarumd04erasuoft_0261.png"; bbox 0 0 1990 3353; ppageno 0'>
   <div class='ocr_carea' id='block_1_1' title="bbox 78 136 1678 190">
    <p class='ocr_par' dir='ltr' id='par_1_1' title="bbox 78 136 1678 190">
     <span class='ocr_line' id='line_1_1' title="bbox 78 136 1678 190; baseline 0.006 -15"><span class='ocrx_word' id='word_1_1' title='bbox 78 136 199 190; x_wconf 86' lang='lat'><em>1086]</em></span> <span class='ocrx_word' id='word_1_2' title='bbox 573 140 642 179; x_wconf 90' lang='grc' dir='ltr'>ΤΟ</span> <span class='ocrx_word' id='word_1_3' title='bbox 680 140 906 179; x_wconf 88' lang='lat' dir='ltr'><strong>MARTIN</strong></span> <span class='ocrx_word' id='word_1_4' title='bbox 943 139 1187 181; x_wconf 86' lang='lat' dir='ltr'>LYPSIUS</span> <span class='ocrx_word' id='word_1_5' title='bbox 1599 145 1678 184; x_wconf 84' lang='lat'>217</span> 
     </span>
    </p>
   </div>
   <div class='ocr_carea' id='block_1_2' title="bbox 70 260 1681 408">
    <p class='ocr_par' dir='ltr' id='par_1_2' title="bbox 70 260 1681 408">
     <span class='ocr_line' id='line_1_2' title="bbox 74 260 1681 312; baseline 0.003 -13"><span class='ocrx_word' id='word_1_6' title='bbox 74 260 230 299; x_wconf 84' lang='lat' dir='ltr'>scribat</span> <span class='ocrx_word' id='word_1_7' title='bbox 266 260 419 311; x_wconf 87' lang='lat' dir='ltr'>Ioseph</span> <span class='ocrx_word' id='word_1_8' title='bbox 463 260 658 300; x_wconf 88' lang='lat' dir='ltr'>habuisse</span> <span class='ocrx_word' id='word_1_9' title='bbox 701 261 806 300; x_wconf 84' lang='lat' dir='ltr'>duos</span> <span class='ocrx_word' id='word_1_10' title='bbox 849 263 999 312; x_wconf 86' lang='lat' dir='ltr'>patres,</span> <span class='ocrx_word' id='word_1_11' title='bbox 1045 262 1171 301; x_wconf 84' lang='lat' dir='ltr'>Iacob</span> <span class='ocrx_word' id='word_1_12' title='bbox 1213 263 1445 302; x_wconf 79' lang='lat' dir='ltr'>naturalem</span> <span class='ocrx_word' id='word_1_13' title='bbox 1493 266 1534 303; x_wconf 89' lang='lat' dir='ltr'>et</span> <span class='ocrx_word' id='word_1_14' title='bbox 1581 265 1681 304; x_wconf 91' lang='lat' dir='ltr'>Heli</span> 
     </span>
     <span class='ocr_line' id='line_1_3' title="bbox 73 315 1680 365; baseline 0.003 -12"><span class='ocrx_word' id='word_1_15' title='bbox 73 315 329 365; x_wconf 84' lang='lat' dir='ltr'>adoptiuum,</span> <span class='ocrx_word' id='word_1_16' title='bbox 352 328 399 354; x_wconf 88' lang='lat' dir='ltr'>ac</span> <span class='ocrx_word' id='word_1_17' title='bbox 418 315 558 354; x_wconf 91' lang='lat' dir='ltr'>locum</span> <span class='ocrx_word' id='word_1_18' title='bbox 577 317 769 354; x_wconf 89' lang='lat' dir='ltr'>notatum</span> <span class='ocrx_word' id='word_1_19' title='bbox 787 315 838 354; x_wconf 90' lang='lat' dir='ltr'>ad</span> <span class='ocrx_word' id='word_1_20' title='bbox 858 328 926 354; x_wconf 90' lang='lat' dir='ltr'>me</span> <span class='ocrx_word' id='word_1_21' title='bbox 949 316 1137 365; x_wconf 90' lang='lat' dir='ltr'>mittito;</span> <span class='ocrx_word' id='word_1_22' title='bbox 1166 329 1265 356; x_wconf 86' lang='lat' dir='ltr'>nam</span> <span class='ocrx_word' id='word_1_23' title='bbox 1293 317 1358 356; x_wconf 91' lang='lat' dir='ltr'>die</span> <span class='ocrx_word' id='word_1_24' title='bbox 1385 318 1532 357; x_wconf 87' lang='lat' dir='ltr'>Martis</span> <span class='ocrx_word' id='word_1_25' title='bbox 1555 332 1680 358; x_wconf 86' lang='lat' dir='ltr'>mane</span> 
     </span>
     <span class='ocr_line' id='line_1_4' title="bbox 70 369 695 408; baseline 0 -1"><span class='ocrx_word' id='word_1_26' title='bbox 70 371 135 408; x_wconf 91' lang='lat' dir='ltr'>est</span> <span class='ocrx_word' id='word_1_27' title='bbox 153 369 403 408; x_wconf 90' lang='lat' dir='ltr'>abeundum.</span> <span class='ocrx_word' id='word_1_28' title='bbox 462 369 575 408; x_wconf 89' lang='lat' dir='ltr'>Bene</span> <span class='ocrx_word' id='word_1_29' title='bbox 594 369 695 408; x_wconf 85' lang='lat' dir='ltr'>vale.</span> 
     </span>
    </p>
   </div>
   <div class='ocr_carea' id='block_1_3' title="bbox 516 570 1239 616">
    <p class='ocr_par' dir='ltr' id='par_1_3' title="bbox 516 570 1239 616">
     <span class='ocr_line' id='line_1_5' title="bbox 516 570 1239 616; baseline 0.007 -5"><span class='ocrx_word' id='word_1_30' title='bbox 516 571 639 612; x_wconf 87' lang='lat'>1087.</span> <span class='ocrx_word' id='word_1_31' title='bbox 700 570 832 613; x_wconf 81' lang='lat' dir='ltr'><strong>FROM</strong></span> <span class='ocrx_word' id='word_1_32' title='bbox 864 571 1059 614; x_wconf 86' lang='lat' dir='ltr'>THOMAS</span> <span class='ocrx_word' id='word_1_33' title='bbox 1090 572 1239 616; x_wconf 69' lang='lat' dir='ltr'>Mons.</span> 
     </span>
    </p>
   </div>
   <div class='ocr_carea' id='block_1_4' title="bbox 123 683 1630 794">
    <p class='ocr_par' dir='ltr' id='par_1_4' title="bbox 123 683 1630 794">
     <span class='ocr_line' id='line_1_6' title="bbox 123 683 1581 737; baseline 0.005 -19"><span class='ocrx_word' id='word_1_34' title='bbox 123 683 221 719; x_wconf 86' lang='lat' dir='ltr'>Mori</span> <span class='ocrx_word' id='word_1_35' title='bbox 239 684 535 721; x_wconf 88' lang='lat' dir='ltr'>Lucubrationes</span> <span class='ocrx_word' id='word_1_36' title='bbox 552 697 587 730; x_wconf 88' lang='lat' dir='ltr'>p.</span> <span class='ocrx_word' id='word_1_37' title='bbox 608 695 677 730; x_wconf 81' lang='lat'>429</span> <span class='ocrx_word' id='word_1_38' title='bbox 697 685 760 730; x_wconf 78' lang='lat' dir='ltr'>(a).</span> <span class='ocrx_word' id='word_1_39' title='bbox 1270 687 1518 734; x_wconf 84' lang='lat' dir='ltr'>(Greenwich</span> <span class='ocrx_word' id='word_1_40' title='bbox 1538 689 1581 737; x_wconf 86' lang='lat'>‘?&gt;</span> 
     </span>
     <span class='ocr_line' id='line_1_7' title="bbox 124 743 1630 794; baseline 0.003 -16"><span class='ocrx_word' id='word_1_41' title='bbox 124 743 240 779; x_wconf 85' lang='lat' dir='ltr'>Lond.</span> <span class='ocrx_word' id='word_1_42' title='bbox 262 743 355 779; x_wconf 90' lang='lat' dir='ltr'>Mor.</span> <span class='ocrx_word' id='word_1_43' title='bbox 379 754 393 780; x_wconf 94' lang='lat'>1</span> <span class='ocrx_word' id='word_1_44' title='bbox 411 757 419 780; x_wconf 92' lang='lat'>:</span> <span class='ocrx_word' id='word_1_45' title='bbox 446 744 574 780; x_wconf 85' lang='lat' dir='ltr'>Jortin</span> <span class='ocrx_word' id='word_1_46' title='bbox 592 744 631 779; x_wconf 93' lang='lat' dir='ltr'>ii.</span> <span class='ocrx_word' id='word_1_47' title='bbox 652 746 733 790; x_wconf 84' lang='lat'><strong>384.</strong></span> <span class='ocrx_word' id='word_1_48' title='bbox 1192 744 1482 793; x_wconf 83' lang='lat' dir='ltr'>&lt;March-April</span> <span class='ocrx_word' id='word_1_49' title='bbox 1504 747 1630 794; x_wconf 85' lang='lat'>1520.)</span> 
     </span>
    </p>
   </div>
   <div class='ocr_carea' id='block_1_5' title="bbox 72 835 1681 1490">
    <p class='ocr_par' dir='ltr' id='par_1_5' title="bbox 72 835 1681 1490">
     <span class='ocr_line' id='line_1_8' title="bbox 121 835 1679 881; baseline 0.003 -15"><span class='ocrx_word' id='word_1_50' title='bbox 121 835 234 877; x_wconf 80' lang='lat' dir='ltr'>[First</span> <span class='ocrx_word' id='word_1_51' title='bbox 256 836 412 877; x_wconf 78' lang='lat' dir='ltr'>printed,</span> <span class='ocrx_word' id='word_1_52' title='bbox 437 837 530 867; x_wconf 87' lang='lat' dir='ltr'>with</span> <span class='ocrx_word' id='word_1_53' title='bbox 557 846 667 877; x_wconf 84' lang='lat' dir='ltr'>many</span> <span class='ocrx_word' id='word_1_54' title='bbox 688 836 938 878; x_wconf 84' lang='lat' dir='ltr'>inaccuracies‚</span> <span class='ocrx_word' id='word_1_55' title='bbox 965 837 1004 868; x_wconf 90' lang='lat' dir='ltr'>in</span> <span class='ocrx_word' id='word_1_56' title='bbox 1029 837 1157 869; x_wconf 78' lang='lat' dir='ltr'>More’s</span> <span class='ocrx_word' id='word_1_57' title='bbox 1180 841 1431 878; x_wconf 72' lang='lat' dir='ltr'>LucubrationeS,</span> <span class='ocrx_word' id='word_1_58' title='bbox 1456 839 1570 879; x_wconf 83' lang='lat' dir='ltr'>Basle,</span> <span class='ocrx_word' id='word_1_59' title='bbox 1596 840 1679 881; x_wconf 87' lang='lat' dir='ltr'>Epi-</span> 
     </span>
     <span class='ocr_line' id='line_1_9' title="bbox 75 879 1679 925; baseline 0.003 -16"><span class='ocrx_word' id='word_1_60' title='bbox 75 879 225 919; x_wconf 74' lang='lat' dir='ltr'>scopius,</span> <span class='ocrx_word' id='word_1_61' title='bbox 247 882 339 919; x_wconf 85' lang='lat'>1563,</span> <span class='ocrx_word' id='word_1_62' title='bbox 353 881 400 919; x_wconf 88' lang='lat'>8⁰,</span> <span class='ocrx_word' id='word_1_63' title='bbox 417 880 505 911; x_wconf 83' lang='lat' dir='ltr'>with</span> <span class='ocrx_word' id='word_1_64' title='bbox 518 881 580 912; x_wconf 88' lang='lat' dir='ltr'>the</span> <span class='ocrx_word' id='word_1_65' title='bbox 594 880 769 921; x_wconf 83' lang='lat' dir='ltr'>marginal</span> <span class='ocrx_word' id='word_1_66' title='bbox 783 883 867 912; x_wconf 87' lang='lat' dir='ltr'>note</span> <span class='ocrx_word' id='word_1_67' title='bbox 886 881 894 897; x_wconf 86' lang='lat'>‘</span> <span class='ocrx_word' id='word_1_68' title='bbox 905 883 941 912; x_wconf 90' lang='lat' dir='ltr'>et</span> <span class='ocrx_word' id='word_1_69' title='bbox 954 881 1042 912; x_wconf 88' lang='lat' dir='ltr'>haec</span> <span class='ocrx_word' id='word_1_70' title='bbox 1055 891 1152 913; x_wconf 88' lang='lat' dir='ltr'>nunc</span> <span class='ocrx_word' id='word_1_71' title='bbox 1165 882 1324 922; x_wconf 89' lang='lat' dir='ltr'>primum</span> <span class='ocrx_word' id='word_1_72' title='bbox 1337 883 1434 914; x_wconf 84' lang='lat' dir='ltr'>edita</span> <span class='ocrx_word' id='word_1_73' title='bbox 1446 883 1453 894; x_wconf 86' lang='lat'><em>&#39;</em></span> <span class='ocrx_word' id='word_1_74' title='bbox 1471 895 1478 914; x_wconf 74' lang='lat' dir='ltr'>z</span> <span class='ocrx_word' id='word_1_75' title='bbox 1494 883 1679 925; x_wconf 84' lang='lat' dir='ltr'>following</span> 
     </span>
     <span class='ocr_line' id='line_1_10' title="bbox 78 922 1679 966; baseline 0.003 -12"><span class='ocrx_word' id='word_1_76' title='bbox 78 922 205 954; x_wconf 86' lang='lat' dir='ltr'>More&#39;s</span> <span class='ocrx_word' id='word_1_77' title='bbox 235 924 345 955; x_wconf 88' lang='lat' dir='ltr'>letter</span> <span class='ocrx_word' id='word_1_78' title='bbox 375 926 412 955; x_wconf 89' lang='lat' dir='ltr'>to</span> <span class='ocrx_word' id='word_1_79' title='bbox 442 925 541 964; x_wconf 86' lang='lat' dir='ltr'>Dorp</span> <span class='ocrx_word' id='word_1_80' title='bbox 569 924 657 965; x_wconf 83' lang='lat' dir='ltr'><strong>(LB.</strong></span> <span class='ocrx_word' id='word_1_81' title='bbox 686 925 778 964; x_wconf 90' lang='lat' dir='ltr'><strong>App.</strong></span> <span class='ocrx_word' id='word_1_82' title='bbox 806 925 897 964; x_wconf 83' lang='lat'>513),</span> <span class='ocrx_word' id='word_1_83' title='bbox 925 924 1047 955; x_wconf 84' lang='lat' dir='ltr'>which</span> <span class='ocrx_word' id='word_1_84' title='bbox 1076 936 1148 956; x_wconf 88' lang='lat' dir='ltr'>was</span> <span class='ocrx_word' id='word_1_85' title='bbox 1179 926 1254 957; x_wconf 85' lang='lat' dir='ltr'>also</span> <span class='ocrx_word' id='word_1_86' title='bbox 1284 928 1491 966; x_wconf 79' lang='lat' dir='ltr'>‘nunquam</span> <span class='ocrx_word' id='word_1_87' title='bbox 1523 928 1679 959; x_wconf 86' lang='lat' dir='ltr'>antehac</span> 
     </span>
     <span class='ocr_line' id='line_1_11' title="bbox 74 965 1681 1008; baseline 0.003 -10"><span class='ocrx_word' id='word_1_88' title='bbox 74 965 203 998; x_wconf 88' lang='lat' dir='ltr'>edita&#39;.</span> <span class='ocrx_word' id='word_1_89' title='bbox 252 968 481 1008; x_wconf 78' lang='lat' dir='ltr'>Apparently</span> <span class='ocrx_word' id='word_1_90' title='bbox 510 969 657 999; x_wconf 78' lang='lat' dir='ltr'>written</span> <span class='ocrx_word' id='word_1_91' title='bbox 688 978 775 1008; x_wconf 85' lang='lat' dir='ltr'>very</span> <span class='ocrx_word' id='word_1_92' title='bbox 805 978 890 999; x_wconf 87' lang='lat' dir='ltr'>soon</span> <span class='ocrx_word' id='word_1_93' title='bbox 919 967 1011 1000; x_wconf 75' lang='lat' dir='ltr'>after</span> <span class='ocrx_word' id='word_1_94' title='bbox 1041 969 1137 1000; x_wconf 87' lang='lat' dir='ltr'>More</span> <span class='ocrx_word' id='word_1_95' title='bbox 1168 970 1240 1001; x_wconf 83' lang='lat' dir='ltr'>had</span> <span class='ocrx_word' id='word_1_96' title='bbox 1275 980 1360 1001; x_wconf 90' lang='lat' dir='ltr'>seen</span> <span class='ocrx_word' id='word_1_97' title='bbox 1399 971 1462 1001; x_wconf 91' lang='lat' dir='ltr'>the</span> <span class='ocrx_word' id='word_1_98' title='bbox 1494 974 1681 1004; x_wconf 75' lang='lat' dir='ltr'>Antimorus</span> 
     </span>
     <span class='ocr_line' id='line_1_12' title="bbox 79 1010 1676 1055; baseline 0.003 -14"><span class='ocrx_word' id='word_1_99' title='bbox 79 1010 158 1051; x_wconf 86' lang='lat' dir='ltr'>(Ep.</span> <span class='ocrx_word' id='word_1_100' title='bbox 180 1012 291 1051; x_wconf 85' lang='lat'>1045),</span> <span class='ocrx_word' id='word_1_101' title='bbox 319 1012 491 1051; x_wconf 84' lang='lat' dir='ltr'>probably</span> <span class='ocrx_word' id='word_1_102' title='bbox 510 1013 619 1043; x_wconf 89' lang='lat' dir='ltr'>about</span> <span class='ocrx_word' id='word_1_103' title='bbox 643 1012 706 1043; x_wconf 87' lang='lat' dir='ltr'>the</span> <span class='ocrx_word' id='word_1_104' title='bbox 729 1021 826 1043; x_wconf 89' lang='lat' dir='ltr'>same</span> <span class='ocrx_word' id='word_1_105' title='bbox 851 1013 938 1043; x_wconf 88' lang='lat' dir='ltr'>time</span> <span class='ocrx_word' id='word_1_106' title='bbox 964 1022 1002 1043; x_wconf 86' lang='lat' dir='ltr'>as</span> <span class='ocrx_word' id='word_1_107' title='bbox 1027 1013 1074 1043; x_wconf 91' lang='lat' dir='ltr'>he</span> <span class='ocrx_word' id='word_1_108' title='bbox 1102 1014 1291 1053; x_wconf 88' lang='lat' dir='ltr'>composed</span> <span class='ocrx_word' id='word_1_109' title='bbox 1314 1014 1374 1045; x_wconf 85' lang='lat' dir='ltr'>his</span> <span class='ocrx_word' id='word_1_110' title='bbox 1397 1015 1499 1055; x_wconf 86' lang='lat' dir='ltr'>reply</span> <span class='ocrx_word' id='word_1_111' title='bbox 1524 1017 1560 1046; x_wconf 92' lang='lat' dir='ltr'>to</span> <span class='ocrx_word' id='word_1_112' title='bbox 1584 1015 1676 1055; x_wconf 88' lang='lat' dir='ltr'>that,</span> 
     </span>
     <span class='ocr_line' id='line_1_13' title="bbox 79 1056 1680 1099; baseline 0.003 -14"><span class='ocrx_word' id='word_1_113' title='bbox 79 1056 210 1086; x_wconf 75' lang='lat' dir='ltr'>Tlcomae</span> <span class='ocrx_word' id='word_1_114' title='bbox 233 1058 314 1086; x_wconf 76' lang='lat' dir='ltr'>Mori</span> <span class='ocrx_word' id='word_1_115' title='bbox 337 1057 479 1092; x_wconf 76' lang='lat' dir='ltr'>Epistola</span> <span class='ocrx_word' id='word_1_116' title='bbox 504 1059 547 1087; x_wconf 80' lang='lat' dir='ltr'>ad</span> <span class='ocrx_word' id='word_1_117' title='bbox 573 1058 765 1087; x_wconf 72' lang='lat' dir='ltr'>Germanum</span> <span class='ocrx_word' id='word_1_118' title='bbox 788 1058 958 1087; x_wconf 70' lang='lat' dir='ltr'>Brixiam:</span> <span class='ocrx_word' id='word_1_119' title='bbox 982 1059 1044 1097; x_wconf 77' lang='lat' dir='ltr'>qui,</span> <span class='ocrx_word' id='word_1_120' title='bbox 1065 1068 1162 1095; x_wconf 77' lang='lat' dir='ltr'>quum</span> <span class='ocrx_word' id='word_1_121' title='bbox 1185 1061 1293 1088; x_wconf 76' lang='lat' dir='ltr'>Morus</span> <span class='ocrx_word' id='word_1_122' title='bbox 1313 1061 1347 1089; x_wconf 89' lang='lat' dir='ltr'>in</span> <span class='ocrx_word' id='word_1_123' title='bbox 1368 1061 1502 1089; x_wconf 81' lang='lat' dir='ltr'>libellum</span> <span class='ocrx_word' id='word_1_124' title='bbox 1525 1062 1601 1099; x_wconf 73' lang='lat' dir='ltr'>eius,</span> <span class='ocrx_word' id='word_1_125' title='bbox 1622 1070 1680 1098; x_wconf 76' lang='lat' dir='ltr'>qao</span> 
     </span>
     <span class='ocr_line' id='line_1_14' title="bbox 75 1101 1680 1139; baseline 0.004 -11"><span class='ocrx_word' id='word_1_126' title='bbox 75 1101 305 1129; x_wconf 78' lang='lat' dir='ltr'>contumeliosis</span> <span class='ocrx_word' id='word_1_127' title='bbox 328 1102 504 1130; x_wconf 75' lang='lat' dir='ltr'>mendaciis</span> <span class='ocrx_word' id='word_1_128' title='bbox 527 1102 691 1130; x_wconf 77' lang='lat' dir='ltr'>incesserat</span> <span class='ocrx_word' id='word_1_129' title='bbox 716 1101 877 1137; x_wconf 62' lang='lat' dir='ltr'>Angliam,</span> <span class='ocrx_word' id='word_1_130' title='bbox 905 1102 1027 1130; x_wconf 77' lang='lat' dir='ltr'>lusisset</span> <span class='ocrx_word' id='word_1_131' title='bbox 1053 1103 1169 1139; x_wconf 76' lang='lat' dir='ltr'>aliquot</span> <span class='ocrx_word' id='word_1_132' title='bbox 1194 1104 1421 1139; x_wconf 63' lang='lat' dir='ltr'>epigrammata</span> <span class='ocrx_word' id='word_1_133' title='bbox 1446 1105 1541 1133; x_wconf 74' lang='lat' dir='ltr'>annis</span> <span class='ocrx_word' id='word_1_134' title='bbox 1568 1106 1680 1135; x_wconf 78' lang='lat' dir='ltr'>abhinc</span> 
     </span>
     <span class='ocr_line' id='line_1_15' title="bbox 72 1144 1680 1185; baseline 0.003 -13"><span class='ocrx_word' id='word_1_135' title='bbox 72 1144 146 1179; x_wconf 74' lang='lat' dir='ltr'>plus</span> <span class='ocrx_word' id='word_1_136' title='bbox 168 1146 287 1182; x_wconf 74' lang='lat' dir='ltr'>septem,</span> <span class='ocrx_word' id='word_1_137' title='bbox 312 1145 379 1172; x_wconf 86' lang='lat' dir='ltr'>iam</span> <span class='ocrx_word' id='word_1_138' title='bbox 402 1145 487 1173; x_wconf 77' lang='lat' dir='ltr'>inira</span> <span class='ocrx_word' id='word_1_139' title='bbox 509 1146 745 1181; x_wconf 75' lang='lat' dir='ltr'>sesquimensem</span> <span class='ocrx_word' id='word_1_140' title='bbox 768 1146 804 1173; x_wconf 84' lang='lat' dir='ltr'>in</span> <span class='ocrx_word' id='word_1_141' title='bbox 826 1153 955 1174; x_wconf 80' lang='lat' dir='ltr'>summa</span> <span class='ocrx_word' id='word_1_142' title='bbox 982 1147 1157 1182; x_wconf 69' lang='lat' dir='ltr'>Anqlorum</span> <span class='ocrx_word' id='word_1_143' title='bbox 1183 1148 1397 1183; x_wconf 78' lang='lat' dir='ltr'>Gallorumque</span> <span class='ocrx_word' id='word_1_144' title='bbox 1421 1149 1594 1185; x_wconf 80' lang='lat' dir='ltr'>concordia,</span> <span class='ocrx_word' id='word_1_145' title='bbox 1622 1151 1680 1178; x_wconf 82' lang='lat' dir='ltr'>sub</span> 
     </span>
     <span class='ocr_line' id='line_1_16' title="bbox 77 1188 1680 1227; baseline 0.004 -12"><span class='ocrx_word' id='word_1_146' title='bbox 77 1188 184 1223; x_wconf 79' lang='lat' dir='ltr'>ipsam</span> <span class='ocrx_word' id='word_1_147' title='bbox 206 1190 390 1217; x_wconf 74' lang='lat' dir='ltr'>conuentum</span> <span class='ocrx_word' id='word_1_148' title='bbox 408 1190 591 1224; x_wconf 79' lang='lat' dir='ltr'>principum</span> <span class='ocrx_word' id='word_1_149' title='bbox 613 1190 735 1218; x_wconf 74' lang='lat' dir='ltr'>aedidit</span> <span class='ocrx_word' id='word_1_150' title='bbox 756 1190 910 1218; x_wconf 78' lang='lat' dir='ltr'>aduersus</span> <span class='ocrx_word' id='word_1_151' title='bbox 931 1190 1053 1219; x_wconf 82' lang='lat' dir='ltr'>Morum</span> <span class='ocrx_word' id='word_1_152' title='bbox 1074 1191 1220 1227; x_wconf 75' lang='lat' dir='ltr'>libellum,</span> <span class='ocrx_word' id='word_1_153' title='bbox 1241 1194 1295 1227; x_wconf 77' lang='lat' dir='ltr'>qui</span> <span class='ocrx_word' id='word_1_154' title='bbox 1310 1194 1337 1220; x_wconf 75' lang='lat' dir='ltr'>et</span> <span class='ocrx_word' id='word_1_155' title='bbox 1351 1192 1461 1227; x_wconf 78' lang='lat' dir='ltr'>ineptis</span> <span class='ocrx_word' id='word_1_156' title='bbox 1477 1193 1503 1220; x_wconf 78' lang='lat' dir='ltr'>et</span> <span class='ocrx_word' id='word_1_157' title='bbox 1519 1193 1680 1222; x_wconf 72' lang='lat' dir='ltr'>virulentis</span> 
     </span>
     <span class='ocr_line' id='line_1_17' title="bbox 75 1230 1678 1276; baseline 0.004 -18"><span class='ocrx_word' id='word_1_158' title='bbox 75 1232 190 1267; x_wconf 67' lang='lat' dir='ltr'>iurgiis</span> <span class='ocrx_word' id='word_1_159' title='bbox 206 1240 301 1261; x_wconf 77' lang='lat' dir='ltr'>suum</span> <span class='ocrx_word' id='word_1_160' title='bbox 314 1233 451 1267; x_wconf 74' lang='lat' dir='ltr'>infamat</span> <span class='ocrx_word' id='word_1_161' title='bbox 463 1234 632 1271; x_wconf 75' lang='lat' dir='ltr'>authorem,</span> <span class='ocrx_word' id='word_1_162' title='bbox 648 1230 809 1271; x_wconf 83' lang='lat' dir='ltr'>London,</span> <span class='ocrx_word' id='word_1_163' title='bbox 826 1231 971 1271; x_wconf 82' lang='lat' dir='ltr'>Pynson</span> <span class='ocrx_word' id='word_1_164' title='bbox 984 1230 1144 1275; x_wconf 86' lang='lat' dir='ltr'>,&lt;April&gt;</span> <span class='ocrx_word' id='word_1_165' title='bbox 1165 1243 1250 1272; x_wconf 86' lang='lat'><strong>1520</strong></span> <span class='ocrx_word' id='word_1_166' title='bbox 1268 1233 1325 1271; x_wconf 84' lang='lat' dir='ltr'>(cf.</span> <span class='ocrx_word' id='word_1_167' title='bbox 1343 1233 1411 1273; x_wconf 91' lang='lat' dir='ltr'>Ep.</span> <span class='ocrx_word' id='word_1_168' title='bbox 1428 1235 1522 1273; x_wconf 87' lang='lat'>1096.</span> <span class='ocrx_word' id='word_1_169' title='bbox 1540 1234 1678 1276; x_wconf 84' lang='lat'><strong>103—5).</strong></span> 
     </span>
     <span class='ocr_line' id='line_1_18' title="bbox 77 1272 1677 1317; baseline 0.004 -14"><span class='ocrx_word' id='word_1_170' title='bbox 77 1272 151 1304; x_wconf 87' lang='lat' dir='ltr'>The</span> <span class='ocrx_word' id='word_1_171' title='bbox 175 1277 363 1305; x_wconf 73' lang='lat' dir='ltr'>Antimorus</span> <span class='ocrx_word' id='word_1_172' title='bbox 387 1284 434 1305; x_wconf 91' lang='lat' dir='ltr'>no</span> <span class='ocrx_word' id='word_1_173' title='bbox 458 1274 568 1306; x_wconf 86' lang='lat' dir='ltr'>doubt</span> <span class='ocrx_word' id='word_1_174' title='bbox 592 1274 734 1305; x_wconf 86' lang='lat' dir='ltr'>arrived</span> <span class='ocrx_word' id='word_1_175' title='bbox 751 1276 789 1305; x_wconf 89' lang='lat' dir='ltr'>in</span> <span class='ocrx_word' id='word_1_176' title='bbox 808 1275 956 1306; x_wconf 89' lang='lat' dir='ltr'>London</span> <span class='ocrx_word' id='word_1_177' title='bbox 978 1276 1086 1307; x_wconf 82' lang='lat' dir='ltr'>about</span> <span class='ocrx_word' id='word_1_178' title='bbox 1102 1277 1165 1307; x_wconf 88' lang='lat' dir='ltr'>the</span> <span class='ocrx_word' id='word_1_179' title='bbox 1183 1277 1285 1307; x_wconf 87' lang='lat' dir='ltr'>third</span> <span class='ocrx_word' id='word_1_180' title='bbox 1301 1277 1399 1307; x_wconf 89' lang='lat' dir='ltr'>week</span> <span class='ocrx_word' id='word_1_181' title='bbox 1416 1278 1455 1308; x_wconf 91' lang='lat' dir='ltr'>in</span> <span class='ocrx_word' id='word_1_182' title='bbox 1477 1277 1599 1308; x_wconf 85' lang='lat' dir='ltr'>March</span> <span class='ocrx_word' id='word_1_183' title='bbox 1617 1279 1677 1317; x_wconf 78' lang='lat' dir='ltr'>(cf.</span> 
     </span>
     <span class='ocr_line' id='line_1_19' title="bbox 75 1317 1677 1359; baseline 0.004 -13"><span class='ocrx_word' id='word_1_184' title='bbox 75 1326 109 1356; x_wconf 93' lang='lat' dir='ltr'>p.</span> <span class='ocrx_word' id='word_1_185' title='bbox 131 1318 202 1356; x_wconf 88' lang='lat'>128,</span> <span class='ocrx_word' id='word_1_186' title='bbox 223 1318 294 1348; x_wconf 84' lang='lat' dir='ltr'>and</span> <span class='ocrx_word' id='word_1_187' title='bbox 311 1318 374 1358; x_wconf 80' lang='lat' dir='ltr'>Ep.</span> <span class='ocrx_word' id='word_1_188' title='bbox 397 1318 487 1357; x_wconf 90' lang='lat'>1096.</span> <span class='ocrx_word' id='word_1_189' title='bbox 512 1317 544 1358; x_wconf 88' lang='lat'>1)</span> <span class='ocrx_word' id='word_1_190' title='bbox 562 1329 569 1357; x_wconf 88' lang='lat'>;</span> <span class='ocrx_word' id='word_1_191' title='bbox 594 1327 631 1348; x_wconf 89' lang='lat' dir='ltr'>so</span> <span class='ocrx_word' id='word_1_192' title='bbox 648 1317 729 1348; x_wconf 79' lang='lat' dir='ltr'>that</span> <span class='ocrx_word' id='word_1_193' title='bbox 752 1318 828 1350; x_wconf 88' lang='lat' dir='ltr'>this</span> <span class='ocrx_word' id='word_1_194' title='bbox 851 1319 958 1350; x_wconf 87' lang='lat' dir='ltr'>letter</span> <span class='ocrx_word' id='word_1_195' title='bbox 982 1329 1065 1359; x_wconf 71' lang='lat' dir='ltr'>may</span> <span class='ocrx_word' id='word_1_196' title='bbox 1082 1321 1122 1351; x_wconf 92' lang='lat' dir='ltr'>be</span> <span class='ocrx_word' id='word_1_197' title='bbox 1139 1320 1246 1351; x_wconf 83' lang='lat' dir='ltr'>dated</span> <span class='ocrx_word' id='word_1_198' title='bbox 1263 1321 1303 1350; x_wconf 90' lang='lat' dir='ltr'>in</span> <span class='ocrx_word' id='word_1_199' title='bbox 1319 1320 1381 1351; x_wconf 86' lang='lat' dir='ltr'>the</span> <span class='ocrx_word' id='word_1_200' title='bbox 1398 1321 1469 1352; x_wconf 86' lang='lat' dir='ltr'>end</span> <span class='ocrx_word' id='word_1_201' title='bbox 1493 1321 1532 1352; x_wconf 85' lang='lat' dir='ltr'>of</span> <span class='ocrx_word' id='word_1_202' title='bbox 1554 1322 1677 1353; x_wconf 86' lang='lat' dir='ltr'>March</span> 
     </span>
     <span class='ocr_line' id='line_1_20' title="bbox 76 1360 1674 1406; baseline 0.003 -15"><span class='ocrx_word' id='word_1_203' title='bbox 76 1369 115 1390; x_wconf 82' lang='grc' dir='ltr'>οι·</span> <span class='ocrx_word' id='word_1_204' title='bbox 137 1360 200 1391; x_wconf 86' lang='lat' dir='ltr'>the</span> <span class='ocrx_word' id='word_1_205' title='bbox 223 1362 421 1401; x_wconf 83' lang='lat' dir='ltr'>beginning</span> <span class='ocrx_word' id='word_1_206' title='bbox 434 1362 472 1392; x_wconf 82' lang='lat' dir='ltr'>of</span> <span class='ocrx_word' id='word_1_207' title='bbox 484 1362 600 1402; x_wconf 88' lang='lat' dir='ltr'>April.</span> <span class='ocrx_word' id='word_1_208' title='bbox 645 1362 677 1392; x_wconf 92' lang='lat' dir='ltr'>A</span> <span class='ocrx_word' id='word_1_209' title='bbox 694 1363 916 1402; x_wconf 81' lang='lat' dir='ltr'>comparison</span> <span class='ocrx_word' id='word_1_210' title='bbox 934 1362 973 1393; x_wconf 87' lang='lat' dir='ltr'>of</span> <span class='ocrx_word' id='word_1_211' title='bbox 985 1363 1032 1394; x_wconf 89' lang='lat' dir='ltr'>its</span> <span class='ocrx_word' id='word_1_212' title='bbox 1044 1364 1235 1404; x_wconf 82' lang='lat' dir='ltr'>postscript</span> <span class='ocrx_word' id='word_1_213' title='bbox 1248 1365 1339 1395; x_wconf 84' lang='lat' dir='ltr'>with</span> <span class='ocrx_word' id='word_1_214' title='bbox 1356 1365 1436 1395; x_wconf 87' lang='lat' dir='ltr'>that</span> <span class='ocrx_word' id='word_1_215' title='bbox 1450 1367 1485 1395; x_wconf 88' lang='lat' dir='ltr'>to</span> <span class='ocrx_word' id='word_1_216' title='bbox 1502 1364 1565 1405; x_wconf 90' lang='lat' dir='ltr'>Ep.</span> <span class='ocrx_word' id='word_1_217' title='bbox 1581 1367 1674 1406; x_wconf 88' lang='lat'>1096,</span> 
     </span>
     <span class='ocr_line' id='line_1_21' title="bbox 74 1404 1678 1447; baseline 0.004 -13"><span class='ocrx_word' id='word_1_218' title='bbox 74 1404 185 1435; x_wconf 75' lang='lat' dir='ltr'>about</span> <span class='ocrx_word' id='word_1_219' title='bbox 210 1404 336 1436; x_wconf 86' lang='lat' dir='ltr'>More‘s</span> <span class='ocrx_word' id='word_1_220' title='bbox 361 1406 620 1445; x_wconf 85' lang='lat' dir='ltr'>anticipations</span> <span class='ocrx_word' id='word_1_221' title='bbox 636 1405 674 1435; x_wconf 87' lang='lat' dir='ltr'>of</span> <span class='ocrx_word' id='word_1_222' title='bbox 694 1406 815 1446; x_wconf 85' lang='lat' dir='ltr'>seeing</span> <span class='ocrx_word' id='word_1_223' title='bbox 830 1406 1000 1437; x_wconf 87' lang='lat' dir='ltr'>Erasmus</span> <span class='ocrx_word' id='word_1_224' title='bbox 1016 1409 1053 1438; x_wconf 89' lang='lat' dir='ltr'>at</span> <span class='ocrx_word' id='word_1_225' title='bbox 1069 1407 1197 1447; x_wconf 83' lang='lat' dir='ltr'>Calais,</span> <span class='ocrx_word' id='word_1_226' title='bbox 1216 1408 1290 1438; x_wconf 84' lang='lat' dir='ltr'>also</span> <span class='ocrx_word' id='word_1_227' title='bbox 1309 1408 1484 1439; x_wconf 85' lang='lat' dir='ltr'>indicates</span> <span class='ocrx_word' id='word_1_228' title='bbox 1506 1409 1587 1440; x_wconf 84' lang='lat' dir='ltr'>that</span> <span class='ocrx_word' id='word_1_229' title='bbox 1602 1410 1678 1440; x_wconf 88' lang='lat' dir='ltr'>this</span> 
     </span>
     <span class='ocr_line' id='line_1_22' title="bbox 73 1448 579 1490; baseline 0.006 -12"><span class='ocrx_word' id='word_1_230' title='bbox 73 1448 106 1478; x_wconf 86' lang='lat' dir='ltr'>is</span> <span class='ocrx_word' id='word_1_231' title='bbox 127 1448 190 1479; x_wconf 88' lang='lat' dir='ltr'>the</span> <span class='ocrx_word' id='word_1_232' title='bbox 207 1448 338 1479; x_wconf 89' lang='lat' dir='ltr'>earlier</span> <span class='ocrx_word' id='word_1_233' title='bbox 353 1448 390 1480; x_wconf 84' lang='lat' dir='ltr'>of</span> <span class='ocrx_word' id='word_1_234' title='bbox 402 1449 464 1480; x_wconf 93' lang='lat' dir='ltr'>the</span> <span class='ocrx_word' id='word_1_235' title='bbox 481 1449 579 1490; x_wconf 85' lang='lat' dir='ltr'>two.]</span> 
     </span>
    </p>
   </div>
   <div class='ocr_carea' id='block_1_6' title="bbox 163 1553 1592 1665">
    <p class='ocr_par' dir='ltr' id='par_1_6' title="bbox 163 1553 1592 1665">
     <span class='ocr_line' id='line_1_23' title="bbox 163 1553 1592 1594; baseline 0.001 -10"><span class='ocrx_word' id='word_1_236' title='bbox 163 1553 347 1585; x_wconf 84' lang='lat' dir='ltr'><strong>THOMAS</strong></span> <span class='ocrx_word' id='word_1_237' title='bbox 377 1555 530 1586; x_wconf 81' lang='lat' dir='ltr'>Mons</span> <span class='ocrx_word' id='word_1_238' title='bbox 558 1556 601 1587; x_wconf 88' lang='lat' dir='ltr'>D.</span> <span class='ocrx_word' id='word_1_239' title='bbox 623 1556 806 1587; x_wconf 79' lang='lat' dir='ltr'><strong>ERASMO</strong></span> <span class='ocrx_word' id='word_1_240' title='bbox 840 1555 1207 1594; x_wconf 78' lang='lat' dir='ltr'>ROTEROD.‚V1R0</span> <span class='ocrx_word' id='word_1_241' title='bbox 1240 1555 1411 1586; x_wconf 74' lang='lat' dir='ltr'>oprmo</span> <span class='ocrx_word' id='word_1_242' title='bbox 1443 1555 1592 1593; x_wconf 84' lang='lat' dir='ltr'><strong>ATQVE</strong></span> 
     </span>
     <span class='ocr_line' id='line_1_24' title="bbox 713 1625 1048 1665; baseline -0.003 -9"><span class='ocrx_word' id='word_1_243' title='bbox 713 1625 926 1665; x_wconf 78' lang='lat' dir='ltr'>Docr1ss.,</span> <span class='ocrx_word' id='word_1_244' title='bbox 950 1625 983 1656; x_wconf 89' lang='lat' dir='ltr'>s.</span> <span class='ocrx_word' id='word_1_245' title='bbox 1008 1625 1048 1655; x_wconf 84' lang='lat' dir='ltr'>P.</span> 
     </span>
    </p>
   </div>
   <div class='ocr_carea' id='block_1_7' title="bbox 71 1721 1678 2968">
    <p class='ocr_par' dir='ltr' id='par_1_7' title="bbox 71 1721 1678 2968">
     <span class='ocr_line' id='line_1_25' title="bbox 130 1721 1677 1773; baseline 0.002 -14"><span class='ocrx_word' id='word_1_246' title='bbox 130 1721 290 1767; x_wconf 71' lang='lat' dir='ltr'>Eerm</span> <span class='ocrx_word' id='word_1_247' title='bbox 310 1722 453 1762; x_wconf 90' lang='lat' dir='ltr'>vidisti</span> <span class='ocrx_word' id='word_1_248' title='bbox 467 1736 661 1773; x_wconf 90' lang='lat' dir='ltr'>vnquam,</span> <span class='ocrx_word' id='word_1_249' title='bbox 679 1722 853 1761; x_wconf 86' lang='lat' dir='ltr'>Erasme</span> <span class='ocrx_word' id='word_1_250' title='bbox 868 1723 1025 1772; x_wconf 90' lang='lat' dir='ltr'>optime</span> <span class='ocrx_word' id='word_1_251' title='bbox 1039 1724 1162 1773; x_wconf 89' lang='lat' dir='ltr'>atque</span> <span class='ocrx_word' id='word_1_252' title='bbox 1178 1723 1426 1772; x_wconf 79' lang='lat' dir='ltr'>doctissime,</span> <span class='ocrx_word' id='word_1_253' title='bbox 1444 1723 1677 1763; x_wconf 87' lang='lat' dir='ltr'>suauiorem</span> 
     </span>
     <span class='ocr_line' id='line_1_26' title="bbox 73 1777 1678 1829; baseline 0.002 -15"><span class='ocrx_word' id='word_1_254' title='bbox 73 1789 313 1826; x_wconf 85' lang='lat' dir='ltr'>quenquam</span> <span class='ocrx_word' id='word_1_255' title='bbox 342 1790 468 1827; x_wconf 91' lang='lat' dir='ltr'>quam</span> <span class='ocrx_word' id='word_1_256' title='bbox 496 1778 552 1816; x_wconf 90' lang='lat' dir='ltr'>sit</span> <span class='ocrx_word' id='word_1_257' title='bbox 576 1777 645 1816; x_wconf 90' lang='lat' dir='ltr'>hic</span> <span class='ocrx_word' id='word_1_258' title='bbox 672 1780 814 1816; x_wconf 89' lang='lat' dir='ltr'>noster</span> <span class='ocrx_word' id='word_1_259' title='bbox 841 1777 1044 1817; x_wconf 82' lang='lat' dir='ltr'>Brixius‘?</span> <span class='ocrx_word' id='word_1_260' title='bbox 1082 1778 1152 1828; x_wconf 88' lang='lat' dir='ltr'>qui</span> <span class='ocrx_word' id='word_1_261' title='bbox 1181 1777 1431 1829; x_wconf 80' lang='lat' dir='ltr'>simulatque</span> <span class='ocrx_word' id='word_1_262' title='bbox 1459 1778 1540 1828; x_wconf 90' lang='lat' dir='ltr'>ipsi</span> <span class='ocrx_word' id='word_1_263' title='bbox 1569 1779 1678 1829; x_wconf 89' lang='lat' dir='ltr'>quic·</span> 
     </span>
     <span class='ocr_line' id='line_1_27' title="bbox 72 1831 1678 1883; baseline 0.002 -15"><span class='ocrx_word' id='word_1_264' title='bbox 72 1843 201 1880; x_wconf 89' lang='lat' dir='ltr'>quam</span> <span class='ocrx_word' id='word_1_265' title='bbox 228 1831 489 1871; x_wconf 87' lang='lat' dir='ltr'>dissimulare</span> <span class='ocrx_word' id='word_1_266' title='bbox 516 1831 633 1880; x_wconf 90' lang='lat' dir='ltr'>libet,</span> <span class='ocrx_word' id='word_1_267' title='bbox 659 1831 843 1882; x_wconf 91' lang='lat' dir='ltr'>reliquos</span> <span class='ocrx_word' id='word_1_268' title='bbox 868 1832 981 1870; x_wconf 92' lang='lat' dir='ltr'>idem</span> <span class='ocrx_word' id='word_1_269' title='bbox 1009 1833 1205 1870; x_wconf 89' lang='lat' dir='ltr'>mortales</span> <span class='ocrx_word' id='word_1_270' title='bbox 1224 1845 1369 1871; x_wconf 90' lang='lat' dir='ltr'>omnes</span> <span class='ocrx_word' id='word_1_271' title='bbox 1394 1833 1495 1871; x_wconf 86' lang='lat' dir='ltr'>satis</span> <span class='ocrx_word' id='word_1_272' title='bbox 1523 1833 1678 1883; x_wconf 78' lang='lat' dir='ltr'>&lt;e&gt;ela·</span> 
     </span>
     <span class='ocr_line' id='line_1_28' title="bbox 74 1886 1677 1937; baseline 0.002 -14"><span class='ocrx_word' id='word_1_273' title='bbox 74 1887 167 1923; x_wconf 84' lang='lat' dir='ltr'>tum</span> <span class='ocrx_word' id='word_1_274' title='bbox 187 1888 317 1934; x_wconf 89' lang='lat' dir='ltr'>putat.</span> <span class='ocrx_word' id='word_1_275' title='bbox 358 1886 468 1925; x_wconf 91' lang='lat' dir='ltr'>Nam</span> <span class='ocrx_word' id='word_1_276' title='bbox 487 1886 651 1937; x_wconf 89' lang='lat' dir='ltr'>quando</span> <span class='ocrx_word' id='word_1_277' title='bbox 670 1886 796 1925; x_wconf 90' lang='lat' dir='ltr'>homo</span> <span class='ocrx_word' id='word_1_278' title='bbox 815 1887 1087 1936; x_wconf 88' lang='lat' dir='ltr'>quantumuis</span> <span class='ocrx_word' id='word_1_279' title='bbox 1101 1887 1294 1936; x_wconf 89' lang='lat' dir='ltr'>stupidus</span> <span class='ocrx_word' id='word_1_280' title='bbox 1313 1901 1398 1925; x_wconf 91' lang='lat' dir='ltr'>non</span> <span class='ocrx_word' id='word_1_281' title='bbox 1418 1888 1570 1926; x_wconf 87' lang='lat' dir='ltr'>sentire</span> <span class='ocrx_word' id='word_1_282' title='bbox 1591 1901 1677 1927; x_wconf 92' lang='lat' dir='ltr'>non</span> 
     </span>
     <span class='ocr_line' id='line_1_29' title="bbox 72 1939 1677 1992; baseline 0.002 -16"><span class='ocrx_word' id='word_1_283' title='bbox 72 1939 210 1988; x_wconf 89' lang='lat' dir='ltr'>potuit</span> <span class='ocrx_word' id='word_1_284' title='bbox 229 1953 354 1990; x_wconf 87' lang='lat' dir='ltr'>quam</span> <span class='ocrx_word' id='word_1_285' title='bbox 372 1942 481 1980; x_wconf 87' lang='lat' dir='ltr'>esset</span> <span class='ocrx_word' id='word_1_286' title='bbox 506 1941 749 1988; x_wconf 82' lang='lat' dir='ltr'>absurdum,</span> <span class='ocrx_word' id='word_1_287' title='bbox 768 1941 970 1988; x_wconf 86' lang='lat' dir='ltr'>odiosum,</span> <span class='ocrx_word' id='word_1_288' title='bbox 991 1941 1158 1989; x_wconf 86' lang='lat' dir='ltr'>infame,</span> <span class='ocrx_word' id='word_1_289' title='bbox 1181 1942 1271 1979; x_wconf 87' lang='lat' dir='ltr'>sine</span> <span class='ocrx_word' id='word_1_290' title='bbox 1294 1954 1415 1980; x_wconf 83' lang='lat' dir='ltr'>causa</span> <span class='ocrx_word' id='word_1_291' title='bbox 1440 1955 1677 1992; x_wconf 87' lang='lat' dir='ltr'>quenquam</span> 
     </span>
     <span class='ocr_line' id='line_1_30' title="bbox 75 1993 1673 2047; baseline 0.002 -16"><span class='ocrx_word' id='word_1_292' title='bbox 75 1993 222 2043; x_wconf 87' lang='lat' dir='ltr'>iurgiis</span> <span class='ocrx_word' id='word_1_293' title='bbox 249 1997 290 2033; x_wconf 90' lang='lat' dir='ltr'>et</span> <span class='ocrx_word' id='word_1_294' title='bbox 319 1995 518 2034; x_wconf 87' lang='lat' dir='ltr'>conuiciis</span> <span class='ocrx_word' id='word_1_295' title='bbox 545 1995 769 2045; x_wconf 89' lang='lat' dir='ltr'>impetere;</span> <span class='ocrx_word' id='word_1_296' title='bbox 807 1996 962 2033; x_wconf 87' lang='lat' dir='ltr'>iterum</span> <span class='ocrx_word' id='word_1_297' title='bbox 991 1998 1114 2046; x_wconf 88' lang='lat' dir='ltr'>atque</span> <span class='ocrx_word' id='word_1_298' title='bbox 1148 1996 1301 2033; x_wconf 85' lang='lat' dir='ltr'>iterum</span> <span class='ocrx_word' id='word_1_299' title='bbox 1335 1999 1490 2044; x_wconf 87' lang='lat' dir='ltr'>narrat,</span> <span class='ocrx_word' id='word_1_300' title='bbox 1523 1996 1673 2047; x_wconf 86' lang='lat' dir='ltr'>infigit,</span> 
     </span>
     <span class='ocr_line' id='line_1_31' title="bbox 72 2048 1676 2099; baseline 0.002 -14"><span class='ocrx_word' id='word_1_301' title='bbox 72 2048 266 2095; x_wconf 83' lang='lat' dir='ltr'>inculcat,</span> <span class='ocrx_word' id='word_1_302' title='bbox 300 2049 669 2099; x_wconf 86' lang='lat' dir='ltr'>epigrammatibus</span> <span class='ocrx_word' id='word_1_303' title='bbox 702 2050 806 2088; x_wconf 83' lang='lat' dir='ltr'>meis</span> <span class='ocrx_word' id='word_1_304' title='bbox 836 2052 1107 2099; x_wconf 85' lang='lat' dir='ltr'>prouocatum</span> <span class='ocrx_word' id='word_1_305' title='bbox 1141 2063 1186 2088; x_wconf 89' lang='lat' dir='ltr'>se</span> <span class='ocrx_word' id='word_1_306' title='bbox 1219 2050 1477 2089; x_wconf 87' lang='lat' dir='ltr'>defendentis</span> <span class='ocrx_word' id='word_1_307' title='bbox 1511 2052 1676 2089; x_wconf 86' lang='lat' dir='ltr'>tantum</span> 
     </span>
     <span class='ocr_line' id='line_1_32' title="bbox 74 2103 1677 2153; baseline 0.002 -13"><span class='ocrx_word' id='word_1_308' title='bbox 74 2105 210 2152; x_wconf 88' lang='lat' dir='ltr'>partes</span> <span class='ocrx_word' id='word_1_309' title='bbox 230 2103 428 2152; x_wconf 90' lang='lat' dir='ltr'>obtinere,</span> <span class='ocrx_word' id='word_1_310' title='bbox 459 2106 508 2143; x_wconf 89' lang='lat' dir='ltr'>vt</span> <span class='ocrx_word' id='word_1_311' title='bbox 536 2103 638 2143; x_wconf 89' lang='lat' dir='ltr'>diris</span> <span class='ocrx_word' id='word_1_312' title='bbox 666 2105 708 2143; x_wconf 90' lang='lat' dir='ltr'>et</span> <span class='ocrx_word' id='word_1_313' title='bbox 736 2104 1066 2142; x_wconf 84' lang='lat' dir='ltr'>execrationibus</span> <span class='ocrx_word' id='word_1_314' title='bbox 1093 2105 1323 2153; x_wconf 87' lang='lat' dir='ltr'>impetitus,</span> <span class='ocrx_word' id='word_1_315' title='bbox 1356 2118 1438 2143; x_wconf 90' lang='lat' dir='ltr'>non</span> <span class='ocrx_word' id='word_1_316' title='bbox 1467 2105 1550 2143; x_wconf 86' lang='lat' dir='ltr'>nisi</span> <span class='ocrx_word' id='word_1_317' title='bbox 1577 2105 1677 2144; x_wconf 87' lang='lat' dir='ltr'>iocis</span> 
     </span>
     <span class='ocr_line' id='line_1_33' title="bbox 71 2158 1678 2209; baseline 0.002 -15"><span class='ocrx_word' id='word_1_318' title='bbox 71 2158 227 2205; x_wconf 84' lang='lat' dir='ltr'>contra,</span> <span class='ocrx_word' id='word_1_319' title='bbox 260 2158 415 2197; x_wconf 88' lang='lat' dir='ltr'>salibus</span> <span class='ocrx_word' id='word_1_320' title='bbox 443 2160 484 2197; x_wconf 88' lang='lat' dir='ltr'>et</span> <span class='ocrx_word' id='word_1_321' title='bbox 510 2158 672 2197; x_wconf 85' lang='lat' dir='ltr'>facetiis</span> <span class='ocrx_word' id='word_1_322' title='bbox 699 2160 860 2208; x_wconf 85' lang='lat' dir='ltr'>repetat</span> <span class='ocrx_word' id='word_1_323' title='bbox 887 2158 1185 2198; x_wconf 88' lang='lat' dir='ltr'>aduersarium.</span> <span class='ocrx_word' id='word_1_324' title='bbox 1243 2158 1460 2197; x_wconf 82' lang='lat' dir='ltr'>Caeterum</span> <span class='ocrx_word' id='word_1_325' title='bbox 1489 2160 1538 2197; x_wconf 88' lang='lat' dir='ltr'>de</span> <span class='ocrx_word' id='word_1_326' title='bbox 1566 2161 1678 2209; x_wconf 86' lang='lat' dir='ltr'>petu-</span> 
     </span>
     <span class='ocr_line' id='line_1_34' title="bbox 73 2209 1671 2263; baseline 0.002 -14"><span class='ocrx_word' id='word_1_327' title='bbox 73 2209 215 2259; x_wconf 86' lang='lat' dir='ltr'>lantia,</span> <span class='ocrx_word' id='word_1_328' title='bbox 239 2212 478 2262; x_wconf 79' lang='lat' dir='ltr'>mendaciis,</span> <span class='ocrx_word' id='word_1_329' title='bbox 499 2212 669 2263; x_wconf 86' lang='lat' dir='ltr'>probris,</span> <span class='ocrx_word' id='word_1_330' title='bbox 692 2212 844 2262; x_wconf 89' lang='lat' dir='ltr'>quibus</span> <span class='ocrx_word' id='word_1_331' title='bbox 864 2225 1032 2251; x_wconf 88' lang='lat' dir='ltr'>omnem</span> <span class='ocrx_word' id='word_1_332' title='bbox 1058 2213 1173 2262; x_wconf 87' lang='lat' dir='ltr'>prius</span> <span class='ocrx_word' id='word_1_333' title='bbox 1198 2216 1440 2263; x_wconf 86' lang='lat' dir='ltr'>prouocarat</span> <span class='ocrx_word' id='word_1_334' title='bbox 1459 2214 1671 2263; x_wconf 85' lang='lat' dir='ltr'>Angliam,</span> 
     </span>
     <span class='ocr_line' id='line_1_35' title="bbox 72 2265 1677 2317; baseline 0.002 -14"><span class='ocrx_word' id='word_1_335' title='bbox 72 2265 248 2304; x_wconf 87' lang='lat' dir='ltr'>verbum</span> <span class='ocrx_word' id='word_1_336' title='bbox 275 2267 445 2305; x_wconf 85' lang='lat' dir='ltr'>interim</span> <span class='ocrx_word' id='word_1_337' title='bbox 467 2266 659 2314; x_wconf 80' lang='lat' dir='ltr'>nullum3</span> <span class='ocrx_word' id='word_1_338' title='bbox 691 2270 737 2306; x_wconf 91' lang='lat' dir='ltr'>vt</span> <span class='ocrx_word' id='word_1_339' title='bbox 767 2279 843 2306; x_wconf 88' lang='lat' dir='ltr'>nec</span> <span class='ocrx_word' id='word_1_340' title='bbox 869 2267 918 2306; x_wconf 89' lang='lat' dir='ltr'>de</span> <span class='ocrx_word' id='word_1_341' title='bbox 944 2281 990 2306; x_wconf 91' lang='lat' dir='ltr'>eo</span> <span class='ocrx_word' id='word_1_342' title='bbox 1018 2267 1195 2316; x_wconf 88' lang='lat' dir='ltr'>quidem,</span> <span class='ocrx_word' id='word_1_343' title='bbox 1221 2268 1329 2317; x_wconf 91' lang='lat' dir='ltr'>quod</span> <span class='ocrx_word' id='word_1_344' title='bbox 1354 2281 1456 2317; x_wconf 88' lang='lat' dir='ltr'>quae</span> <span class='ocrx_word' id='word_1_345' title='bbox 1483 2268 1677 2307; x_wconf 85' lang='lat' dir='ltr'>simultas</span> 
     </span>
     <span class='ocr_line' id='line_1_36' title="bbox 71 2319 1675 2370; baseline 0.002 -13"><span class='ocrx_word' id='word_1_346' title='bbox 71 2319 176 2358; x_wconf 91' lang='lat' dir='ltr'>olim</span> <span class='ocrx_word' id='word_1_347' title='bbox 203 2321 312 2359; x_wconf 88' lang='lat' dir='ltr'>inter</span> <span class='ocrx_word' id='word_1_348' title='bbox 339 2334 414 2361; x_wconf 89' lang='lat' dir='ltr'>nos</span> <span class='ocrx_word' id='word_1_349' title='bbox 443 2321 596 2370; x_wconf 88' lang='lat' dir='ltr'>agitata</span> <span class='ocrx_word' id='word_1_350' title='bbox 614 2321 697 2359; x_wconf 86' lang='lat' dir='ltr'>fuit</span> <span class='ocrx_word' id='word_1_351' title='bbox 721 2321 766 2359; x_wconf 91' lang='lat' dir='ltr'>in</span> <span class='ocrx_word' id='word_1_352' title='bbox 791 2321 939 2360; x_wconf 89' lang='lat' dir='ltr'>mediis</span> <span class='ocrx_word' id='word_1_353' title='bbox 965 2321 1065 2359; x_wconf 90' lang='lat' dir='ltr'>belli</span> <span class='ocrx_word' id='word_1_354' title='bbox 1089 2321 1353 2370; x_wconf 88' lang='lat' dir='ltr'>tumultibus,</span> <span class='ocrx_word' id='word_1_355' title='bbox 1378 2335 1468 2360; x_wconf 89' lang='lat' dir='ltr'>eam</span> <span class='ocrx_word' id='word_1_356' title='bbox 1494 2322 1565 2360; x_wconf 89' lang='lat' dir='ltr'>ille</span> <span class='ocrx_word' id='word_1_357' title='bbox 1592 2322 1675 2361; x_wconf 87' lang='lat' dir='ltr'>iam</span> 
     </span>
     <span class='ocr_line' id='line_1_37' title="bbox 72 2373 1677 2426; baseline 0.002 -14"><span class='ocrx_word' id='word_1_358' title='bbox 72 2373 177 2412; x_wconf 89' lang='lat' dir='ltr'>olim</span> <span class='ocrx_word' id='word_1_359' title='bbox 196 2376 406 2414; x_wconf 89' lang='lat' dir='ltr'>mortuam</span> <span class='ocrx_word' id='word_1_360' title='bbox 426 2388 537 2414; x_wconf 90' lang='lat' dir='ltr'>nunc</span> <span class='ocrx_word' id='word_1_361' title='bbox 557 2375 727 2414; x_wconf 90' lang='lat' dir='ltr'>demum</span> <span class='ocrx_word' id='word_1_362' title='bbox 745 2375 791 2413; x_wconf 90' lang='lat' dir='ltr'>in</span> <span class='ocrx_word' id='word_1_363' title='bbox 810 2388 975 2414; x_wconf 85' lang='lat' dir='ltr'>summa</span> <span class='ocrx_word' id='word_1_364' title='bbox 994 2389 1090 2425; x_wconf 87' lang='lat' dir='ltr'>pace</span> <span class='ocrx_word' id='word_1_365' title='bbox 1110 2376 1376 2426; x_wconf 84' lang='lat' dir='ltr'>redintegrat.</span> <span class='ocrx_word' id='word_1_366' title='bbox 1434 2377 1490 2415; x_wconf 89' lang='lat' dir='ltr'>Et</span> <span class='ocrx_word' id='word_1_367' title='bbox 1512 2376 1571 2414; x_wconf 90' lang='lat' dir='ltr'>sic</span> <span class='ocrx_word' id='word_1_368' title='bbox 1590 2377 1677 2426; x_wconf 86' lang='lat' dir='ltr'>agit</span> 
     </span>
     <span class='ocr_line' id='line_1_38' title="bbox 74 2427 1678 2480; baseline 0.001 -13"><span class='ocrx_word' id='word_1_369' title='bbox 74 2427 200 2467; x_wconf 90' lang='lat' dir='ltr'>homo</span> <span class='ocrx_word' id='word_1_370' title='bbox 229 2429 485 2468; x_wconf 88' lang='lat' dir='ltr'>Phormiana</span> <span class='ocrx_word' id='word_1_371' title='bbox 512 2429 773 2477; x_wconf 86' lang='lat' dir='ltr'>confidentia,</span> <span class='ocrx_word' id='word_1_372' title='bbox 801 2432 848 2469; x_wconf 89' lang='lat' dir='ltr'>vt</span> <span class='ocrx_word' id='word_1_373' title='bbox 877 2443 1008 2480; x_wconf 89' lang='lat' dir='ltr'>quum</span> <span class='ocrx_word' id='word_1_374' title='bbox 1036 2443 1155 2468; x_wconf 86' lang='lat' dir='ltr'>suam</span> <span class='ocrx_word' id='word_1_375' title='bbox 1183 2443 1349 2468; x_wconf 88' lang='lat' dir='ltr'>causam</span> <span class='ocrx_word' id='word_1_376' title='bbox 1377 2430 1497 2469; x_wconf 86' lang='lat' dir='ltr'>facile</span> <span class='ocrx_word' id='word_1_377' title='bbox 1525 2431 1678 2469; x_wconf 87' lang='lat' dir='ltr'>sentire</span> 
     </span>
     <span class='ocr_line' id='line_1_39' title="bbox 71 2483 1676 2534; baseline 0.002 -14"><span class='ocrx_word' id='word_1_378' title='bbox 71 2484 204 2532; x_wconf 86' lang='lat' dir='ltr'>possit</span> <span class='ocrx_word' id='word_1_379' title='bbox 232 2483 340 2522; x_wconf 91' lang='lat' dir='ltr'>nulli</span> <span class='ocrx_word' id='word_1_380' title='bbox 368 2497 453 2523; x_wconf 89' lang='lat' dir='ltr'>non</span> <span class='ocrx_word' id='word_1_381' title='bbox 482 2497 569 2523; x_wconf 86' lang='lat' dir='ltr'>esse</span> <span class='ocrx_word' id='word_1_382' title='bbox 598 2484 848 2531; x_wconf 87' lang='lat' dir='ltr'>damnatam,</span> <span class='ocrx_word' id='word_1_383' title='bbox 880 2485 950 2534; x_wconf 88' lang='lat' dir='ltr'>qui</span> <span class='ocrx_word' id='word_1_384' title='bbox 980 2485 1148 2534; x_wconf 89' lang='lat' dir='ltr'>quidem</span> <span class='ocrx_word' id='word_1_385' title='bbox 1182 2498 1270 2522; x_wconf 83' lang='lat' dir='ltr'>rem</span> <span class='ocrx_word' id='word_1_386' title='bbox 1300 2485 1498 2534; x_wconf 77' lang='lat' dir='ltr'>per-norit,</span> <span class='ocrx_word' id='word_1_387' title='bbox 1534 2487 1676 2524; x_wconf 76' lang='lat' dir='ltr'>tamen</span> 
     </span>
     <span class='ocr_line' id='line_1_40' title="bbox 74 2536 1674 2589; baseline 0.001 -14"><span class='ocrx_word' id='word_1_388' title='bbox 74 2536 190 2575; x_wconf 89' lang='lat' dir='ltr'>velut</span> <span class='ocrx_word' id='word_1_389' title='bbox 210 2551 300 2576; x_wconf 85' lang='lat' dir='ltr'>eam</span> <span class='ocrx_word' id='word_1_390' title='bbox 320 2538 424 2577; x_wconf 90' lang='lat' dir='ltr'>bene</span> <span class='ocrx_word' id='word_1_391' title='bbox 438 2551 484 2577; x_wconf 91' lang='lat' dir='ltr'>ac</span> <span class='ocrx_word' id='word_1_392' title='bbox 505 2538 683 2577; x_wconf 86' lang='lat' dir='ltr'>dilucide</span> <span class='ocrx_word' id='word_1_393' title='bbox 698 2538 848 2588; x_wconf 90' lang='lat' dir='ltr'>quibus</span> <span class='ocrx_word' id='word_1_394' title='bbox 862 2540 1045 2587; x_wconf 88' lang='lat' dir='ltr'>oportuit</span> <span class='ocrx_word' id='word_1_395' title='bbox 1065 2538 1271 2577; x_wconf 88' lang='lat' dir='ltr'>iudicibus</span> <span class='ocrx_word' id='word_1_396' title='bbox 1290 2539 1567 2589; x_wconf 83' lang='lat' dir='ltr'>approbasset,</span> <span class='ocrx_word' id='word_1_397' title='bbox 1591 2540 1674 2578; x_wconf 87' lang='lat' dir='ltr'>iam</span> 
     </span>
     <span class='ocr_line' id='line_1_41' title="bbox 73 2591 1675 2644; baseline 0.002 -16"><span class='ocrx_word' id='word_1_398' title='bbox 73 2602 150 2630; x_wconf 81' lang='lat' dir='ltr'>suo</span> <span class='ocrx_word' id='word_1_399' title='bbox 181 2591 270 2630; x_wconf 88' lang='lat' dir='ltr'>iure</span> <span class='ocrx_word' id='word_1_400' title='bbox 299 2592 456 2631; x_wconf 86' lang='lat' dir='ltr'>scilicet</span> <span class='ocrx_word' id='word_1_401' title='bbox 489 2592 656 2643; x_wconf 89' lang='lat' dir='ltr'>quiduis</span> <span class='ocrx_word' id='word_1_402' title='bbox 689 2592 962 2631; x_wconf 86' lang='lat' dir='ltr'>debacchetur</span> <span class='ocrx_word' id='word_1_403' title='bbox 989 2593 1034 2630; x_wconf 93' lang='lat' dir='ltr'>in</span> <span class='ocrx_word' id='word_1_404' title='bbox 1063 2606 1141 2640; x_wconf 89' lang='lat' dir='ltr'>me,</span> <span class='ocrx_word' id='word_1_405' title='bbox 1173 2595 1215 2631; x_wconf 89' lang='lat' dir='ltr'>et</span> <span class='ocrx_word' id='word_1_406' title='bbox 1243 2596 1376 2631; x_wconf 87' lang='lat' dir='ltr'>totam</span> <span class='ocrx_word' id='word_1_407' title='bbox 1406 2594 1581 2644; x_wconf 85' lang='lat' dir='ltr'>pectoris</span> <span class='ocrx_word' id='word_1_408' title='bbox 1609 2595 1675 2633; x_wconf 90' lang='lat' dir='ltr'>sui</span> 
     </span>
     <span class='ocr_line' id='line_1_42' title="bbox 75 2646 1676 2698; baseline 0.002 -15"><span class='ocrx_word' id='word_1_409' title='bbox 75 2646 283 2684; x_wconf 88' lang='lat' dir='ltr'>sentinam</span> <span class='ocrx_word' id='word_1_410' title='bbox 317 2646 479 2696; x_wconf 88' lang='lat' dir='ltr'>lepidus</span> <span class='ocrx_word' id='word_1_411' title='bbox 508 2650 550 2685; x_wconf 89' lang='lat' dir='ltr'>et</span> <span class='ocrx_word' id='word_1_412' title='bbox 576 2648 731 2685; x_wconf 86' lang='lat' dir='ltr'>facetus</span> <span class='ocrx_word' id='word_1_413' title='bbox 760 2647 1004 2686; x_wconf 86' lang='lat' dir='ltr'>exhauriat:</span> <span class='ocrx_word' id='word_1_414' title='bbox 1042 2648 1112 2697; x_wconf 90' lang='lat' dir='ltr'>qui</span> <span class='ocrx_word' id='word_1_415' title='bbox 1145 2649 1363 2697; x_wconf 86' lang='lat' dir='ltr'>postquam</span> <span class='ocrx_word' id='word_1_416' title='bbox 1394 2661 1524 2686; x_wconf 86' lang='lat' dir='ltr'>vnum</span> <span class='ocrx_word' id='word_1_417' title='bbox 1552 2652 1676 2698; x_wconf 88' lang='lat' dir='ltr'>atque</span> 
     </span>
     <span class='ocr_line' id='line_1_43' title="bbox 72 2699 1671 2751; baseline 0.001 -13"><span class='ocrx_word' id='word_1_418' title='bbox 72 2699 253 2738; x_wconf 84' lang='lat' dir='ltr'>alterum</span> <span class='ocrx_word' id='word_1_419' title='bbox 283 2700 540 2750; x_wconf 84' lang='lat' dir='ltr'>epigramma</span> <span class='ocrx_word' id='word_1_420' title='bbox 564 2701 768 2751; x_wconf 85' lang='lat' dir='ltr'>scriptum</span> <span class='ocrx_word' id='word_1_421' title='bbox 792 2701 880 2739; x_wconf 89' lang='lat' dir='ltr'>ioco</span> <span class='ocrx_word' id='word_1_422' title='bbox 904 2701 1052 2739; x_wconf 88' lang='lat' dir='ltr'>statuit</span> <span class='ocrx_word' id='word_1_423' title='bbox 1078 2701 1315 2740; x_wconf 88' lang='lat' dir='ltr'>habendum</span> <span class='ocrx_word' id='word_1_424' title='bbox 1341 2715 1429 2740; x_wconf 86' lang='lat' dir='ltr'>esse</span> <span class='ocrx_word' id='word_1_425' title='bbox 1456 2715 1530 2751; x_wconf 89' lang='lat' dir='ltr'>pro</span> <span class='ocrx_word' id='word_1_426' title='bbox 1558 2702 1671 2750; x_wconf 88' lang='lat' dir='ltr'>diris,</span> 
     </span>
     <span class='ocr_line' id='line_1_44' title="bbox 74 2754 1675 2806; baseline 0.003 -16"><span class='ocrx_word' id='word_1_427' title='bbox 74 2759 273 2804; x_wconf 84' lang='lat' dir='ltr'>tanquam</span> <span class='ocrx_word' id='word_1_428' title='bbox 293 2754 447 2793; x_wconf 85' lang='lat' dir='ltr'>dixisse</span> <span class='ocrx_word' id='word_1_429' title='bbox 471 2755 594 2794; x_wconf 89' lang='lat' dir='ltr'>modo</span> <span class='ocrx_word' id='word_1_430' title='bbox 613 2755 720 2793; x_wconf 80' lang='lat' dir='ltr'>foret</span> <span class='ocrx_word' id='word_1_431' title='bbox 743 2755 938 2793; x_wconf 87' lang='lat' dir='ltr'>omnibus</span> <span class='ocrx_word' id='word_1_432' title='bbox 962 2768 1128 2805; x_wconf 88' lang='lat' dir='ltr'>prorsus</span> <span class='ocrx_word' id='word_1_433' title='bbox 1151 2756 1412 2805; x_wconf 85' lang='lat' dir='ltr'>persuasisse,</span> <span class='ocrx_word' id='word_1_434' title='bbox 1434 2756 1562 2794; x_wconf 90' lang='lat' dir='ltr'>simul</span> <span class='ocrx_word' id='word_1_435' title='bbox 1588 2770 1675 2806; x_wconf 86' lang='lat' dir='ltr'>per-</span> 
     </span>
     <span class='ocr_line' id='line_1_45' title="bbox 75 2807 1675 2859; baseline 0.001 -13"><span class='ocrx_word' id='word_1_436' title='bbox 75 2810 205 2847; x_wconf 86' lang='lat' dir='ltr'>suasit</span> <span class='ocrx_word' id='word_1_437' title='bbox 225 2807 305 2846; x_wconf 89' lang='lat' dir='ltr'>sibi</span> <span class='ocrx_word' id='word_1_438' title='bbox 325 2821 413 2848; x_wconf 89' lang='lat' dir='ltr'>rem</span> <span class='ocrx_word' id='word_1_439' title='bbox 433 2821 477 2847; x_wconf 87' lang='lat' dir='ltr'>se</span> <span class='ocrx_word' id='word_1_440' title='bbox 497 2809 762 2858; x_wconf 88' lang='lat' dir='ltr'>plausibilem</span> <span class='ocrx_word' id='word_1_441' title='bbox 782 2810 1000 2857; x_wconf 85' lang='lat' dir='ltr'>facturum,</span> <span class='ocrx_word' id='word_1_442' title='bbox 1025 2810 1060 2847; x_wconf 91' lang='lat' dir='ltr'>si</span> <span class='ocrx_word' id='word_1_443' title='bbox 1079 2823 1229 2859; x_wconf 87' lang='lat' dir='ltr'>paucos</span> <span class='ocrx_word' id='word_1_444' title='bbox 1246 2823 1391 2849; x_wconf 84' lang='lat' dir='ltr'>versus</span> <span class='ocrx_word' id='word_1_445' title='bbox 1418 2813 1458 2849; x_wconf 90' lang='lat' dir='ltr'>et</span> <span class='ocrx_word' id='word_1_446' title='bbox 1477 2811 1675 2849; x_wconf 90' lang='lat' dir='ltr'>aduersus</span> 
     </span>
     <span class='ocr_line' id='line_1_46' title="bbox 74 2863 1670 2912; baseline 0.001 -12"><span class='ocrx_word' id='word_1_447' title='bbox 74 2863 457 2911; x_wconf 84' lang='lat' dir='ltr'>petulantissimum</span> <span class='ocrx_word' id='word_1_448' title='bbox 487 2864 574 2902; x_wconf 87' lang='lat' dir='ltr'>eius</span> <span class='ocrx_word' id='word_1_449' title='bbox 599 2863 790 2902; x_wconf 89' lang='lat' dir='ltr'>libellum</span> <span class='ocrx_word' id='word_1_450' title='bbox 818 2866 859 2902; x_wconf 89' lang='lat' dir='ltr'>et</span> <span class='ocrx_word' id='word_1_451' title='bbox 887 2864 932 2902; x_wconf 90' lang='lat' dir='ltr'>in</span> <span class='ocrx_word' id='word_1_452' title='bbox 956 2863 1102 2902; x_wconf 91' lang='lat' dir='ltr'>bellico</span> <span class='ocrx_word' id='word_1_453' title='bbox 1129 2864 1316 2902; x_wconf 90' lang='lat' dir='ltr'>tumultu</span> <span class='ocrx_word' id='word_1_454' title='bbox 1336 2865 1527 2903; x_wconf 85' lang='lat' dir='ltr'>ludentes</span> <span class='ocrx_word' id='word_1_455' title='bbox 1557 2865 1670 2912; x_wconf 85' lang='lat' dir='ltr'>olim,</span> 
     </span>
     <span class='ocr_line' id='line_1_47' title="bbox 74 2917 1672 2968; baseline 0.001 -14"><span class='ocrx_word' id='word_1_456' title='bbox 74 2927 187 2955; x_wconf 88' lang='lat' dir='ltr'>nunc</span> <span class='ocrx_word' id='word_1_457' title='bbox 217 2917 393 2967; x_wconf 87' lang='lat' dir='ltr'>denique</span> <span class='ocrx_word' id='word_1_458' title='bbox 421 2917 483 2955; x_wconf 89' lang='lat' dir='ltr'>tot</span> <span class='ocrx_word' id='word_1_459' title='bbox 510 2917 632 2957; x_wconf 88' lang='lat' dir='ltr'>annis</span> <span class='ocrx_word' id='word_1_460' title='bbox 659 2919 754 2968; x_wconf 85' lang='lat' dir='ltr'>post</span> <span class='ocrx_word' id='word_1_461' title='bbox 783 2918 930 2956; x_wconf 85' lang='lat' dir='ltr'>factam</span> <span class='ocrx_word' id='word_1_462' title='bbox 960 2931 1005 2956; x_wconf 88' lang='lat' dir='ltr'>ac</span> <span class='ocrx_word' id='word_1_463' title='bbox 1034 2918 1241 2957; x_wconf 81' lang='lat' dir='ltr'>firmatam</span> <span class='ocrx_word' id='word_1_464' title='bbox 1270 2932 1419 2968; x_wconf 88' lang='lat' dir='ltr'>pacem,</span> <span class='ocrx_word' id='word_1_465' title='bbox 1443 2919 1488 2957; x_wconf 88' lang='lat' dir='ltr'>in</span> <span class='ocrx_word' id='word_1_466' title='bbox 1519 2921 1672 2968; x_wconf 81' lang='lat' dir='ltr'>quanta</span> 
     </span>
    </p>
   </div>
   <div class='ocr_carea' id='block_1_8' title="bbox 643 3032 1101 3072">
    <p class='ocr_par' dir='ltr' id='par_1_8' title="bbox 643 3032 1101 3072">
     <span class='ocr_line' id='line_1_48' title="bbox 643 3032 1101 3072; baseline -0.002 -9"><span class='ocrx_word' id='word_1_467' title='bbox 643 3033 737 3064; x_wconf 81' lang='lat'>1087.</span> <span class='ocrx_word' id='word_1_468' title='bbox 756 3042 787 3072; x_wconf 88' lang='lat'>3.</span> <span class='ocrx_word' id='word_1_469' title='bbox 812 3032 969 3064; x_wconf 84' lang='lat' dir='ltr'>celatum</span> <span class='ocrx_word' id='word_1_470' title='bbox 985 3034 1101 3063; x_wconf 78' lang='lat' dir='ltr'>Jortz&#39;n.</span> 
     </span>
    </p>
   </div>
   <div class='ocr_carea' id='block_1_9' title="bbox 1699 2233 1735 2255">
    <p class='ocr_par' dir='ltr' id='par_1_9' title="bbox 1699 2233 1735 2255">
     <span class='ocr_line' id='line_1_49' title="bbox 1699 2233 1735 2255; baseline 0.056 -2"><span class='ocrx_word' id='word_1_471' title='bbox 1699 2233 1735 2255; x_wconf 90' lang='lat'>10</span> 
     </span>
    </p>
   </div>
   <div class='ocr_carea' id='block_1_10' title="bbox 1700 2504 1734 2534">
    <p class='ocr_par' dir='ltr' id='par_1_10' title="bbox 1700 2504 1734 2534">
     <span class='ocr_line' id='line_1_50' title="bbox 1700 2504 1734 2534; baseline 0 0"><span class='ocrx_word' id='word_1_472' title='bbox 1700 2504 1734 2534; x_wconf 75' lang='lat'>15</span> 
     </span>
    </p>
   </div>
   <div class='ocr_carea' id='block_1_11' title="bbox 1698 2770 1736 2791">
    <p class='ocr_par' dir='ltr' id='par_1_11' title="bbox 1698 2770 1736 2791">
     <span class='ocr_line' id='line_1_51' title="bbox 1698 2770 1736 2791; baseline 0 0"><span class='ocrx_word' id='word_1_473' title='bbox 1698 2770 1736 2791; x_wconf 92' lang='lat'>20</span> 
     </span>
    </p>
   </div>
  </div>
 </body>
</html>
