1990 3353
76 124 176 179 998]

79 247 146 272 me
166 234 349 273 traducis
371 234 479 283 apud
500 247 569 272 eos
588 234 660 283 qui
679 232 757 272 tibi
776 233 902 271 iurati
917 233 1023 270 mihi
1036 232 1143 270 male
1157 232 1342 281 cupiunt,
1361 245 1433 270 nec
1454 245 1520 270 me
1536 232 1675 270 reddis
1698 246 1734 277 25

78 288 293 326 meliorem
315 291 354 326 et
374 288 469 327 illos
488 288 634 326 inficis.
695 287 802 336 Quid
824 288 933 336 quod
955 286 1128 325 interim
1148 299 1222 324 nec
1242 289 1336 325 tuae
1358 286 1524 335 gloriae,
1549 299 1673 336 quam

77 342 154 380 hoc
174 343 363 381 tumultu
382 343 559 389 venaris,
582 342 683 381 satis
701 343 812 380 recte
832 341 1016 379 consulis
1030 342 1051 379 ‘?
1105 340 1150 379 Si
1169 341 1314 378 statim
1330 341 1555 379 aedidisses
1571 353 1674 390 opus

77 398 211 444 tuum,
235 410 378 435 omnes
405 397 598 435 admirati
624 397 803 434 fuissent
829 395 1108 445 prodigiosam
1137 395 1295 445 ingenii
1325 395 1387 432 tui
1414 394 1669 441 felicitatem,

77 450 147 500 qui
165 451 352 500 pauculis
371 451 588 489 mensibus
607 452 774 489 tantum
795 449 1040 488 Graecitatis
1054 452 1095 488 et
1124 449 1365 487 Hebraismi
1381 449 1607 495 deuoraris,
1627 451 1673 487 vt

76 506 148 543 tuo
168 505 322 543 iudicio
342 505 448 543 nihil
467 505 598 555 sapiat
614 505 658 542 in
674 504 841 543 Graecis
856 504 1067 552 Erasmus,
1087 504 1131 542 in
1147 503 1365 542 Hebraicis
1386 503 1672 552 Hieronymus
1693 513 1732 543 30

76 558 126 607 (si
159 560 300 597 tamen
332 560 434 598 haec
467 563 529 597 est
560 559 675 597 illius
704 558 958 606 translatio):
1002 571 1099 596 nam
1130 558 1173 596 id
1202 557 1374 596 honoris
1403 558 1536 607 gratia
1565 557 1674 596 soles

75 612 234 659 addere,
259 627 310 651 ne
337 627 485 663 parum
506 614 669 652 videare
693 613 876 651 tribuere
901 612 1172 661 Hieronymo.
1234 613 1328 650 Imo
1357 611 1476 650 aiunt
1505 615 1546 651 te
1576 625 1674 650 mox

75 667 214 706 triduo
225 670 496 718 posteaquam
509 666 778 706 Hebraissare
794 679 996 716 coeperas,
1012 667 1147 705 multa
1161 667 1378 705 damnasse
1390 666 1435 704 in
1448 667 1669 716 Capnione,

75 722 281 760 nonnulla
300 722 428 760 etiam
448 723 493 760 in
513 722 724 771 Capitone.
785 722 838 759 Et
867 721 959 760 fieri
987 724 1147 771 poterat
1171 722 1218 759 vt
1245 733 1436 759 summus
1458 721 1668 768 Pontifex,

74 775 306 814 admiratus
332 777 443 815 istud
470 776 687 826 ingenium
711 789 814 825 pene
844 775 1048 823 diuinum,
1072 775 1150 814 tibi
1178 775 1331 813 tradita
1350 775 1514 824 virgula
1544 774 1672 813 totius
1692 779 1730 810 35

74 829 186 868 orbis
207 843 423 869 censuram
444 831 566 869 fuerit
586 830 858 868 mandaturus
877 845 886 877 ;
911 843 985 868 nec
1005 832 1089 868 iam
1110 829 1221 868 vllus
1240 829 1347 868 liber
1365 832 1438 868 aut
1457 829 1674 867 aederetur

74 886 144 922 aut
164 884 380 934 legeretur,
400 885 482 923 nisi
499 885 571 923 Lei
586 885 782 934 suffragio
797 885 1007 935 probatus,
1028 885 1230 922 nimirum
1246 884 1376 922 totius
1391 885 1451 922 rei
1468 884 1673 922 literariae

74 938 316 977 Aristarchi.

129 992 250 1031 Nunc
279 993 466 1043 plerique
496 994 693 1032 dictitant
723 996 764 1032 te
792 993 871 1032 hoc
900 992 1073 1031 consilio
1099 1005 1286 1042 premere
1311 992 1542 1043 praeclaras
1569 993 1672 1031 istas

73 1047 394 1094 Annotationes,
418 1050 464 1086 vt
484 1061 552 1086 me
568 1048 665 1087 fatis
682 1049 826 1086 functo
848 1051 940 1086 tum
961 1048 1132 1086 demum
1154 1047 1275 1085 aedas
1294 1061 1302 1094 ;
1333 1048 1452 1098 ἐρήμῃ
1470 1047 1668 1093 victurus,
1691 1058 1732 1087 40

72 1101 114 1139 id
147 1104 209 1140 est
238 1101 459 1152 ingloriam
491 1103 710 1141 victoriam
739 1104 1033 1152 reportaturus,
1067 1115 1161 1140 cum
1192 1115 1317 1140 nemo
1345 1102 1399 1140 sit
1429 1101 1500 1151 qui
1530 1104 1673 1140 contra

72 1158 210 1194 certet.
271 1156 358 1194 Alii
395 1157 635 1206 praedicant
671 1156 841 1195 interim
879 1157 1060 1206 vndique
1099 1158 1260 1206 captare
1290 1159 1332 1195 te
1365 1157 1466 1206 quid
1499 1157 1671 1206 quisque

73 1209 360 1259 calumnietur,
396 1225 469 1249 nec
498 1213 621 1250 tuum
651 1224 754 1261 opus
781 1211 894 1250 aliud
923 1212 1115 1249 futurum
1150 1224 1275 1260 quam
1301 1211 1531 1249 alienarum
1560 1223 1672 1260 syco-

71 1264 339 1314 phantiarum
368 1266 645 1315 rhapsodiam,
667 1266 713 1303 in
743 1279 825 1316 qua
854 1266 1031 1304 minima
1057 1265 1191 1315 portio
1219 1265 1275 1304 sit
1297 1265 1362 1303 tui
1386 1265 1546 1304 Martis.
1605 1265 1672 1303 Ita

71 1319 302 1368 periculum
323 1322 387 1358 est
407 1333 458 1358 ne
479 1320 552 1359 fiat
571 1323 628 1368 vt,
652 1333 747 1358 cum
766 1320 848 1358 tibi
862 1320 1038 1370 speraris
1053 1320 1236 1369 opimam
1257 1320 1437 1365 laudem,
1457 1319 1598 1357 minus
1620 1332 1670 1357 ex
1690 1330 1730 1362 45

70 1375 143 1411 tuo
168 1373 276 1413 libro
301 1375 453 1413 referas
475 1375 627 1424 gloriae
661 1388 788 1425 quam
817 1373 1018 1413 Latomus
1046 1374 1211 1412 rettulit
1239 1387 1289 1412 ex
1318 1388 1393 1413 suo
1422 1374 1495 1412 illo
1519 1373 1671 1423 frigido

72 1427 260 1478 Dialogo,
279 1428 325 1466 in
345 1443 424 1479 quo
444 1429 586 1467 ferunt
607 1431 741 1467 totam
759 1429 1050 1479 theologorum
1070 1429 1282 1467 cohortem
1304 1429 1532 1467 desudasse.
1586 1428 1670 1466 Nec

71 1481 215 1521 dubito
245 1483 345 1533 quin
369 1483 446 1521 tibi
472 1483 595 1522 valde
618 1497 730 1522 nunc
759 1483 970 1522 arrideant
996 1496 1098 1533 quae
1124 1483 1270 1521 scribis
1289 1498 1298 1531 3
1316 1483 1522 1521 ·sedvcaue
1549 1484 1670 1532 putes

71 1536 215 1575 itidem
244 1537 440 1576 omnibus
467 1537 658 1586 arrisum,
687 1551 782 1576 cum
811 1538 943 1576 clarae
970 1537 1051 1576 luci
1078 1550 1166 1576 sese
1193 1537 1490 1576 commiserint.
1551 1537 1669 1584 Quod

70 1591 236 1629 iuuenis
255 1592 409 1641 gloriae
428 1592 538 1631 fame
558 1591 798 1641 stimularis,
822 1593 1123 1642 ignoscendum
1147 1591 1328 1630 arbitror
1346 1606 1355 1639 ;
1385 1594 1427 1630 at
1455 1592 1565 1641 quod
1591 1591 1670 1629 ista
1691 1605 1731 1635 50

70 1645 138 1684 via
177 1647 375 1696 grassaris
414 1647 464 1685 ad
498 1647 688 1696 gloriam,
722 1647 792 1697 qui
825 1661 910 1685 non
944 1647 1081 1685 solum
1114 1646 1333 1696 theologus
1365 1659 1411 1684 ac
1444 1647 1509 1684 vir
1538 1646 1673 1684 bonus

71 1700 345 1738 verumetiam
375 1701 590 1740 sanctulus
619 1701 761 1740 haberi
789 1701 864 1750 vis,
896 1701 1014 1740 nulla
1042 1714 1128 1740 non
1158 1700 1412 1750 improbabit
1440 1700 1669 1750 posteritas,

69 1754 235 1793 etiamsi
274 1768 360 1793 non
400 1755 550 1794 desunt
588 1757 762 1795 fortasse
800 1757 872 1806 qui
910 1769 1023 1794 nunc
1061 1756 1325 1805 applaudant.
1387 1757 1525 1805 Atque
1563 1755 1666 1793 han(-

70 1808 254 1848 fabulam
274 1810 359 1848 iam
380 1809 509 1848 ferme
530 1810 749 1848 biennium
769 1811 858 1861 agis
874 1825 883 1857 ;
913 1812 952 1848 et
973 1810 1076 1849 adeo
1092 1810 1292 1848 dulcescit
1307 1810 1413 1848 actio
1429 1817 1473 1848 vt
1488 1809 1671 1848 immori-

68 1865 188 1902 turus
207 1864 398 1902 videaris.
1691 1877 1730 1907 55

123 1918 208 1956 Nec
228 1921 371 1957 tamen
387 1919 438 1957 ob
453 1919 534 1957 ista
545 1919 652 1958 facta
667 1919 769 1958 adeo
785 1919 863 1958 tibi
879 1932 973 1958 sum
990 1919 1179 1957 infensus
1191 1921 1238 1958 vt
1254 1919 1417 1968 cupiam
1431 1931 1669 1968 quenquam

69 1971 146 2009 tibi
167 1973 234 2010 vel
250 1973 336 2023 pilo
356 1973 497 2012 minus
513 1974 695 2012 amicum
715 1987 804 2012 esse
825 1987 916 2012 mea
936 1986 1056 2011 causa
1073 1989 1082 2020 ;
1112 1975 1277 2011 tanturn
1299 1973 1415 2011 abest
1435 1975 1481 2010 vt
1503 1972 1669 2023 grauius

68 2026 234 2076 aliquod
274 2027 433 2066 malum
472 2030 611 2078 optem
645 2029 836 2067 accidere.
898 2028 977 2066 Sed
1017 2041 1082 2066 res
1114 2040 1322 2077 nusquam
1355 2028 1547 2076 gentium
1583 2040 1668 2065 non

69 2093 209 2130 sparsa
239 2084 324 2120 est:
362 2084 420 2120 sic
454 2083 567 2120 enim
595 2082 780 2133 vndique
807 2083 988 2122 volitant
1018 2082 1222 2121 emissarii
1251 2081 1427 2120 istorum
1457 2082 1529 2131 qui
1558 2095 1668 2119 nouo

68 2136 254 2185 exemplo
276 2136 406 2175 simul
433 2138 474 2174 et
501 2137 685 2175 mendici
713 2140 812 2176 sunt
836 2140 877 2175 et
903 2137 1086 2186 tyranni,
1118 2139 1164 2175 vt
1189 2136 1301 2174 dictu
1331 2137 1386 2174 sit
1410 2135 1666 2174 incredibile.
1687 2141 1729 2172 60

56 2189 151 2228 ‘Nec
181 2190 267 2228 vlla
295 2193 358 2229 est
388 2191 501 2229 natio
529 2192 576 2229 in
607 2205 687 2241 qua
715 2205 830 2229 meae
851 2191 1160 2230 lucubrationes
1187 2204 1271 2229 non
1291 2190 1448 2240 aliquot
1468 2190 1669 2228 amiculos

67 2244 172 2282 mihi
193 2245 454 2284 conciliarint
470 2260 480 2293 ;
508 2248 550 2284 at
568 2246 612 2284 in
631 2246 854 2285 Germania
870 2246 1104 2295 complures
1119 2247 1218 2284 sunt
1233 2246 1303 2294 qui
1317 2245 1423 2283 mihi
1437 2245 1668 2294 impensius

67 2299 237 2337 student
257 2299 382 2338 etiam
403 2313 528 2350 quam
543 2301 682 2341 velim.
735 2300 819 2339 Nec
833 2301 998 2350 ignoras
1014 2299 1140 2338 huius
1154 2299 1290 2349 gentis
1310 2299 1472 2339 animos
1492 2299 1667 2349 ingenii-

67 2366 144 2403 que
165 2353 421 2392 violentiam.
473 2354 671 2394 Nondum
687 2355 800 2393 enim
816 2368 987 2404 prorsus
1007 2356 1214 2392 exuerunt
1231 2354 1419 2392 natiuam
1436 2354 1552 2392 illam
1568 2354 1669 2391 fero-

66 2407 244 2455 citatem,
275 2408 466 2458 quamuis
491 2411 658 2448 assidue
684 2409 910 2448 mitescunt
939 2409 1134 2447 humanis
1158 2408 1304 2447 literis.
1363 2408 1491 2446 Vides
1517 2408 1670 2458 quibus
1688 2413 1729 2453 65

66 2461 220 2500 libellis
241 2463 484 2501 confodiant
503 2477 572 2503 eos
592 2478 615 2503 a
640 2464 791 2513 quibus
821 2466 920 2502 sunt
947 2463 1137 2501 lacessiti.
1199 2462 1406 2513 Equidem
1435 2462 1669 2501 multorum

627 124 699 163 TO
735 124 990 163 EDWARD
1029 124 1136 162 LEE
1631 123 1676 161 11

434 2569 486 2599 37.
512 2561 688 2591 nimirum
703 2563 779 2591 aad.
795 2563 830 2591 F.
954 2561 1007 2598 65.
1034 2560 1227 2590 mitescant
1245 2563 1286 2591 II.

108 2667 160 2696 29.
178 2657 408 2698 Graecitatis]
422 2658 474 2690 Cf.
489 2658 578 2698 Epp.
593 2658 670 2697 607.
688 2667 737 2697 15.
750 2660 824 2698 906.

65 2709 183 2739 450-1‚
201 2709 274 2739 912-
294 2710 368 2741 7-9‚
386 2711 462 2741 972·
479 2712 511 2741 2,
533 2711 628 2741 1053·
646 2712 763 2741 292-3-

107 2753 158 2783 34.
185 2744 311 2785 etiam]
352 2745 419 2776 For
448 2746 524 2776 this
555 2746 764 2777 estimation
796 2746 834 2776 of

64 2786 189 2827 Capito
205 2788 313 2818 above
331 2788 509 2820 Reuchlin
527 2789 571 2821 cf.
590 2790 654 2829 Ep.
672 2799 747 2828 413.
769 2799 817 2827 14.

106 2831 160 2870 46.
187 2831 372 2873 Latomus]
397 2832 461 2864 See
478 2833 542 2872 Ep.
557 2842 633 2872 934.
650 2843 736 2872 3nn.

106 2883 161 2914 59.
187 2875 356 2916 istorum]
371 2876 445 2908 The
459 2876 583 2913 sriars;
599 2877 716 2907 whom
731 2877 832 2907 Eras-

67 2927 144 2949 mus
182 2917 391 2958 frequently
422 2920 532 2960 styles
569 2919 829 2959 πτωχοτύραννοι

66 2960 169 3002 (Epp.
183 2963 275 2993 1082.
298 2972 348 3002 13,
363 2972 456 3002 1113.
469 2965 521 3004 38,
540 2973 552 2993 1
564 2973 632 3002 144.
645 2973 695 2995 21.
714 2973 794 3002 1215
808 2975 832 3002 »3

65 3004 110 3037 cf.
127 3005 189 3045 Ep.
212 3015 304 3045 1053.
324 3016 442 3046 401ss9.

941 2659 994 2696 64.
1020 2658 1250 2697 violentiam]
1278 2658 1329 2689 Cf.
1356 2659 1442 2698 Epp.
1467 2659 1541 2697 967.
1571 2659 1666 2697 76-7,

897 2703 971 2741 981.
988 2713 1018 2740 4,
1042 2711 1134 2741 1155.
1152 2703 1250 2741 289,
1273 2704 1366 2740 1167.
1385 2712 1482 2742 9—10.

941 2746 994 2784 65.
1020 2745 1233 2786 mitescunt]
1259 2745 1311 2776 Cf.
1331 2746 1393 2785 Ep.
1412 2756 1488 2784 941.
1511 2755 1624 2776 10-12.

944 2790 996 2819 66.
1022 2789 1172 2829 libellis]
1213 2790 1264 2820 As
1303 2790 1503 2828 specimens
1535 2788 1573 2819 of
1608 2789 1668 2819 the

899 2833 1037 2863 attacks
1050 2833 1153 2863 made
1166 2833 1428 2872 subsequently
1439 2843 1483 2862 on
1496 2832 1564 2863 Lec
1578 2833 1669 2862 from

902 2877 1083 2915 Germany
1102 2886 1184 2915 may
1209 2877 1249 2907 be
1274 2877 1368 2907 cited
1393 2877 1468 2907 ΕΑΕ
1489 2883 1539 2916 (p.
1565 2885 1624 2906 201
1662 2887 1668 2905 :

901 2923 944 2952 In
960 2923 1148 2950 Edam-dum
1166 2923 1275 2951 Leenm
1298 2924 1496 2957 quorundam
1518 2932 1532 2950 e
1555 2921 1669 2950 sodali-

902 2967 960 2994 care
976 2966 1119 2994 literaria
1132 2967 1342 3000 Erphurclien.
1359 2966 1517 2994 Erasmici
1532 2965 1669 2993 nominis

901 3010 1108 3038 stucliosorzmz
1155 3009 1410 3047 Epiqranmzasa,
1458 3007 1592 3038 Erfurt.
1633 3006 1665 3036 J.
