1990 3353
300 128 379 167 352
774 131 1024 171 LETTERS
1064 133 1135 172 oF
1173 134 1440 174 ERASMUS

1772 133 1898 188 [1520

299 237 335 267 to
350 238 457 275 quote
474 250 479 269 z
504 238 569 269 but
589 238 652 269 the
669 239 776 270 letter
794 240 839 270 he
857 240 966 271 refers
990 242 1036 281 to,
1058 250 1140 281 may
1157 242 1247 273 have
1271 242 1362 273 been
1380 243 1528 273 written
1545 243 1582 273 in
1604 252 1687 282 1530
1705 243 1763 284 (cf.
1781 243 1894 274 Lond.

299 289 378 310 xxx.
400 290 453 319 53,
473 282 542 312 LB.
564 284 663 322 1146)
681 293 720 313 or
738 293 816 322 1531
836 284 919 324 (EE.
946 285 1031 324 155).

343 324 406 354 See
423 336 443 355 a
460 325 522 356 life
540 327 585 365 by
601 326 655 357 W.
677 326 786 357 Hartl
802 328 874 358 and
891 328 933 359 K.
953 328 1114 368 Schrauf,
1134 339 1192 369 pp.
1213 339 1339 369 43—101
1359 330 1397 360 in
1422 329 1520 360 their
1542 332 1724 368 Naclzftreiqe,
1747 331 1839 370 1898,
1860 332 1896 361 to

297 366 515 399 Aschbach's
546 372 648 400 Gesclz.
679 373 734 401 der
753 373 875 402 Wiener
902 374 1005 409 Unir„
1022 372 1113 402 with
1139 382 1185 403 an
1214 373 1418 412 admirably
1441 372 1600 404 detailed
1622 373 1898 413 bibliography:

297 410 371 441 also
389 411 456 443 GE.
476 413 513 452 ii,
536 413 651 444 MHE.
669 414 706 452 ii,
726 415 777 453 iii⁷
798 414 865 445 EE.
886 415 958 445 and
979 415 1044 446 VE.
1091 416 1201 456 Many
1217 417 1256 447 of
1277 417 1334 447 his
1357 416 1465 447 books
1481 417 1552 447 and
1569 427 1588 447 a
1605 416 1674 447 few
1689 417 1728 447 of
1747 418 1805 448 his
1822 426 1894 448 mss.

296 463 354 484 are
368 464 450 485 now
468 456 506 486 in
525 457 586 487 the
603 457 714 495 Royal
732 458 883 497 Library
899 461 933 489 at
951 459 1103 490 Vienna.
1154 461 1258 491 Some
1276 461 1398 491 letters
1415 461 1486 491 and
1500 470 1620 491 verses
1636 460 1757 491 which
1771 461 1898 500 passed

296 497 459 529 between
477 499 554 530 him
566 501 637 531 and
649 501 840 541 XVolfgang
854 502 1018 541 Ryehard
1033 503 1070 533 of
1085 503 1181 539 Ulm,
1202 513 1361 543 1517-35,
1376 514 1435 534 are
1453 504 1576 542 copied
1589 504 1665 535 into
1683 504 1746 535 the
1759 504 1898 536 latter's

297 541 537 583 Letter-b00k‚
557 553 637 574 now
654 545 693 574 iu
711 545 774 576 the
790 545 898 576 Town
915 546 1067 586 Library
1082 549 1119 578 at
1138 547 1326 588 Hamburg
1344 547 1461 589 (Wolf
1475 548 1546 579 MS.
1567 550 1613 585 4⁰.
1633 547 1722 589 49).]

464 652 557 684 DES.
585 654 794 684 ERASMVS
828 655 1163 685 ROTERODAMVS
1196 657 1450 687 ERVDITISS.
1475 657 1638 687 IVVENI‘
1670 657 1732 687 10.

711 723 990 753 ALEXANDRO
1023 723 1302 755 BRASSICANO
1332 725 1414 755 SVO
1447 726 1479 755 S.

351 820 578 859 GRATVLOR
590 820 680 869 tibi,
697 822 758 859 mi
771 821 1025 869 Brassicane‚
1043 821 1114 871 qui
1131 821 1287 859 virenti
1301 821 1436 860 adhuc
1449 821 1619 860 iuuenta
1634 821 1679 860 in
1693 821 1897 860 rhetorica

293 874 447 924 pariter
461 887 507 912 ac
523 875 683 924 poetica
699 876 893 914 facultate
914 890 960 914 eo
976 876 1109 914 laudis
1126 889 1367 925 progressus
1388 877 1445 914 sis
1465 889 1547 926 quo
1567 877 1709 926 paucis
1728 876 1897 915 senibus

293 929 435 967 venire
471 929 674 979 contingit
692 946 701 978 ;
744 930 931 979 gratulor
964 931 1100 968 seculo
1130 932 1284 978 nostro,
1313 931 1422 980 quod
1457 930 1501 968 in
1535 930 1732 969 omnibus
1764 930 1898 968 ferme

294 983 532 1033 regionibus
561 984 718 1022 multos
747 985 812 1022 tui
840 985 998 1022 similes
1027 985 1195 1033 profert.
1255 985 1384 1023 Ornat
1414 984 1582 1034 quidem
1617 984 1896 1023 eruditionem

257 1047 274 1077 5
294 1039 410 1075 tuam
439 1037 577 1076 laurea
604 1038 690 1076 tuis
712 1038 941 1077 virtutibus
962 1039 1122 1076 tributa
1146 1052 1169 1076 a
1192 1039 1363 1077 Caesare
1386 1039 1686 1087 Maximiliano,
1715 1039 1786 1088 qui
1812 1052 1896 1078 non

294 1093 449 1129 temere
462 1092 532 1130 sed
548 1105 715 1130 summo
732 1093 893 1131 delectu
909 1093 1067 1131 solebat
1081 1093 1283 1131 honorem
1299 1093 1412 1131 hunc
1428 1093 1580 1143 largiri,
1597 1107 1681 1132 non
1694 1093 1871 1131 vendere
1887 1107 1896 1140 ;

294 1146 428 1184 immo
448 1147 610 1184 nemini
631 1146 810 1185 donabat
831 1147 1032 1185 honorem
1053 1161 1177 1197 quem
1198 1147 1379 1185 eundem
1406 1161 1492 1185 non
1511 1148 1683 1186 donaret
1709 1160 1892 1186 munere.

295 1200 413 1248 Quod
427 1201 595 1250 quidem
615 1201 852 1250 exemplum
868 1202 1030 1240 vtinam
1051 1201 1184 1240 nostri
1198 1201 1414 1252 pontifices
1430 1202 1699 1240 imitarentur
1712 1202 1757 1239 in
1773 1201 1897 1240 rebus

294 1254 434 1303 sacris,
451 1255 559 1305 quod
574 1255 646 1293 ille
662 1256 867 1305 praestitit
882 1256 925 1294 in
941 1256 1167 1305 prophanis
1183 1258 1190 1295 Σ
1236 1256 1415 1294 Etiamsi
1435 1269 1598 1294 sacrum
1615 1258 1678 1294 est
1699 1256 1895 1306 quicquid

237 1323 275 1346 10
294 1309 344 1347 ad
374 1309 550 1348 honesta
579 1310 719 1348 studia
746 1310 934 1360 pertinet,
969 1310 1037 1348 sed
1068 1313 1209 1349 tamen
1243 1310 1521 1360 pulcherrima
1556 1310 1708 1360 gloriae
1741 1309 1890 1356 laurea,

293 1376 419 1413 quam
439 1364 734 1402 eruditissimis
754 1365 921 1414 scriptis
940 1365 1025 1404 tuis
1045 1365 1269 1415 promereri
1285 1378 1441 1415 perges,
1459 1364 1576 1403 nullo
1592 1377 1776 1414 vnquam
1792 1378 1895 1403 aeuo

293 1421 526 1457 marcescet.

348 1472 464 1520 Quod
494 1473 720 1511 Erasmum
753 1475 817 1512 tot
849 1474 1043 1512 laudibus
1076 1486 1220 1512 oneras
1249 1473 1388 1511 verius
1418 1486 1542 1523 quam
1577 1486 1711 1519 ornas,
1743 1472 1897 1512 rectius

292 1526 416 1565 facies
450 1526 485 1565 si
518 1527 734 1566 facundiae
767 1530 862 1566 tuae
893 1528 1056 1566 felicius
1090 1530 1385 1577 argumentum
1419 1527 1624 1577 quesieris.
1686 1527 1816 1575 Quod,
1848 1530 1895 1566 vt

235 1593 273 1625 15
292 1581 450 1628 scribis,
467 1583 579 1620 totus
601 1581 839 1620 Erasmicus
858 1595 911 1629 es,
930 1582 1023 1620 vide
1042 1582 1169 1620 etiam
1189 1583 1312 1632 atque
1333 1581 1460 1620 etiam
1481 1594 1534 1619 ne
1554 1582 1792 1631 exemplum
1809 1595 1894 1620 non

292 1636 518 1674 admodum
537 1636 714 1685 probum
733 1636 974 1686 sumpseris.
1018 1637 1093 1675 Est
1107 1637 1294 1675 fortassis
1313 1637 1358 1674 in
1379 1637 1554 1674 Erasmo
1573 1637 1681 1685 quod
1703 1636 1895 1674 imitetur

293 1690 444 1740 aliquis
461 1705 470 1738 3
508 1693 549 1728 at
579 1703 664 1728 non
693 1691 835 1739 sapiat,
870 1703 961 1729 mea
995 1691 1161 1740 quidem
1195 1690 1415 1737 sententia,
1445 1690 1517 1739 qui
1548 1691 1689 1728 totum
1723 1693 1894 1729 conetur

292 1745 535 1793 exprimere.
586 1744 835 1783 Absolutius
854 1746 1092 1795 exemplum
1112 1744 1179 1783 vel
1199 1745 1298 1783 haec
1317 1747 1430 1783 aetas
1450 1744 1587 1783 dabit:
1616 1744 1717 1783 adeo
1736 1744 1890 1794 passim

293 1799 539 1837 exoriuntur

233 1863 273 1886 20
684 1854 825 1891 πολλοὶ
844 1853 1008 1903 μαθηταὶ
1028 1854 1230 1904 κρείττονες
1250 1853 1497 1891 διδασκάλων.

348 1957 453 2006 Quid
474 1956 567 1995 aliis
587 1957 641 1995 sit
660 1957 790 1995 animi
811 1957 883 2006 qui
902 1957 1029 2007 primi
1049 1957 1158 2006 apud
1179 1970 1254 1995 nos
1281 1969 1376 1994 cum
1402 1955 1625 1994 barbaricis
1651 1956 1894 1996 cohortibus

292 2011 438 2050 luctati
466 2013 565 2049 sunt
594 2011 758 2057 nesci0;
797 2024 871 2061 ego
903 2014 1012 2049 certe
1041 2024 1108 2049 me
1138 2012 1196 2049 sic
1228 2010 1439 2049 obscurari
1467 2010 1635 2059 gaudeo,
1662 2013 1786 2060 atque
1815 2011 1891 2050 hoc

292 2079 391 2104 sane
410 2065 640 2115 impensius
660 2066 830 2114 gaudeo,
853 2066 959 2116 quod
981 2078 1075 2103 011111
1096 2065 1206 2114 apud
1226 2064 1357 2103 Italos
1381 2065 1483 2102 olim
1510 2078 1631 2102 nemo
1652 2064 1736 2103 fere
1762 2065 1892 2104 bonas

291 2120 433 2158 literas
470 2120 732 2169 profiteretur
769 2121 870 2170 quin
909 2119 1069 2170 ingenii
1103 2120 1267 2158 laudem
1300 2118 1537 2168 insignibus
1576 2132 1742 2157 morum
1776 2119 1892 2158 vitiis

232 2188 270 2219 25
292 2175 604 2222 contaminaret,
632 2187 744 2212 nunc
770 2174 879 2212 nulli
904 2175 988 2213 fere
1014 2174 1099 2212 sint
1125 2173 1494 2223 incorruptioribus
1519 2176 1591 2212 aut
1617 2173 1891 2212 sanctioribus

291 2229 478 2267 moribus
498 2242 623 2278 quam
644 2229 714 2278 qui
734 2228 975 2278 politiorum
996 2227 1207 2266 Musarum
1230 2241 1340 2266 sacra
1360 2227 1514 2265 colunt.

346 2283 461 2322 Bene
507 2283 610 2331 vale,
660 2282 898 2322 doctissime
945 2282 1198 2322 Brassicane.
1278 2282 1544 2331 Antuerpiae.

292 2338 491 2376 Octobris.
515 2338 643 2375 Anno
663 2350 827 2376 M.D.xx.

1602 2294 1656 2321 VI.
1690 2281 1890 2321 Calendas

335 2479 367 2508 5,
388 2468 525 2508 laurea]
552 2468 569 2498 Ι
587 2468 630 2498 do
650 2470 713 2499 not
734 2468 840 2498 know
857 2467 965 2498 when
984 2467 1058 2498 this

290 2523 362 2544 was
386 2511 581 2550 conferi-ed,
602 2521 668 2542 nor
691 2513 744 2542 sor
760 2511 859 2542 what
884 2511 1058 2550 composi-

289 2557 377 2587 tion.
425 2556 470 2586 111
487 2564 582 2585 some
599 2565 715 2585 verses
732 2556 770 2585 in
788 2555 842 2586 W.
862 2555 1058 2594 Rychard's

291 2599 517 2630 Letter-book
537 2598 574 2637 (f.
592 2599 659 2639 83),
679 2598 786 2629 dated
806 2609 844 2628 12
862 2599 942 2629 Dec.
963 2608 1054 2637 1517,

291 2643 522 2674 Brassicanus
550 2642 633 2673 does
658 2645 720 2673 not
752 2652 814 2673 use
846 2642 920 2673 this
953 2642 1056 2672 title:

291 2688 355 2718 but
373 2688 419 2726 by
436 2697 455 2724 4
474 2685 595 2716 March
616 2687 697 2724 1518
722 2686 766 2716 he
791 2686 856 2716 has
874 2687 903 2716 it
922 2685 1053 2725 <MHE.

291 2731 342 2763 iii.
380 2733 422 2769 1).
480 2729 647 2760 Between
680 2729 780 2760 those
812 2729 911 2760 dates
944 2729 1055 2759 Maxi-

290 2775 420 2805 milian
459 2772 562 2803 made
593 2773 679 2813 only
709 2775 779 2803 two
818 2773 900 2813 long
937 2772 1052 2803 halts:

1130 2477 1167 2506 14
1182 2467 1307 2506 Dee—4
1324 2468 1405 2498 Jan.
1417 2470 1453 2499 at
1471 2468 1573 2504 Linz,
1588 2469 1630 2499 26
1646 2468 1796 2499 Jan.-26
1807 2467 1888 2500 Feb.

1127 2514 1163 2541 at
1195 2511 1404 2551 Augsburg:
1447 2521 1505 2542 see
1536 2512 1594 2542 his
1632 2512 1808 2550 itinerary
1841 2511 1889 2551 by

1126 2554 1167 2585 V.
1217 2555 1333 2585 Kraus
1376 2558 1414 2585 in
1460 2558 1575 2586 Archiv
1622 2557 1652 2593 f.
1702 2557 1884 2586 oesterrez'cle.

1129 2600 1308 2635 Gesclmme,
1326 2598 1462 2629 lxxxvii
1477 2599 1604 2639 (1899).
1646 2598 1888 2629 Brassicanus’

1128 2642 1317 2672 interview
1353 2642 1445 2672 with
1471 2642 1549 2673 him
1574 2651 1648 2672 was
1672 2642 1826 2682 perhaps
1851 2643 1888 2673 at

1124 2685 1321 2725 Augsburg.

1167 2739 1219 2759 20.
1246 2728 1379 2770 πολλοὶ]
1406 2729 1457 2760 Cf.
1476 2729 1624 2769 Ep.962.
1643 2738 1725 2768 3011,
1745 2738 1796 2768 31.

1168 2783 1219 2803 22.
1246 2772 1441 2813 obscurari]
1468 2772 1519 2804 Cf.
1536 2773 1598 2812 Ep.
1623 2782 1713 2812 1107.
1731 2773 1789 2804 811.
