1990 3353
130 161 145 185 1
159 160 228 196 147
237 147 252 201 ]
649 149 720 188 To
759 149 947 188 PETER
985 150 1209 189 MANIUs
1645 152 1724 190 355

179 259 308 296 Porro
330 258 562 309 complures
581 271 668 297 esse
683 259 951 297 vehementer
966 260 1151 298 infensos
1171 259 1293 297 nobis
1307 260 1545 309 nostrisque
1561 260 1721 307 studiis,

125 313 248 351 etiam
285 313 319 350 si
353 316 397 351 tu
434 327 516 351 non
551 313 793 362 scripsisses,
830 315 971 351 tamen
1010 314 1259 363 quotidianis
1293 314 1528 352 rumoribus
1561 314 1724 353 abunde
1743 322 1783 361 65

126 368 333 406 discimus.
394 367 537 416 Neque
556 368 669 405 enim
690 367 814 405 isthic
833 368 969 406 solum
989 368 1265 406 verumetiam
1285 370 1441 418 passim
1461 368 1506 406 in
1530 369 1725 408 omnibus

124 435 229 471 pene
251 422 413 471 oppidis
432 424 554 471 atque
574 422 641 459 hic
661 421 838 471 denique
859 423 1051 467 Louanii,
1071 422 1134 460 tui
1153 423 1313 460 ordinis
1333 422 1493 461 sodales
1513 425 1553 460 et
1573 423 1723 462 horum

125 476 358 525 symmachi
397 475 643 515 Carmelitae
681 478 767 513 tam
807 476 958 515 stolide
995 476 1298 516 debacchantur
1334 477 1442 527 apud
1485 477 1723 526 imperItam

125 531 440 569 multitudinem
462 531 507 568 in
527 531 707 579 optimas
727 530 881 577 literas,
904 544 1205 581 nonnunquam
1231 533 1269 569 et
1294 531 1339 569 in
1366 544 1516 569 nomen
1543 532 1719 580 Erasmi,

125 587 172 622 vt
198 597 265 623 me
288 598 387 623 sane
406 586 559 634 pudeat
578 584 729 622 referre
749 598 851 634 quae
870 585 966 623 illos
986 598 1071 623 non
1099 585 1226 634 pudet
1253 586 1397 623 dicere.
1455 587 1596 635 Atque
1622 586 1721 625 haec
1744 599 1785 633 70

124 639 379 688 imputarem
399 640 584 689 priuatae
603 638 822 677 stoliditati
841 653 1080 689 paucorum,
1099 639 1181 678 nisi
1202 639 1244 677 id
1266 643 1350 678 tam
1368 640 1523 689 passim
1540 641 1723 679 facerent

123 696 170 731 vt
190 707 239 731 ex
266 693 493 743 composito
513 693 643 731 facere
668 693 901 742 videantur,
923 696 1011 732 tam
1037 693 1211 744 impune
1239 696 1286 732 vt
1312 696 1480 744 patrum
1505 694 1722 744 plebisque

124 761 324 786 consensu
347 748 433 797 geri
452 749 507 786 sit
525 747 761 786 verisimile.
823 747 930 787 Nam
951 748 987 786 si
1006 761 1091 786 non
1111 749 1238 797 pudet
1263 761 1455 786 euomere
1481 751 1569 787 tam
1595 749 1723 787 insul·

123 815 189 840 sas
210 803 389 849 naenias,
413 803 500 840 tam
520 815 639 849 vana,
662 804 749 840 tam
769 803 922 841 atrocia
948 803 1135 841 conuicia
1160 803 1204 840 in
1231 802 1298 840 his
1325 802 1593 841 concionibus
1619 816 1723 853 quae

123 857 331 895 doctrinae
364 857 638 906 Euangelicae
671 857 827 895 dicatae
856 859 968 904 sunt,
1003 857 1100 906 quid
1127 869 1269 895 censes
1296 857 1392 895 illos
1419 856 1583 895 effutire
1613 858 1721 907 apud
1744 871 1781 904 75

123 911 272 949 stultas
302 911 576 958 mulierculas,
609 911 717 960 apud
749 911 898 949 deliros
927 924 1057 959 senes,
1085 911 1191 961 apud
1219 911 1529 960 superstitiosos
1559 911 1718 961 idiotas,

123 966 229 1014 apud
262 966 472 1014 simplices
505 965 845 1012 adolescentulos,
877 966 1026 1016 quibus
1056 965 1198 1015 grauis
1232 969 1296 1004 est
1329 968 1370 1003 et
1404 966 1557 1004 oraculi
1591 966 1722 1005 instar

121 1020 297 1058 istorum
331 1020 564 1058 autoritas?
620 1020 761 1070 Atque
795 1021 970 1067 vtinam,
1006 1021 1066 1058 mi
1103 1021 1243 1067 Petre,
1277 1020 1492 1069 contingat
1525 1021 1723 1059 omnibus

122 1074 230 1123 quod
248 1074 325 1111 tibi
341 1074 487 1112 scribis
506 1088 583 1112 vsu
603 1075 767 1113 venisse
783 1076 791 1113 l
830 1075 880 1113 Id
902 1087 987 1112 non
1007 1076 1094 1113 tam
1114 1087 1205 1112 mea
1223 1075 1387 1124 proprie
1406 1075 1577 1113 referret
1597 1088 1721 1125 quam

121 1128 284 1177 publice
297 1129 425 1167 vestri
443 1129 611 1176 ordinis,
630 1129 696 1166 cui
712 1129 814 1167 tales
830 1129 997 1167 rabulae
1013 1143 1096 1167 non
1113 1129 1249 1167 leuem
1264 1129 1474 1167 concitant
1490 1129 1696 1168 inuidiam
1713 1144 1721 1176 ;
1743 1135 1784 1165 80

120 1185 166 1220 vt
206 1196 257 1221 ne
296 1196 616 1221 commemorem
653 1183 822 1221 interim
861 1184 968 1233 quod
1007 1186 1047 1221 et
1087 1183 1288 1233 populum
1327 1183 1594 1222 detractionis
1631 1184 1724 1222 tabe

120 1237 326 1285 inficiunt,
363 1251 442 1287 qua
476 1251 561 1275 non
593 1238 674 1276 alia
711 1238 800 1276 lues
833 1238 1057 1288 capitalior,
1093 1240 1135 1276 et
1173 1237 1279 1276 sacri
1315 1238 1520 1276 sermonis
1557 1239 1723 1278 eleuant

119 1292 395 1330 autoritatem.

176 1346 290 1384 Bene
329 1346 451 1384 habet
491 1347 612 1395 quod,
654 1346 717 1384 vti
761 1346 916 1395 scribis,
959 1347 1043 1385 iam
1087 1346 1223 1385 victus
1266 1359 1320 1393 es,
1363 1349 1626 1396 expugnatus
1664 1361 1720 1394 es,

119 1401 438 1439 transformatus
468 1414 520 1439 es.
594 1402 652 1438 At
681 1414 844 1439 mecum
874 1401 1045 1439 interim
1072 1414 1198 1450 quam
1223 1400 1330 1438 belle
1357 1401 1504 1450 agitur,
1534 1402 1578 1439 in
1605 1402 1722 1440 cuius
1743 1409 1782 1449 85

121 1455 382 1493 immerentis
394 1456 562 1502 famam,
579 1457 624 1493 vt
640 1458 701 1493 est
715 1456 1043 1503 coniectandum,
1062 1456 1185 1505 digna
1200 1458 1324 1504 atque
1338 1455 1511 1504 indigna
1524 1456 1722 1505 loquutus

121 1522 172 1547 es.
233 1509 313 1557 Qui
344 1509 587 1558 religionem
615 1509 850 1548 absolutam
879 1510 1141 1559 profitentur,
1175 1510 1252 1547 hoc
1281 1509 1527 1559 diligentius
1561 1512 1722 1560 oportet

118 1577 141 1601 a
166 1563 330 1613 linguae
356 1564 584 1602 virulentia
608 1567 849 1614 temperare,
878 1564 986 1614 quod
1013 1564 1089 1602 hac
1114 1564 1285 1612 ratione,
1312 1568 1358 1602 vt
1382 1564 1630 1602 facillimum
1659 1567 1722 1602 est

119 1617 288 1665 laedere,
326 1619 385 1656 ita
419 1618 715 1656 difficillimum
750 1622 814 1656 est
847 1619 1030 1656 mederi:
1062 1620 1104 1656 et
1130 1621 1271 1656 tamen
1301 1618 1384 1656 fere
1413 1619 1620 1665 videmus,
1651 1620 1721 1668 qui

117 1672 328 1721 piaculum
349 1686 436 1710 esse
464 1673 622 1710 ducunt-
640 1673 752 1711 vesci
779 1673 972 1711 carnibus
995 1676 1067 1711 aut
1094 1673 1214 1710 aliter
1241 1673 1364 1721 cingi,
1387 1673 1582 1711 morbum
1609 1673 1721 1711 hunc
1742 1685 1783 1716 90

116 1728 239 1776 longe
261 1727 626 1766 sceleratissimum
646 1741 720 1777 pro
740 1727 839 1766 ludo
859 1728 1025 1766 habent.
1068 1727 1175 1765 Sunt
1195 1727 1262 1765 hic
1283 1727 1364 1765 duo
1379 1727 1509 1765 vestri
1529 1727 1719 1775 sodalitii,

117 1781 222 1819 alter
250 1782 481 1832 theologus,
512 1781 618 1820 alter
645 1781 876 1832 theologiae
909 1782 1163 1828 candidatus,
1197 1794 1300 1831 quos
1333 1782 1368 1819 si
1401 1782 1529 1820 velim
1563 1782 1717 1829 vicisci,

119 1849 204 1874 non
233 1835 314 1874 alia
342 1837 410 1874 via
438 1835 571 1885 magis
599 1836 820 1875 conueniat
845 1850 969 1886 quam
993 1836 1326 1874 commendando
1351 1836 1483 1874 literis
1510 1850 1615 1887 quae
1641 1837 1716 1884 illi,

116 1890 221 1928 mire
247 1890 327 1928 sibi
347 1890 565 1939 placentes,
586 1891 771 1940 quotidie
789 1891 1071 1929 vociferantur
1090 1891 1135 1928 in
1154 1904 1309 1929 nomen
1329 1893 1369 1928 et
1388 1891 1526 1929 studia
1547 1904 1650 1939 mea,
1674 1891 1719 1928 in

117 1945 270 1994 quibus
297 1945 405 1983 nihil
432 1945 602 1983 omnino
629 1945 808 1995 sapiunt.
869 1946 944 1984 Est
970 1948 1012 1984 et
1039 1945 1264 1985 Carmelita
1288 1945 1469 1994 quidam,
1502 1945 1720 1995 theologus
1740 1954 1779 1986 95

116 1999 357 2048 corypheus,
399 2012 523 2049 quem
561 2013 778 2049 nunquam
817 1999 882 2038 sui
919 2000 1061 2050 pudet,
1100 2013 1231 2050 quum
1269 2000 1454 2049 quotidie
1497 2000 1634 2038 videat
1676 2013 1718 2038 se

114 2053 279 2102 publice
307 2053 433 2091 rideri
461 2053 511 2091 ab
541 2055 748 2093 omnibus.
808 2054 900 2092 Iam
931 2054 1279 2104 quemadmodum
1317 2067 1566 2104 magnopere
1600 2054 1718 2092 faueo

115 2107 268 2156 gloriae
289 2108 436 2157 Dorpii
457 2108 551 2156 mei,
576 2122 702 2158 quem
721 2109 773 2147 ob
793 2109 965 2147 eximias
991 2108 1162 2157 ingenii,
1186 2107 1396 2146 doctrinae
1422 2108 1718 2158 facundiaeque

115 2163 231 2200 dotes
246 2175 298 2200 ne
319 2165 410 2200 tum
431 2163 599 2212 quidem
619 2163 750 2201 odisse
767 2166 952 2212 poteram
968 2177 1098 2213 quum
1114 2176 1136 2200 a
1151 2162 1272 2200 malis
1292 2162 1481 2211 choragis
1496 2163 1718 2201 aduersum

112 2229 179 2254 me
199 2217 518 2264 subornaretur3
548 2217 606 2255 ita
626 2230 711 2255 non
727 2218 846 2256 video
867 2217 969 2267 quid
990 2217 1107 2255 illinc
1127 2217 1233 2254 mihi
1254 2217 1452 2254 debeatur
1468 2217 1615 2264 laudis,
1636 2218 1718 2255 nisi
1741 2225 1802 2247 100

111 2271 284 2309 fortasse
305 2272 413 2320 quod
436 2270 538 2309 olim
558 2271 865 2310 adolescentem
888 2273 1078 2310 hortatus
1106 2285 1199 2310 sum
1226 2271 1276 2308 ad
1305 2271 1476 2309 meliora
1503 2271 1651 2320 studia,
1674 2274 1716 2309 et

112 2325 470 2363 lucubrationibus
513 2326 617 2364 meis
658 2326 725 2364 vel
767 2326 1024 2364 incenderim
1067 2325 1262 2363 nonnihil
1307 2325 1422 2363 illius
1467 2326 1605 2364 studia
1649 2326 1716 2364 vel

114 2379 358 2418 adiuuarim.
437 2381 526 2418 Aut
563 2393 638 2430 ego
676 2380 811 2427 fallor,
849 2383 921 2418 aut
965 2381 1028 2419 illi
1066 2379 1255 2418 succedet
1298 2380 1405 2430 quod
1452 2393 1526 2418 nos
1569 2393 1716 2429 parum

116 2433 289 2471 feliciter
325 2435 463 2472 conati
501 2448 659 2473 sumus.
721 2435 836 2473 Bene
874 2435 976 2482 vale,
1016 2448 1165 2484 meque
1203 2433 1287 2472 tuis
1321 2433 1510 2484 precibus
1549 2434 1717 2474 Christo

116 2488 370 2527 commenda.
431 2489 605 2527 Louanii
625 2489 695 2527 cal.
721 2489 884 2528 Octobr.
909 2491 1030 2527 ANNO
1050 2501 1210 2527 M.D.xx.
1739 2497 1799 2530 105

139 2607 209 2671 d93.
235 2598 521 2671 cqmmgndando
544 2601 580 2639 F,
601 2602 640 2638 cs.
657 2600 758 2631 Brut.
778 2611 828 2638 ap.
846 2600 916 2632 Cic.
935 2603 1025 2631 Fam.
1050 2610 1097 2631 11.
1121 2609 1169 2631 10.
1191 2610 1230 2632 2:
1256 2599 1464 2630 mandando
1488 2603 1531 2632 II.
1643 2610 1713 2640 103.

117 2652 135 2673 a
165 2651 318 2672 iuuerxm
369 2666 376 2673 .

162 2754 211 2791 76.
239 2752 384 2793 idiotas]
409 2754 474 2784 See
490 2753 551 2793 Ep.
571 2762 781 2794 1153.171n‚
801 2753 872 2784 and
983 2762 1035 2792 91.
1062 2752 1150 2793 duo]
1175 2753 1225 2784 Cf.
1247 2754 1309 2794 Ep.
1332 2764 1425 2793 1144.
1447 2764 1529 2794 34n.

117 2797 159 2827 cf.
181 2797 243 2836 Ep.
270 2806 361 2836 1090.
387 2798 434 2827 18.
984 2806 1038 2837 95.
1063 2796 1273 2838 Carmenta]
1301 2798 1569 2839 Egmondssnus.
