1990 3353
260 131 340 170 384
732 131 986 170 LETTERS
1025 131 1094 170 OF
1131 131 1398 170 ERASMUS
1738 128 1866 184 [1520

223 251 240 282 5
261 239 458 279 inimicus
496 243 559 280 est
592 243 638 280 vt
676 242 809 292 patiar
844 241 967 280 illum
1009 242 1238 281 mendaciis
1274 241 1447 281 traduci.
1507 242 1614 280 Rem
1646 241 1786 291 igitur,
1820 243 1866 279 vt

261 294 395 341 habet,
419 296 579 345 accipe;
610 296 950 346 quandoquidem
969 296 1090 335 video
1109 297 1227 336 vobis
1255 296 1380 335 isthic
1408 297 1575 334 tantum
1604 309 1694 334 esse
1717 295 1797 334 ocii
1820 299 1865 334 vt

262 349 360 400 quid
382 349 448 388 hic
468 350 736 399 ineptiamus,
758 353 876 389 vacet
896 363 1149 400 cognoscere.

316 403 398 442 Vbi
426 404 559 443 literis
585 405 910 454 expostulassem
940 406 1046 455 apud
1077 405 1203 444 huius
1228 405 1476 444 Academiae
1506 404 1728 442 Rectorem
1757 403 1866 454 quod

264 458 568 507 Egmondanus
587 458 631 497 in
652 460 846 498 concione
866 472 942 498 nos
961 459 1283 511 perstrinxisset,
1306 458 1518 508 rescripsit
1536 458 1619 506 ille,
1635 458 1670 496 si
1689 458 1867 508 placeret

205 522 244 546 10
263 513 401 562 ipsum
429 512 572 551 audire
602 525 739 551 coram
769 527 843 552 sua
872 514 996 552 verba
1025 516 1260 558 sonantem,
1289 514 1465 552 fortasse
1492 526 1583 551 rem
1610 525 1730 563 posse
1762 525 1868 551 com-

263 566 377 616 poni.
439 567 651 616 Respondi
672 581 740 605 me
766 567 874 606 nihil
895 569 1131 615 detrectare,
1153 568 1322 607 tametsi
1350 581 1434 606 non
1463 580 1595 606 essem
1625 567 1787 605 nescius
1815 566 1868 604 ab

262 620 336 659 illo
356 620 472 670 μηδὲν
490 623 589 673 ὑγιὲς
608 622 881 671 proditurum.
941 622 1239 670 Conuenimus,
1262 622 1447 661 consedit
1467 622 1640 669 Rector;
1671 620 1767 659 huic
1790 633 1866 670 ego

263 675 407 713 dexter
426 675 574 724 assedi,
596 676 766 714 sinister
784 676 865 714 ille.
924 676 1008 714 Nec
1031 680 1118 715 erat
1147 677 1285 715 inanis
1313 677 1422 715 ordo.
1484 676 1665 714 Nouerat
1685 675 1869 725 Egmon-

264 729 362 767 dani
397 743 545 777 mores,
579 743 625 768 ac
658 731 709 769 de
741 744 808 769 me
837 731 918 769 sibi
947 731 1050 769 falso
1079 733 1333 780 persuaserat
1362 744 1459 769 eum
1489 743 1576 769 esse
1601 730 1674 780 qui
1701 742 1868 779 possem

206 801 242 832 15
263 783 445 822 irritari:
487 784 660 834 proinde
687 785 851 824 medius
879 785 1077 833 consedit,
1111 799 1191 835 quo
1219 799 1404 835 pugnam
1438 785 1665 833 dirimeret,
1697 784 1733 822 si
1763 784 1868 822 forte

263 839 478 890 λογομαχία
512 839 563 877 ad
601 852 762 888 vngues
799 852 845 878 ac
883 853 1046 890 pugnos
1076 840 1371 878 efferuesceret.
1430 838 1535 877 Rem
1565 839 1695 889 igitur
1726 838 1869 888 paucis

264 893 436 942 exponit
456 893 617 932 Rector.
678 893 744 932 Ibi
770 895 999 943 composito
1022 894 1073 932 ad
1096 894 1249 932 miram
1276 894 1348 932 sed
1374 893 1593 932 ridiculam
1619 893 1868 942 grauitatem

264 947 385 985 vultu
425 947 522 986 infit
560 948 882 998 Egmondanus:
935 948 1048 997 ‘Ego
1078 948 1187 986 nulli
1217 949 1294 986 feci
1322 948 1518 986 iniuriam
1546 948 1591 985 in
1620 948 1746 985 sacris
1775 960 1868 985 con·

264 1001 464 1040 cionibus.
525 1001 570 1040 Si
601 1002 799 1041 Erasmus
828 1016 871 1041 se
899 1004 1018 1052 putat
1047 1003 1217 1047 laesum,
1244 1002 1449 1052 proferat;
1488 1015 1583 1040 sum
1611 1001 1677 1040 illi
1704 1014 1868 1051 respon—

205 1074 245 1096 20
264 1056 420 1094 surus’.
480 1056 695 1106 Rogabam
725 1070 778 1094 an
807 1057 971 1106 putaret
992 1057 1123 1095 vllam
1145 1058 1387 1095 atrociorem
1417 1056 1614 1094 iniuriam
1643 1068 1772 1106 quam
1800 1055 1868 1094 ho-

264 1110 425 1148 minem
456 1110 748 1149 immerentem
779 1111 825 1149 in
853 1111 1019 1160 publica
1041 1111 1240 1150 concione
1264 1111 1479 1149 traducere
1504 1110 1742 1149 mendaciis.
1800 1109 1868 1148 Ibi

266 1164 462 1202 continuo
487 1167 723 1203 commotus
751 1165 888 1211 homo,
912 1168 952 1203 et
981 1165 1125 1204 relicta
1155 1179 1280 1215 quam
1310 1166 1498 1215 coeperat
1526 1178 1712 1214 persona,
1736 1165 1869 1214 magis

264 1219 392 1256 etiam
431 1231 890 1269 purpurascens——nam
928 1219 1103 1258 rubebat
1141 1223 1183 1258 et
1227 1222 1375 1268 antea;
1422 1221 1511 1258 erat
1548 1219 1663 1257 enim
1701 1221 1869 1268 tempus

264 1272 669 1322 pomeridianum—:
697 1276 706 1292 ‘
720 1274 776 1312 Et
796 1288 869 1313 cur
881 1273 890 1289 ³
907 1273 1060 1324 inquit,
1078 1276 1146 1312 ‘tu
1158 1287 1234 1312 nos
1248 1274 1431 1313 traducis
1446 1274 1531 1312 tuis
1549 1274 1677 1312 sacris
1696 1273 1815 1311 libris
1827 1274 1847 1311 ἱ)
1860 1273 1870 1288 ’

207 1347 244 1378 25
267 1327 343 1366 ‘In
363 1327 503 1365 libris'
522 1328 705 1378 inquam,
730 1329 739 1346 ⁴
753 1329 858 1367 meis
878 1341 1085 1378 nusquam
1106 1331 1170 1367 est
1189 1341 1344 1367 nomen
1368 1328 1518 1367 tuum.'
1577 1328 1683 1366 ‘Nec
1707 1327 1751 1365 in
1777 1341 1870 1366 con-

264 1381 478 1420 cionibus’
506 1382 656 1432 inquit,
693 1383 819 1421 ‘meis
848 1383 1039 1421 auditum
1073 1385 1135 1422 est
1164 1396 1320 1421 nomen
1349 1383 1498 1421 tuum.'
1554 1382 1713 1432 Negaui
1741 1382 1870 1421 libros

266 1449 381 1474 meos
409 1449 499 1474 esse
533 1449 680 1485 sacros,
716 1438 762 1475 in
791 1437 942 1488 quibus
974 1437 1196 1487 aliquando
1229 1450 1394 1475 narrem
1424 1437 1550 1475 etiam
1584 1437 1748 1476 somnia
1779 1449 1870 1475 mea

267 1490 456 1540 nihilque
476 1504 561 1529 non
586 1504 740 1541 nuger;
773 1505 858 1530 non
883 1492 995 1530 idem
1018 1492 1141 1530 licere
1166 1491 1217 1529 in'
1233 1491 1361 1530 sacris
1385 1491 1663 1530 concionibus.
1727 1493 1736 1510 ‘
1752 1491 1870 1529 Prae-

266 1546 378 1583 terea
406 1545 527 1595 longe
555 1545 720 1583 minus'
744 1547 928 1596 inquam,
956 1546 1122 1596 ‘scripsi
1142 1547 1192 1584 de
1212 1548 1252 1584 te
1282 1559 1406 1595 quam
1437 1559 1502 1584 res
1533 1545 1668 1584 habet.
1727 1545 1791 1584 Tu
1819 1545 1870 1583 de

205 1617 247 1648 30
267 1612 334 1637 me
355 1600 520 1648 publice
536 1600 739 1638 mentitus
766 1613 825 1648 es,
852 1600 993 1639 dicens
1023 1601 1176 1639 fauisse
1197 1601 1413 1647 Lutheroy
1438 1600 1504 1638 cui
1538 1613 1756 1649 nunquam
1785 1599 1872 1638 faui

266 1653 312 1692 in
345 1667 439 1692 eum
473 1667 641 1693 sensum
672 1654 719 1693 in
750 1667 874 1705 quem
906 1657 978 1693 tua
1006 1655 1116 1693 dicta
1144 1655 1446 1704 interpretatur
1480 1655 1669 1704 populus,
1704 1656 1745 1692 et
1782 1654 1871 1702 ipse

267 1708 425 1747 sentis?
482 1708 549 1746 Ibi
577 1708 661 1747 iam
688 1722 772 1747 non
800 1711 1036 1747 commotus
1065 1709 1134 1747 sed
1163 1709 1318 1747 furenti
1347 1709 1509 1756 similis,
1546 1708 1690 1756 ‘Imof
1719 1708 1867 1758 inquit,

270 1764 338 1800 ‘tu
368 1776 412 1800 es
436 1765 557 1801 autor
582 1763 733 1801 horum
758 1764 961 1811 omnium,
986 1766 1031 1801 tu
1060 1777 1105 1802 es
1125 1763 1357 1813 versipellis
1386 1761 1431 1801 ac
1454 1765 1669 1811 veterator,
1693 1764 1733 1800 et
1763 1761 1869 1800 nihil

269 1830 354 1855 non
387 1817 601 1867 intorques
631 1817 759 1856 cauda
789 1818 968 1867 quadam
983 1818 1002 1854 ’.
1060 1819 1200 1868 Atque
1228 1817 1296 1856 his
1329 1817 1485 1856 similia
1517 1816 1651 1855 multa
1681 1817 1870 1856 euomuit

207 1885 245 1916 35
268 1871 408 1909 verius
428 1885 553 1921 quam
573 1871 690 1918 dixit,
713 1885 816 1922 quae
836 1872 901 1910 illi
920 1874 1014 1910 tum
1034 1871 1280 1922 suggerebat
1299 1871 1516 1922 splendida
1536 1869 1645 1910 bilis.

323 1925 443 1964 Sensi
461 1928 502 1964 et
522 1926 628 1964 mihi
646 1927 842 1965 concitari
860 1927 1134 1975 stomachum,
1157 1927 1322 1976 iamque
1341 1939 1420 1964 vox
1443 1926 1646 1976 quaedam
1665 1928 1867 1975 eruperat,

269 1980 474 2019 sermonis
504 1993 589 2019 non
617 1980 718 2018 satis
745 1980 964 2030 temperati
992 1981 1262 2031 prooemium,
1295 1994 1380 2019 non
1410 1980 1583 2030 quidem
1617 1980 1768 2026 Racha‚
1799 1981 1870 2019 sed

268 2034 381 2072 aliud
402 2034 614 2084 quiddam,
639 2034 747 2084 quod
768 2034 885 2084 peius
906 2035 1011 2073 oleat
1031 2048 1157 2085 quam
1179 2037 1308 2073 sonat.
1362 2035 1440 2073 Sed
1461 2035 1637 2084 repressi
1658 2047 1725 2072 me
1743 2034 1868 2081 illico,

268 2089 399 2127 satius
433 2089 589 2127 ducens
622 2091 662 2127 et
698 2102 814 2128 meae
847 2089 958 2137 (nam
992 2103 1138 2139 parum
1172 2089 1378 2137 valebam)
1412 2091 1453 2127 et
1487 2088 1677 2127 Rectoris
1706 2101 1872 2138 parcere

207 2157 249 2187 40
267 2143 512 2191 valetudini,
544 2144 610 2182 cui
640 2145 681 2182 et
710 2143 790 2193 ipsi
819 2156 915 2182 cum
944 2143 1115 2182 medicis
1143 2157 1208 2182 res
1236 2145 1351 2190 erat3
1385 2145 1594 2192 postremo
1621 2143 1802 2182 stultum
1830 2145 1871 2181 et

269 2197 509 2235 indecorum
539 2200 655 2236 ratus
677 2198 877 2237 aduersus
902 2198 1112 2236 furentem
1139 2198 1287 2236 fur-‚eie
1342 2173 1495 2247 'Itaque
1524 2197 1745 2236 subridens
1763 2197 1871 2236 verti

269 2264 336 2289 me
355 2252 404 2290 ad
426 2252 657 2290 Rectorem.
719 2254 728 2271 ⁴
741 2253 915 2290 Possem
932 2254 940 2269 ³
959 2253 1143 2302 inquam,
1170 2253 1178 2271 ‘
1195 2252 1338 2290 testari
1359 2252 1408 2290 de
1427 2251 1585 2301 insigni
1605 2251 1869 2299 contumelia,

269 2319 434 2368 possem
454 2319 637 2355 legerere
657 2307 904 2345 conuicium.
949 2307 1145 2357 Appellat
1164 2319 1233 2344 me
1252 2306 1542 2355 versipellem;
1570 2306 1745 2344 liceret
1733 2318 1871 2355 ipsum

269 2360 455 2398 vicissim
477 2359 684 2410 appellale
703 2361 885 2410 vulpem.
945 2361 1144 2410 Appellat
1174 2374 1242 2398 me
1269 2360 1504 2410 duplicem3
1539 2373 1702 2422 possem
1731 2360 1871 2408 ipsum

208 2426 250 2456 45
269 2414 474 2464 appellare
495 2414 820 2465 quadruplicem.
880 2414 958 2453 Ait
977 2428 1045 2452 me
1064 2415 1192 2453 cauda
1217 2417 1485 2464 contorquere
1512 2414 1678 2461 omnia;
1707 2426 1872 2463 possem

270 2468 403 2506 dicere
431 2468 553 2507 illum
582 2468 726 2518 lingua
754 2483 828 2508 sua
855 2469 1022 2507 inficere
1051 2469 1201 2507 omnia.
1264 2469 1343 2507 Sed
1374 2470 1475 2507 haec
1507 2481 1582 2507 nec
1610 2468 1712 2507 viris
1745 2468 1872 2518 digna

270 2524 380 2569 sunt,
405 2535 451 2560 ac
469 2523 541 2561 vix
560 2523 687 2561 etiam
712 2523 969 2562 mulieribus.
1029 2525 1217 2573 Agamus
1241 2524 1509 2573 argumentis,
1531 2523 1641 2572 finge
1667 2535 1734 2561 me
1765 2551 1774 2561 .
1807 2551 1816 2560 .
1846 2550 1855 2559 .

271 2576 353 2614 Hic
373 2576 444 2614 ille
463 2576 655 2626 protinus
680 2578 952 2627 interpellans
976 2590 1127 2627 magno
1155 2576 1336 2615 clamore
1364 2577 1541 2625 nautico,
1583 2577 1704 2615 ‘Non
1733 2576 1872 2626 fingo,’

272 2630 422 2679 inquit,
448 2631 568 2669 ‘nolo
589 2631 742 2680 fingere
759 2646 768 2678 ;
799 2632 876 2670 hoc
894 2633 1080 2670 vestrum
1101 2633 1174 2670 est.
1210 2631 1294 2670 Vos
1314 2634 1459 2681 poetae
1479 2631 1639 2681 fingitis
1658 2644 1705 2670 ac
1725 2631 1869 2669 menti-

211 2698 251 2730 50
271 2685 378 2722 mini
401 2684 576 2723 omnia'.
636 2685 727 2724 Iam
756 2686 890 2735 magis
919 2685 1052 2724 ridere
1076 2685 1231 2724 libebat
1261 2699 1386 2735 quam
1416 2685 1636 2735 indignari.
1700 2684 1767 2723 ‘Si
1797 2684 1869 2723 fin-

270 2751 365 2787 gere
394 2752 478 2776 non
508 2739 600 2786 vis,’
629 2740 812 2790 inquam,
846 2740 920 2778 ‘da
948 2740 1099 2789 igitur?
1166 2741 1175 2758 ⁴
1193 2740 1322 2778 Nolo'
1353 2740 1504 2789 inquit,
1542 2740 1689 2778 ‘dare'
1748 2739 1872 2778 ‘Fac’

453 2846 506 2875 41.
532 2838 632 2866 ratus
648 2840 722 2867 add.
739 2840 782 2868 ΙΙ.
1094 2846 1145 2876 43.
1169 2837 1372 2868 conuicium
1390 2841 1439 2868 F:
1462 2838 1624 2868 conuicia
1639 2839 1683 2868 H.

315 2927 346 2957 8.
373 2925 505 2966 literis]
525 2926 589 2964 Ep.
609 2934 701 2964 1153.
1151 2934 1204 2963 39.
1228 2934 1354 2964 parum
1372 2923 1551 2965 valebam]
1570 2923 1617 2955 Of
1628 2924 1703 2955 this
1716 2924 1872 2964 indispo-

315 2979 369 3008 5.
393 2969 585 3009 splendida
601 2968 701 3009 bilis]
720 2969 770 3000 Cf.
790 2969 876 3000 Hor.
900 2972 934 3000 S.
958 2978 988 2999 2.
1006 2978 1036 3007 3.
1107 2968 1216 2998 sitien
1236 2968 1253 2998 I
1272 2967 1347 2998 find
1365 2977 1411 2999 no
1426 2968 1530 2998 other
1546 2969 1652 2999 trace.

278 3022 347 3050 141.
1150 3022 1202 3049 40.
1228 3011 1446 3052 valetudini]
1465 3011 1516 3042 Cf.
1534 3012 1596 3051 Ep.
1616 3020 1708 3050 1153.
1726 3010 1799 3041 228.
