1990 3353
248 1988 307 2030 265
326 1983 482 2021 artium
516 1983 735 2022 scientiam
766 1983 993 2032 profitetur.

336 132 415 170 514

803 132 1053 171 LETTERS
1092 132 1162 170 OF
1199 133 1464 173 ERASMUS

1812 132 1933 187 [1521

335 243 575 292 virginum:
603 242 661 281 ibi
687 243 892 292 quantum
918 242 1047 289 licuit,
1071 243 1137 282 sui
1163 242 1328 289 similis,
1356 243 1519 291 docens,
1541 243 1769 292 consolans,
1791 243 1936 283 adhor-

337 299 442 346 tans,
466 297 577 335 diem
598 310 721 335 suum
751 296 928 335 feliciter
947 296 1060 345 obiit,
1085 297 1241 336 relictis
1269 297 1429 347 aliquot
1458 297 1614 336 libellis
1634 311 1738 348 quos
1762 311 1784 336 e
1810 299 1937 337 sacris

334 405 521 443 hominis
540 406 628 443 vita
648 408 689 443 et
710 405 850 444 oratio.

259 363 318 395 ²35
336 351 549 389 autoribus
568 351 823 400 decerpserat
846 351 1001 390 Gallice
1018 365 1027 399 ;
1057 365 1159 402 quos
1179 365 1264 390 non
1287 352 1431 390 dubito
1451 352 1555 391 tales
1581 365 1668 391 esse
1689 352 1822 403 qualis
1849 355 1937 392 erat

912 405 967 444 Et
987 408 1127 444 tamen
1156 406 1278 444 audio
1305 419 1417 445 nunc
1442 419 1466 444 a
1495 406 1713 445 nonnullis
1732 406 1932 452 damnari,

335 460 405 510 qui
434 461 583 509 putant
611 473 700 498 esse
727 460 877 509 ingens
905 459 1136 509 periculum
1165 460 1200 499 si
1229 460 1407 510 populus
1440 461 1597 510 aliquid
1632 461 1741 509 legat
1773 463 1937 510 praeter

333 514 493 563 ineptas
519 513 681 552 fabulas
707 514 975 552 historiarum
1001 517 1074 553 aut
1099 515 1262 553 somnia
1288 515 1599 553 monachorum.
1658 515 1777 553 Viuit
1802 515 1937 553 adhuc

333 568 448 606 illius
477 568 686 607 doctrinae
715 569 896 607 scintilla
927 568 973 606 in
1006 569 1235 607 multorum
1267 569 1513 618 pectoribus,
1545 582 1647 619 quos
1680 569 1716 607 si
1749 569 1936 608 conferas

254 633 316 665 240
334 636 430 660 cum
469 622 649 670 caeteris,
692 623 803 661 dices
840 623 916 662 hos
955 636 1040 662 non
1077 636 1165 662 esse
1205 623 1467 662 Christianos
1504 624 1578 662 sed
1617 623 1807 662 Iudaeos.

1869 624 1935 662 Sic

333 677 607 726 contemptim
646 677 815 716 habitus
852 680 914 716 est
952 691 975 716 a
1009 678 1096 716 suis
1133 678 1198 716 vir
1232 678 1304 716 ille
1342 677 1588 727 singularis:
1623 678 1695 727 qui
1728 677 1765 716 si
1802 677 1935 716 Paulo

332 731 536 781 Apostolo
556 731 713 780 collega
733 731 986 781 contigisset,
1011 732 1121 770 nihil
1140 732 1338 770 addubito
1359 732 1461 782 quin
1482 732 1607 771 illum
1625 745 1700 770 suo
1720 732 1934 771 Barnabae

332 787 404 824 aut
423 785 644 824 Timotheo
664 786 790 824 fuerit
809 787 1130 836 antepositurus.

388 840 530 878 Habes
549 854 644 878 vere
663 854 901 890 gemmeum
922 841 1153 879 Vitrarium
1182 843 1385 889 nostrum,
1413 841 1604 890 ignotum
1634 841 1804 886 mundo,
1835 842 1934 879 cele-

254 909 314 941 245
332 894 448 932 brem
477 897 518 933 et
544 895 700 933 clarum
727 895 772 933 in
797 908 925 945 regno
946 895 1114 933 Christi.

556 949 753 988 Alterum
792 950 911 988 alteri
950 949 1226 999 depinxeram,
1267 952 1309 988 et
1345 952 1519 999 vterque
1557 949 1729 987 alterius
1765 949 1936 988 videndi

331 949 477 999 accipe.

1176 895 1297 933 Nunc
1319 895 1511 935 Coletum
1540 895 1639 933 huic
1668 895 1934 934 simillimum

332 1003 537 1042 desiderio
557 1004 770 1053 flagrabat,
790 1006 913 1054 atque
934 1004 1010 1042 hac
1031 1004 1165 1053 gratia
1183 1004 1392 1044 Vitrarius
1412 1004 1453 1042 in
1478 1003 1681 1053 Angliam
1707 1003 1930 1043 traiecerat.

331 1059 394 1096 Ac
419 1058 526 1096 mihi
554 1060 647 1107 post
676 1058 868 1096 narrabat
888 1058 1058 1098 Coletus
1084 1059 1192 1107 apud
1223 1072 1266 1097 se
1292 1058 1420 1097 fuisse
1448 1058 1692 1097 Minoritam
1712 1058 1933 1108 quendam,

332 1112 450 1150 cuius
470 1112 674 1162 colloquio
697 1112 893 1161 prudenti
913 1113 1062 1162 pioque
1082 1113 1239 1151 mirum
1259 1113 1303 1151 in
1323 1113 1497 1151 modum
1516 1113 1663 1151 fuisset
1683 1113 1908 1151 delectatus
1925 1128 1934 1161 ;

252 1180 315 1212 250
331 1167 400 1204 sed
421 1167 660 1205 adhibitum
679 1167 857 1205 alterum
879 1168 1088 1216 quendam
1108 1167 1294 1206 eiusdem
1324 1168 1482 1206 ordinis
1508 1167 1708 1214 Stoicum,
1728 1167 1800 1217 qui
1818 1167 1935 1207 visus

329 1221 502 1270 indigne
540 1222 646 1259 ferre
685 1221 970 1260 Christianum
1008 1221 1261 1271 colloquium
1301 1221 1584 1272 interruperit.

1658 1222 1721 1260 Ac
1760 1221 1935 1260 fortasse

332 1275 502 1313 Coletus
540 1276 616 1314 hoc
654 1277 826 1314 nomine
864 1275 959 1326 plus
997 1276 1134 1315 laudis
1173 1278 1368 1323 meretur,
1411 1276 1519 1326 quod
1558 1289 1634 1314 nec
1672 1275 1934 1325 indulgentia

329 1330 521 1368 fortunae
542 1343 616 1368 nec
641 1330 801 1380 impetu
828 1332 1000 1369 naturae
1025 1330 1149 1380 longe
1175 1330 1257 1369 alio
1284 1331 1489 1370 trahentis
1514 1331 1696 1380 potuerit
1726 1330 1775 1368 ab
1797 1330 1933 1369 Euan-

329 1384 482 1433 gelicae
512 1385 623 1423 vitae
653 1385 791 1423 studio
820 1385 983 1434 depelli.

1042 1385 1175 1424 Natus
1204 1387 1266 1424 est
1299 1385 1413 1423 enim
1443 1399 1465 1423 e
1494 1385 1616 1423 claris
1649 1387 1689 1423 et
1724 1384 1934 1434 opulentis

250 1452 310 1484 255
328 1438 580 1488 parentibus,
614 1439 738 1489 idque
767 1439 975 1478 Londini:
1017 1440 1224 1489 siquidem
1261 1441 1377 1490 pater
1409 1439 1474 1477 bis
1507 1439 1552 1477 in
1584 1439 1685 1477 vrbe
1719 1452 1794 1478 sua
1822 1452 1933 1488 prae-

327 1493 532 1531 fecturam
562 1506 771 1532 summam
801 1494 940 1543 gessit,
964 1507 1090 1543 quam
1121 1494 1184 1532 illi
1212 1494 1492 1533 maim-itatem
1517 1494 1738 1543 appellant.

1799 1492 1934 1532 Mater

329 1560 434 1597 quae
464 1547 598 1586 adhuc
627 1550 825 1597 superest,
856 1548 1012 1597 insigni
1041 1548 1247 1597 probitate
1276 1548 1438 1596 mulier,
1462 1548 1612 1587 marito
1643 1561 1716 1586 suo
1736 1548 1931 1586 vndecim

328 1601 437 1640 filios
468 1602 628 1652 peperit
657 1615 702 1640 ac
740 1603 916 1641 totidem
950 1602 1069 1641 filias.

1129 1603 1318 1651 Quorum
1356 1602 1545 1641 omnium
1585 1604 1685 1641 natu
1724 1602 1933 1641 maximus

329 1659 416 1694 erat
437 1656 619 1704 Coletus,
643 1670 689 1695 ac
707 1657 883 1707 proinde
902 1656 1016 1695 solus
1035 1657 1178 1696 haeres
1197 1658 1364 1696 futurus
1383 1657 1499 1695 iuxta-
1524 1658 1635 1706 leges
1653 1656 1930 1702 Britannicas,

246 1715 309 1747 260
329 1710 496 1749 etiamsi
514 1710 577 1749 illi
596 1711 776 1750 fuissent
795 1711 1064 1761 superstites:
1095 1712 1165 1750 sed
1187 1725 1236 1750 ex
1258 1711 1453 1750 omnibus
1473 1711 1543 1749 ille
1571 1711 1778 1761 superfuit
1804 1711 1928 1758 solus,

330 1778 425 1803 cum
462 1765 585 1803 illum
626 1779 745 1804 nosse
782 1766 1018 1815 coepissem.
1078 1768 1322 1805 Accesserat
1359 1766 1428 1804 his
1464 1766 1654 1804 fortunae
1701 1765 1932 1804 commodis

329 1832 476 1869 corpus
494 1820 661 1870 elegans
680 1833 725 1858 ac
745 1833 972 1870 procerum.

382 1874 636 1912 Adolescens
654 1876 762 1924 apud
791 1887 887 1912 suos
915 1874 1111 1925 quicquid
1137 1876 1200 1913 est
1229 1855 1494 1913 scholasticae
1519 1873 1815 1924 philosophiae,
1840 1874 1930 1912 dili·

329 1930 471 1977 genter
498 1928 731 1979 perdidicit,
764 1942 810 1967 ac
838 1929 1010 1967 titulum
1040 1931 1286 1979 assequutus
1315 1931 1377 1967 est
1405 1929 1477 1979 qui
1506 1930 1664 1978 septem
1694 1928 1928 1967 liberalium

370 2148 443 2177 234.
472 2135 624 2176 libellis]
650 2136 668 2167 I
700 2136 744 2166 do
775 2137 838 2166 not
874 2135 980 2166 know
1012 2135 1091 2166 that

326 2191 397 2221 any
414 2182 452 2211 of
465 2181 565 2211 these
581 2181 737 2210 survive.

369 2225 442 2264 248.
468 2223 562 2264 post]
601 2224 760 2263 Perhaps
811 2232 858 2253 on
911 2222 1089 2252 Erasmus'

325 2271 452 2299 return
468 2270 504 2298 to
521 2267 686 2307 England
702 2268 741 2297 in
761 2276 854 2305 1505.

369 2322 443 2351 253.
469 2310 637 2352 naturae]
663 2311 713 2342 Cf.
732 2310 769 2341 ll.
788 2311 951 2349 387—411‚
970 2311 1044 2347 623.

369 2365 443 2394 255.
470 2354 588 2396 pater]
616 2355 674 2386 Sir
691 2355 821 2393 Henry
837 2353 938 2385 Celet
954 2354 991 2394 (†
1005 2364 1032 2383 c.
1050 2362 1092 2382 20

325 2399 399 2431 Oct.
418 2399 516 2439 1505)
532 2409 539 2438 ;
556 2399 648 2429 Lord
660 2397 832 2438 Mayorof
845 2397 995 2428 London
1008 2397 1092 2434 1486

323 2443 394 2473 and
416 2453 510 2482 1495.

367 2488 440 2525 256.
468 2485 598 2527 Mater]
616 2485 727 2516 Daine
741 2485 926 2516 Christian
943 2484 1090 2523 Knyvet

326 2531 369 2561 (c.
391 2532 611 2568 1431-1521).
661 2529 839 2567 Erasmus,
868 2528 949 2558 who
975 2537 1046 2557 was
1070 2537 1089 2557 a

323 2574 499 2604 favourite
523 2573 612 2603 with
636 2573 702 2603 her
726 2573 784 2612 (cf.
809 2572 871 2612 Ep.
889 2581 964 2610 423.
982 2570 1087 2610 65„6),

322 2618 437 2648 extols
454 2617 519 2646 her
535 2617 637 2656 again
657 2618 694 2647 in
712 2616 822 2647 Lond.
839 2617 935 2646 xxiv.
957 2616 1005 2654 16,
1019 2615 1088 2645 LB.

326 2662 408 2690 1226
424 2661 461 2691 of
473 2662 495 2691 6
510 2661 597 2700 July
615 2670 708 2699 1532.
758 2660 820 2690 See
840 2659 914 2690 also
931 2659 994 2698 Ep.
1011 2658 1085 2697 258.

366 2757 439 2786 257.
465 2746 644 2787 superest]
690 2747 735 2777 In
788 2756 870 2786 1532
920 2746 1089 2776 Erasmus

321 2791 491 2829 qualified
507 2791 581 2821 this
597 2792 793 2821 statement
808 2802 814 2821 :
839 2793 846 2806 ‘
860 2790 1034 2828 Deanue,
1049 2789 1088 2819 ni

322 2834 438 2873 fallor,
458 2836 493 2865 et
509 2834 628 2865 Coleto
645 2834 848 2874 superuixit
859 2834 878 2865 ⁵.

365 2878 439 2917 258.
468 2877 577 2918 filios]
591 2878 733 2918 Lupton
749 2878 812 2908 has
825 2876 1012 2908 identified
1027 2886 1093 2907 one

322 2922 360 2952 of
374 2921 495 2959 these;
520 2921 682 2958 Thomas,
702 2926 723 2957 ’ἵ
742 2922 761 2951 8
778 2922 872 2961 Sept.
891 2930 983 2959 1479.

366 2966 437 2996 261.
465 2963 675 3006 coepissem]
712 2965 755 2995 In
782 2965 844 2995 the
876 2966 1030 2995 autumn
1055 2963 1090 2994 of

326 3018 419 3048 1499·

1054 1983 1239 2032 Quarum
1270 1983 1388 2022 nulla
1421 1985 1508 2022 erat
1539 1983 1584 2021 in
1615 1995 1695 2033 qua
1732 1982 1803 2021 ille
1843 1996 1928 2021 non

1204 2136 1278 2166 262.
1304 2134 1506 2175 procerum]
1531 2134 1644 2165 There
1669 2134 1698 2164 is
1714 2143 1734 2164 a
1752 2133 1846 2164 brief
1867 2132 1928 2164 life

1161 2178 1200 2208 of
1212 2178 1311 2209 Colet
1327 2178 1374 2217 by
1391 2178 1523 2217 George
1547 2178 1628 2217 Lily
1649 2177 1687 2208 in
1705 2178 1762 2208 his
1782 2179 1929 2208 Virorum

1159 2224 1275 2259 aliquot
1292 2224 1325 2251 in
1342 2224 1515 2252 Britannia
1540 2223 1657 2261 Eloyz'a,
1677 2220 1867 2251 addressed
1892 2222 1927 2251 to

1162 2265 1294 2296 Paulus
1320 2265 1445 2295 Jovius
1471 2265 1544 2296 and
1567 2265 1645 2296 first
1668 2264 1814 2304 printed
1838 2264 1926 2295 with

1160 2309 1181 2338 J
1183 2309 1292 2339 ovius¹
1331 2312 1499 2346 Descripfio
1536 2311 1736 2348 Britanniae,
1780 2308 1922 2346 Venice,

1161 2352 1206 2384 M.
1232 2353 1472 2391 Tramezinus,
1496 2353 1588 2391 1548.
1639 2352 1720 2391 Lily
1737 2361 1809 2382 was
1826 2361 1845 2382 a
1862 2361 1926 2382 son

1159 2396 1197 2426 of
1209 2395 1338 2426 Colet's
1356 2397 1433 2427 first
1445 2396 1533 2436 high
1545 2398 1678 2427 master
1690 2397 1726 2426 at
1743 2396 1793 2426 St.
1808 2395 1927 2426 Paul’s

1160 2439 1239 2479 (Ep.
1260 2450 1333 2479 341.
1356 2442 1449 2479 18n),
1470 2440 1540 2470 and
1566 2450 1603 2470 as
1627 2439 1672 2470 he
1688 2438 1835 2469 entered
1852 2448 1890 2469 as
1906 2449 1926 2470 a

1159 2493 1366 2514 commoner
1397 2486 1433 2514 at
1459 2483 1647 2523 Magdalen
1678 2482 1829 2521 College,
1858 2482 1924 2513 Ox-

1157 2527 1250 2565 ford,
1262 2528 1300 2557 in
1317 2528 1411 2567 1528,
1424 2528 1470 2558 he
1487 2528 1603 2567 might
1619 2527 1711 2557 have
1727 2535 1811 2557 seen
1825 2526 1926 2557 Colet

1157 2580 1195 2601 as
1212 2580 1232 2600 a
1254 2571 1332 2610 boy.
1381 2571 1453 2602 But
1479 2570 1537 2601 his
1561 2572 1711 2602 account
1737 2570 1768 2600 is
1790 2569 1926 2609 largely

1158 2615 1266 2645 based
1283 2624 1379 2654 upon
1396 2615 1472 2645 this
1488 2615 1613 2646 letter:
1633 2613 1725 2644 with
1747 2613 1869 2644 which
1893 2615 1922 2643 it

1158 2658 1223 2688 has
1239 2668 1260 2688 a
1284 2659 1383 2697 great
1404 2667 1512 2697 many
1535 2658 1626 2689 close
1649 2656 1771 2688 vex-bal
1795 2666 1924 2688 resem-

1158 2701 1310 2732 blances.
1356 2701 1495 2733 Indeed
1533 2702 1595 2732 the
1633 2700 1719 2740 only
1757 2702 1924 2731 sentence

1157 2745 1278 2775 which
1295 2745 1360 2776 has
1371 2755 1443 2785 any
1452 2746 1555 2776 value
1568 2746 1598 2776 is
1611 2744 1668 2775 his
1681 2744 1805 2775 rather
1817 2743 1924 2774 fuller

1157 2788 1377 2829 description
1394 2790 1432 2820 of
1451 2788 1582 2820 Colet’s
1598 2788 1762 2828 personal
1779 2797 1924 2827 appear—

1156 2842 1243 2864 ance
1260 2832 1298 2871 (f.
1318 2833 1376 2871 46)
1393 2842 1400 2862 ε
1427 2834 1434 2850 ‘
1450 2833 1532 2864 Huc
1542 2831 1729 2863 accedebat
1739 2840 1780 2861 ea
1793 2831 1922 2871 egregii

1161 2877 1318 2916 corporis
1343 2877 1538 2916 proceritas
1557 2879 1593 2906 et
1616 2874 1833 2915 suspiciendi
1853 2874 1924 2905 oris

1158 2920 1340 2959 serenitas,
1359 2922 1398 2951 vt
1421 2919 1572 2950 subinde
1597 2919 1637 2949 in
1661 2919 1759 2948 omni
1783 2919 1923 2949 actione

1157 2964 1271 2994 mirus
1287 2963 1584 3002 venerandusque
1600 2962 1769 2993 existeret
1782 2962 1803 2993 ³.

1201 3009 1274 3045 264.
1299 3006 1465 3048 titulum]
1491 3007 1622 3038 Master
1637 3006 1675 3036 of
1685 3006 1781 3036 Arts.
