1990 3353
92 118 215 174 1074]
371 120 444 159 ΤΟ
479 119 811 159 WOLFGANG
850 118 1161 159 FABRICIUS
1201 118 1411 159 CAPITO
1614 119 1691 157 201

87 231 218 270 libros
235 244 323 270 esse
342 233 502 281 pestem
521 229 716 270 Ecolesie.
775 229 908 279 Negat
927 242 970 268 se
989 228 1190 279 sparsisse
1209 242 1422 267 rumorem
1442 229 1491 267 de
1511 228 1629 276 libro,
1654 232 1695 268 et

86 288 232 324 tamen
257 286 412 324 fatetur
435 285 567 324 sexies
592 284 719 323 fuisse
746 283 1001 334 descriptum
1025 283 1215 322 LouaniI.
1274 283 1445 322 Fatetur
1470 283 1515 321 in
1538 282 1695 335 Anglia

88 340 243 379 lectum
262 353 285 378 a
304 340 462 379 multis.
524 339 666 389 Fingit
685 352 729 377 se
747 338 901 377 dixisse
922 338 1030 388 quod
1051 351 1135 376 non
1155 337 1273 376 dixit.
1320 337 1454 387 Negat
1475 349 1516 375 se
1538 337 1694 376 dixisse

84 393 198 445 quod
218 393 335 433 dixit.

143 448 263 486 Idem
283 449 382 487 facit
401 448 452 486 de
477 448 664 486 Erasmo.
723 446 830 486 Mira
854 445 1046 490 facilitas,
1066 446 1174 484 mira
1196 445 1458 496 impudentia
1476 447 1484 484 !
1533 444 1693 484 Promi-

89 504 199 541 serat
218 505 422 541 trecentas
447 502 752 549 annotationes,
774 501 933 551 profert
958 502 1151 539 sexcenta
1176 500 1374 539 conuicia.
1431 499 1486 538 In
1506 513 1549 538 re
1569 499 1693 549 friget

86 559 131 594 et
150 556 317 607 ineptus
343 559 416 602 est,
445 557 490 595 in
516 556 750 595 maledictis
769 556 913 603 feruet,
937 555 1023 594 imo
1043 554 1160 602 furit,
1180 568 1256 592 nec
1282 567 1467 605 vnquam
1492 553 1692 593 satisfacit

85 611 228 649 animo
254 623 330 649 suo
358 610 577 649 rabiosulo.
637 611 692 649 Et
718 612 859 648 tamen
888 609 956 648 hic
984 609 1072 659 ipse
1098 608 1204 647 liber
1232 622 1317 647 non
1347 610 1410 648 est
1436 610 1550 647 totus
1578 607 1694 648 illius

88 664 219 704 Marte
239 665 507 715 conscriptus.
567 665 621 703 In
646 666 855 715 postrema
881 663 1094 703 inuectiua
1115 663 1308 702 adhibuit
1334 663 1585 702 conductum
1605 662 1693 701 rhe-

88 719 307 767 torculum,
330 720 432 758 item
458 720 503 758 in
523 720 644 758 nouis
663 718 1047 765 Annotationibus;
1077 731 1177 756 nam
1201 731 1278 768 que
1301 718 1433 767 ipsius
1460 719 1570 764 sunt,
1592 717 1692 757 satis

86 786 132 811 se
151 773 335 824 produnt
355 773 559 824 elegantia
577 773 699 812 Leica
717 775 758 812 et
777 773 939 822 frigore.
997 772 1149 811 Subest
1168 785 1391 820 venenum,
1414 772 1484 810 sed
1505 785 1693 821 promere

88 840 174 866 non
194 830 330 878 potest
350 828 431 866 nisi
451 827 585 866 aliena
605 827 763 877 lingua.
823 827 879 866 Et
898 829 1040 877 postea
1059 827 1185 865 iactat
1205 839 1248 865 se
1267 826 1504 865 triobolaris
1524 825 1688 874 nebulo,

85 883 206 932 quasi
224 882 408 921 mundus
430 883 483 921 sit
510 882 740 921 crediturus
764 882 984 921 hominem
1010 881 1138 931 loqui.
1198 880 1332 919 Tanta
1352 894 1446 919 cum
1472 880 1694 919 autoritate

87 938 245 986 monet,
282 938 400 975 tanto
433 937 653 987 supercilio
682 938 834 985 censet,
871 937 989 975 tanta
1020 935 1261 975 austeritate
1289 935 1493 973 verberat.
1552 935 1620 973 Ita
1650 948 1693 973 se

87 991 277 1030 venditat
292 991 500 1030 cornicula
515 991 670 1041 plumis
682 991 842 1039 alienis,
859 991 918 1029 ita
932 990 1057 1040 fingit
1069 990 1261 1028 omnium
1276 989 1515 1028 leuissimus
1527 989 1689 1029 histrio.

88 1043 175 1083 Nec
194 1045 347 1095 cogitat
367 1048 524 1096 quanto
545 1059 640 1084 eum
660 1046 746 1084 risu
773 1045 921 1084 lecturi
948 1046 1047 1084 sunt
1073 1044 1148 1083 hec
1171 1044 1303 1094 Angli
1324 1044 1434 1082 docti
1453 1057 1691 1094 grauesque,

86 1099 162 1149 qui
187 1102 344 1139 norunt
370 1100 667 1139 homuncionis
692 1100 923 1150 ingenium,
953 1099 1024 1150 qui
1049 1101 1205 1138 norunt
1231 1098 1456 1138 Erasmum
1482 1111 1608 1148 quam
1639 1098 1692 1137 sit

87 1153 249 1193 alienus
268 1167 291 1193 a
311 1155 427 1202 fucis,
452 1168 577 1205 quam
596 1167 681 1193 non
702 1156 831 1193 soleat
852 1167 894 1192 se
914 1154 1065 1192 vestire
1084 1152 1240 1203 plumis
1267 1152 1425 1201 alienis,
1449 1152 1535 1191 imo
1555 1152 1694 1203 potius

86 1208 177 1247 suis
206 1208 310 1248 alios
341 1209 582 1247 conuestire.
641 1208 793 1248 Nullus
827 1209 992 1247 Orestes
1025 1207 1201 1247 scribere
1230 1210 1369 1257 posset
1398 1207 1614 1254 insanius;
1652 1209 1694 1246 et

88 1264 230 1301 tamen
261 1264 410 1313 gaudet
438 1263 638 1302 stultulus
665 1264 736 1301 ille
765 1264 874 1313 quod
903 1265 1115 1312 vtcunque
1145 1262 1226 1301 sibi
1255 1262 1411 1301 famam
1440 1264 1587 1301 nactus
1615 1264 1689 1301 est.

89 1315 255 1367 Ignosci
275 1320 435 1368 poterat
454 1318 562 1368 quod
583 1317 766 1368 percitus
786 1318 1009 1356 immodica
1028 1317 1089 1356 ira
1109 1316 1304 1355 effutiuit.
1338 1345 1346 1354 .
1381 1347 1389 1356 .
1420 1345 1429 1355 .

606 1554 730 1595 1075.
791 1552 855 1594 To
886 1552 1014 1594 PAUL
1046 1552 1181 1597 VoLZ.
1243 1608 1246 1616 Ι

138 1660 331 1707 Epistolae
349 1662 397 1697 ad
414 1661 581 1698 diuersos
597 1673 633 1707 p.
652 1671 734 1707 499.
1353 1658 1581 1706 (Louvain.>

137 1720 232 1757 HN:
257 1720 375 1756 Lond.
393 1720 457 1757 xii.
476 1731 542 1767 33:
568 1720 641 1756 LB.
659 1730 742 1765 490.
1291 1718 1345 1765 (c.
1365 1718 1521 1765 March>
1547 1718 1647 1766 15&-

135 1813 210 1854 [An
234 1813 478 1853 approximate
495 1811 726 1844 mouth-date
743 1821 827 1852 may
843 1812 885 1842 be
902 1812 1069 1852 assigned
1085 1811 1177 1842 from
1200 1812 1263 1843 the
1280 1811 1459 1843 reference
1487 1812 1526 1842 in
1552 1811 1574 1843 l.
1598 1821 1637 1842 10
1660 1814 1696 1843 to

88 1856 152 1896 Ep.
175 1857 270 1895 1067,
289 1856 411 1887 which
428 1859 525 1888 must
542 1857 632 1887 have
649 1856 802 1887 reached
826 1856 997 1887 Erasmus
1019 1856 1058 1887 in
1084 1856 1231 1887 March:
1257 1866 1293 1887 so
1317 1856 1398 1887 that
1421 1856 1483 1887 the
1508 1855 1694 1896 year-date

86 1899 208 1931 added
225 1900 264 1930 in
282 1900 317 1931 H
335 1910 402 1931 can
418 1901 462 1931 be
480 1899 780 1931 accommodated.

134 1944 169 1974 It
184 1953 331 1984 appears
347 1944 427 1975 that
445 1943 533 1975 Volz
555 1953 630 1975 was
652 1944 810 1983 wishing
836 1944 873 1974 to
899 1942 997 1974 leave
1023 1943 1082 1974 his
1107 1946 1326 1983 monastery,
1345 1943 1496 1983 perhaps
1521 1943 1575 1974 for
1599 1953 1694 1974 some

87 1987 176 2018 such
194 1987 403 2018 retirement
420 1998 459 2019 as
471 1987 708 2027 christophor
724 1988 763 2018 of
776 1987 973 2019 Utenheim
992 1987 1063 2018 had
1079 1987 1252 2027 formerly
1269 1987 1537 2027 contemplated
1556 1986 1615 2027 (cf.
1627 1987 1690 2028 Ep.

86 2032 153 2070 598
178 2031 352 2071 introd.):
376 2041 434 2062 see
457 2032 532 2063 also
556 2031 619 2071 Ep.
650 2041 744 2070 1070.
770 2032 829 2063 6n.
878 2031 926 2063 Or
951 2031 996 2061 he
1019 2040 1104 2071 may
1127 2031 1274 2071 already
1297 2031 1388 2062 have
1414 2032 1504 2061 been
1531 2031 1695 2070 drawing

89 2075 247 2106 towards
268 2075 329 2106 the
355 2075 569 2115 Reformers,
600 2075 691 2106 with
719 2075 838 2105 whom
867 2075 913 2105 he
939 2074 1031 2105 later
1057 2075 1169 2105 threw
1195 2076 1234 2105 in
1260 2076 1318 2105 his
1345 2075 1419 2106 lot:
1452 2083 1508 2105 see
1537 2074 1600 2114 Ep.
1629 2075 1693 2113 368

88 2117 242 2160 int1·0d.]

190 2215 395 2246 ERASMVS
425 2216 526 2247 ROT.
557 2215 875 2246 INTEGERRIMO
907 2214 1077 2245 ABBATI
1107 2215 1255 2245 PAVLO
1286 2215 1477 2245 VOLTZIO
1509 2215 1543 2245 S.
1567 2215 1610 2245 D.

147 2297 373 2336 DIFFICILE
399 2296 506 2335 mihi
533 2297 587 2335 sit
607 2297 687 2335 tibi
714 2297 808 2336 dare
836 2297 1062 2336 consilium
1088 2297 1132 2335 in
1160 2310 1206 2335 ea
1227 2310 1270 2335 re
1289 2297 1333 2334 in
1359 2310 1437 2347 qua
1458 2297 1595 2335 nescio
1616 2310 1697 2347 qua

90 2354 209 2401 parte
228 2351 376 2401 pedem
397 2353 519 2390 tuum
538 2354 728 2401 torqueat
749 2351 920 2390 calceus.
980 2352 1024 2391 Si
1044 2351 1151 2402 quod
1170 2351 1279 2389 vitae
1299 2365 1429 2401 genus
1449 2351 1561 2389 nosti
1587 2351 1695 2401 quod

89 2419 182 2444 eam
203 2405 394 2455 praebeat
414 2405 764 2456 tranquillitatem
786 2419 910 2456 quam
937 2406 1106 2444 animus
1131 2408 1240 2453 tuus,
1265 2408 1311 2444 vt
1337 2419 1526 2456 auguror,
1551 2405 1695 2444 huma-

91 2472 243 2498 norum
271 2459 532 2498 tumultuum
559 2462 746 2510 pertesus
770 2460 962 2510 suspirat,
992 2460 1130 2499 indica
1158 2460 1276 2507 mihi,
1305 2460 1475 2510 iungam
1507 2473 1574 2499 me
1603 2460 1693 2499 tibi.

1714 681 1772 711 123

1715 951 1776 982 130

1716 1223 1775 1256 ¹35

91 2513 346 2552 Iamdudum
377 2514 490 2553 enim
520 2517 636 2553 satur
664 2527 758 2553 sum
792 2515 995 2563 omnium,
1033 2528 1136 2565 quae
1170 2515 1288 2553 video
1322 2515 1410 2564 geri
1443 2514 1575 2553 veluti
1609 2515 1695 2553 fato
1716 2530 1733 2561 5

91 2568 284 2618 quodam.
345 2568 425 2606 Sed
455 2582 599 2607 vereor
627 2581 680 2607 ne
708 2569 753 2606 in
783 2582 906 2607 omne
936 2569 1046 2607 vitae
1079 2582 1210 2618 genus
1243 2571 1472 2618 sequantur
1504 2581 1582 2607 nos
1611 2581 1695 2607 mo-

92 2621 246 2660 lestiae.
307 2622 441 2670 Quare
485 2623 520 2661 si
558 2623 706 2661 durare
744 2625 860 2673 potes
901 2624 945 2662 in
983 2623 1064 2662 isto
1109 2623 1220 2661 vitae
1266 2637 1425 2672 genere,
1467 2623 1613 2661 malim
1654 2625 1696 2662 te

92 2675 444 2726 tranquillitatem
464 2676 588 2715 istam
608 2677 659 2716 ab
680 2678 824 2716 animo
843 2680 981 2728 petere
1001 2677 1140 2728 potius
1161 2690 1282 2727 quam
1303 2677 1484 2716 aliunde.
1543 2677 1589 2716 Si
1609 2690 1694 2716 non

91 2730 223 2780 potes,
264 2743 406 2780 precor
442 2734 488 2769 vt
526 2730 719 2770 Christus
757 2731 848 2782 Opt.
891 2732 996 2770 Max.
1032 2731 1135 2771 velit
1173 2744 1260 2770 esse
1292 2732 1478 2771 faustum
1516 2745 1562 2771 ac
1596 2731 1694 2771 felix

536 2834 630 2866 1075.
654 2843 719 2865 nr.
738 2843 977 2866 m'rnolzanmo
992 2843 1121 2865 ΑΒΒΑΤῙ
1137 2844 1196 2865 om.
1215 2837 1256 2865 H.

139 2917 233 2948 1074.
261 2925 329 2956 125.
353 2918 532 2956 postrema
568 2915 766 2957 inuectiua]
800 2916 862 2956 Ep.
923 2917 1069 2956 longing
1085 2916 1140 2946 for
1155 2917 1367 2948 retirement
1385 2918 1414 2947 is
1438 2916 1624 2957 expressed
1656 2917 1691 2947 in

96 2961 175 2992 1061
192 2971 200 2991 ε
225 2961 268 2991 cf.
288 2961 309 2991 l.
327 2970 370 2999 90
385 2970 494 2997 supra.
922 2962 993 2991 two
1009 2959 1131 2990 letters
1143 2960 1180 2990 of
1192 2961 1265 2991 this
1282 2961 1403 3000 period
1422 2962 1457 2991 to
1469 2960 1694 3000 Oecolampa-

139 3004 235 3036 1075.
253 3015 283 3043 4.
309 3004 464 3049 iungam.
480 3013 536 3034 me
560 3002 644 3044 tibi]
669 3004 700 3034 A
725 3003 864 3035 similar
924 3004 1015 3043 dius,
1035 3004 1120 3043 Epp.
1142 3013 1234 3043 1102,
1254 3005 1343 3043 1158.
