1990 3353
59 115 182 170 1211]

567 117 638 156 TO
677 117 704 156 J
708 116 926 157 ODOCUS
964 117 991 155 J
996 116 1144 156 ONAS

1578 118 1657 155 519

57 241 128 266 cur
171 227 606 277 magnificentissimas
643 228 762 266 aedes
800 229 1009 265 extrueret
1048 226 1158 264 intra
1194 226 1377 275 pomeria
1414 226 1659 264 monasterii

57 282 427 329 carthusiensium,
450 282 558 332 quod
589 295 672 319 non
702 281 845 331 procul
873 281 989 320 abest
1019 294 1042 319 a
1070 280 1183 330 regia
1209 293 1313 330 quae
1343 280 1495 318 dicitur
1515 280 1658 318 Riche·

55 337 220 375 monda.

56 444 221 492 minum
251 444 471 484 consortio.

54 499 191 537 tribus
218 499 410 538 amiculis
439 497 616 545 eximiis,
649 498 759 536 inter
787 511 890 547 quos
918 511 987 536 me
1019 497 1170 536 solitus
1199 500 1261 536 est
1294 511 1537 536 numerare.

523 552 632 590 Nam
670 565 765 591 cum
802 554 899 590 ante
937 564 1088 602 paucos
1125 564 1258 590 annos
1301 556 1514 602 correptus
1551 554 1658 590 esset

55 566 168 591 mors
206 553 445 592 anteuertit.

291 336 443 375 Aiebat
481 349 524 374 se
553 349 696 385 parare
726 335 865 373 sedem
899 335 1016 373 illam
1057 347 1153 373 suae
1190 335 1404 383 senectuti,
1439 347 1534 373 cum
1572 334 1658 372 iam

55 390 191 452 impar
219 390 430 430 laboribus
457 393 530 429 aut
557 390 704 428 morbo
732 389 886 428 fractus
914 391 1130 440 cogeretur
1158 402 1201 427 se
1229 389 1474 428 submouere
1507 388 1559 427 ab
1588 389 1658 426 ho·
1677 398 1739 432 375

530 444 625 482 Illic
650 445 737 482 erat
762 445 929 483 animus
957 442 1243 493 philosophari
1273 457 1368 482 cum
1395 443 1556 482 duobus
1586 445 1658 482 aut

1585 498 1657 536 sed

56 608 204 646 sudore
239 607 465 657 pestilenti,
499 607 572 656 qui
603 607 775 645 morbus
804 606 1067 656 peculiariter
1098 606 1267 644 infestat
1300 606 1579 654 Britanniam,
1617 609 1657 644 et

55 662 106 700 ab
134 663 280 700 eodem
311 661 436 700 tertio
464 661 679 711 repetitus,
708 663 918 711 vtcunque
949 662 1089 699 tamen
1122 659 1301 707 reuixit:
1340 661 1413 699 sed
1442 674 1493 699 ex
1523 660 1659 698 morbi
1678 664 1740 704 380

54 716 243 766 reliquiis
263 717 474 755 contracta
491 716 696 754 viscerum
717 715 845 763 tabes,
867 728 948 766 qua
975 715 1110 765 periit.

556 770 786 808 Anatomia.
814 770 924 808 nihil
953 768 1156 807 indicauit
1182 769 1294 816 noui,
1319 769 1401 808 nisi
1422 770 1531 819 quod
1562 782 1659 819 epar

55 784 151 820 pem
172 784 260 809 esse
288 770 498 809 iudicauit.

1171 714 1356 753 Medicus
1374 728 1484 753 vnus
1511 715 1659 764 hydro·

54 828 264 875 repertum
291 827 353 863 est
379 828 584 863 extremas
611 824 738 863 fibras
765 824 916 863 cirrhis
944 823 1281 874 prominentibus
1308 823 1531 862 hirsutum.
1591 823 1659 862 Se-

55 880 200 929 pultus
220 882 283 918 est
306 879 358 918 ad
384 879 565 918 australe
594 878 711 917 chori
740 878 850 917 latus
879 878 925 917 in
954 891 1030 917 suo
1059 878 1228 927 templo,
1253 877 1408 916 humili
1439 877 1658 927 sepulchro

54 934 161 984 quod
191 934 234 972 in
266 947 363 972 eum
391 947 515 972 vsum
542 934 628 971 iam
658 934 754 971 ante
786 946 920 971 annos
952 933 1107 983 aliquot
1142 932 1357 981 delegerat,
1390 932 1659 982 inscriptione
1679 937 1741 978 585

53 988 194 1027 addita
212 1000 324 1027 IoAN.
348 1001 432 1027 cor..

109 1043 259 1081 Finem
279 1043 438 1091 faciam,
461 1042 519 1080 mi
540 1041 655 1090 Iona,
679 1042 715 1080 si
735 1054 863 1091 pauca
888 1054 1213 1080 commemorare
1240 1040 1426 1090 primum
1453 1041 1504 1079 de
1529 1041 1659 1091 ipsius

55 1100 213 1141 natura,
230 1098 380 1135 deinde
402 1097 450 1135 de
472 1096 740 1146 opinionibus
760 1097 984 1146 paradoxis,
1000 1098 1208 1145 postremo
1230 1096 1277 1133 de
1297 1095 1489 1145 procellis
1510 1095 1659 1145 quibus

53 1152 264 1201 explorata
293 1153 356 1190 est
391 1151 576 1190 hominis
605 1151 788 1201 ingenua
826 1151 970 1201 pietas,
1004 1151 1122 1188 cuius
1160 1150 1384 1188 minimam
1422 1151 1659 1200 portionem

55 1205 230 1244 debebat
268 1208 441 1244 naturae
478 1218 599 1245 suae:
637 1205 843 1256 siquidem
882 1205 1023 1244 animo
1061 1204 1274 1254 praeditus
1312 1207 1398 1243 erat
1437 1204 1661 1255 insigniter
1679 1218 1740 1249 390

54 1260 215 1299 excelso
233 1263 275 1298 et
302 1260 440 1298 omnis
463 1260 638 1298 iniuriae
665 1260 1046 1309 impatientissimo,
1069 1259 1120 1297 ad
1139 1271 1337 1298 venerem
1363 1272 1409 1297 ac
1434 1259 1582 1297 luxum
1615 1272 1660 1297 ac

53 1328 250 1354 somnum
270 1315 376 1353 mire
395 1327 636 1364 propensus,
658 1314 708 1352 ad
730 1314 841 1352 iocos
858 1328 904 1353 ac
925 1314 1093 1352 facetias
1112 1326 1239 1363 supra
1264 1314 1438 1351 modum
1464 1313 1661 1364 procliuis

53 1369 168 1418 (haec
197 1371 284 1419 ipse
313 1369 421 1407 mihi
443 1369 579 1407 fassus
608 1370 697 1417 est),
721 1382 796 1407 nec
825 1369 998 1407 omnino
1027 1372 1143 1406 tutus
1163 1381 1187 1406 a
1206 1368 1350 1406 morbo
1370 1367 1656 1418 philargyriae.

54 1424 272 1462 Aduersus
299 1424 399 1462 haec
428 1424 486 1462 ita
519 1423 723 1473 pugnauit
755 1423 1019 1473 philosophia
1051 1423 1260 1472 sacrisque
1293 1422 1454 1470 studiis,
1489 1422 1657 1472 vigiliis,

52 1478 223 1517 ieiuniis
241 1491 286 1517 ac
306 1478 508 1528 precibus,
532 1481 578 1516 vt
596 1479 735 1516 totum
755 1478 865 1516 vitae
884 1491 1053 1516 cursum
1080 1477 1131 1515 ab
1155 1477 1282 1515 huius
1311 1476 1439 1515 seculi
1472 1476 1659 1527 inquina-
1679 1493 1740 1526 395

695 1532 804 1570 Nam
824 1534 1028 1582 quantum
1060 1532 1168 1570 mihi
1196 1531 1314 1569 licuit
1341 1544 1392 1569 ex
1421 1531 1538 1570 illius
1568 1544 1659 1569 con-

4 1544 7 1546 ·
53 1533 209 1571 mentis
238 1546 391 1583 purum
420 1533 633 1582 peregerit.

52 1587 272 1626 suetudine
301 1587 598 1637 colloquiisque
619 1586 897 1625 familiaribus
925 1586 1127 1636 colligere,
1150 1585 1405 1635 virginitatis
1432 1585 1579 1624 florem
1609 1586 1659 1624 ad

0 1639 1 1647 ¹
53 1643 231 1680 mortem
263 1654 392 1692 vsque
425 1641 619 1680 seruauit.

681 1641 790 1690 Opes
819 1641 864 1678 in
897 1641 989 1691 pios
1024 1653 1123 1679 vsus
1154 1640 1383 1689 dissipauit.

1444 1640 1660 1678 Aduersus

53 1697 185 1735 animi
205 1695 497 1735 celsitudinem
517 1696 679 1735 ratione
698 1695 916 1746 pugnauit,
939 1695 1039 1734 adeo
1058 1697 1105 1734 vt
1126 1708 1149 1733 a
1168 1707 1296 1745 puero
1316 1707 1478 1744 quoque
1498 1694 1659 1733 moneri

52 1764 95 1790 se
139 1753 359 1801 pateretur.

418 1751 638 1799 Venerem,
679 1763 878 1789 somnum
925 1763 971 1788 ac
1018 1749 1165 1788 luxum
1212 1749 1466 1788 abstinentia
1511 1762 1660 1788 coenae
1676 1764 1741 1796 400

52 1808 261 1856 perpetua,
284 1805 374 1855 iugi
403 1805 636 1853 sobrietate,
663 1804 884 1843 indefessis
911 1803 1124 1843 laboribus
1154 1803 1400 1851 studiorum,
1423 1804 1659 1854 sanctisque

184 1913 259 1942 373.
285 1902 534 1933 RIchemonda
549 1904 701 1940 FGorm'y.
718 1912 726 1932 ε
750 1901 990 1932 Ruhemonda
1004 1904 1040 1933 F.

95 2003 169 2032 372.
196 1991 575 2032 magnificentissimas
609 1990 728 2032 aedes]
774 1992 820 2022 In

51 2037 114 2077 Ep.
126 2046 200 2075 314.
216 2045 320 2067 10—12
333 2035 433 2067 Colet
445 2034 532 2066 calls
543 2034 648 2066 thisa
661 2035 669 2051 ‘
682 2034 790 2065 nidus
800 2034 817 2067 ’.

51 2081 86 2112 It
102 2090 175 2111 was
192 2078 404 2110 afterwards
419 2077 589 2118 occupied
602 2079 651 2118 by
662 2078 818 2119 VVolsey‚

50 2125 157 2155 when
175 2124 286 2154 fallen
303 2123 394 2153 from
411 2132 540 2162 power,
555 2123 594 2152 in
612 2122 707 2153 Lent
722 2132 820 2162 1530:

50 2178 106 2199 see
131 2169 171 2199 G.
205 2166 440 2198 Cavendish’s
465 2168 532 2203 Life
555 2167 590 2203 of
611 2168 739 2204 Wolsey,
763 2166 818 2198 ed.

50 2212 85 2242 F.
108 2212 140 2243 S.
161 2211 266 2250 Ellis,
283 2211 377 2250 1893,
391 2220 423 2250 p.
442 2219 516 2249 195,
538 2209 623 2249 ‘My
636 2209 714 2240 lord
728 2210 817 2241 than

49 2257 89 2286 in
103 2256 165 2286 the
179 2257 396 2294 begynnyng
410 2254 447 2284 of
457 2253 550 2284 Lent
563 2254 731 2285 removed
748 2256 819 2284 owt

50 2299 88 2330 of
101 2300 164 2330 the
180 2299 255 2338 loge
274 2301 312 2329 in
328 2301 366 2328 to
382 2297 445 2329 the
461 2297 767 2329 Charter—howsse
783 2298 822 2328 of

50 2342 286 2382 Richemond,
298 2342 418 2372 where
434 2341 480 2372 he
496 2340 556 2380 lay
569 2342 608 2371 in
625 2350 646 2372 a
662 2341 818 2381 lodgyng

48 2386 190 2418 whiche
206 2387 335 2417 Doctor
346 2384 490 2424 eonem,
504 2386 704 2424 sometyme
717 2385 816 2415 Dean

51 2431 89 2462 of
102 2430 255 2467 Powll’s,
272 2429 363 2460 hade
389 2429 493 2460 made
516 2428 572 2459 for
594 2428 705 2468 hyme
725 2429 796 2459 self
809 2440 816 2467 3

50 2474 160 2505 untill
178 2474 223 2504 he
247 2472 414 2504 removed
437 2472 658 2509 northward,
678 2472 818 2503 whiche

48 2528 121 2549 was
145 2518 184 2548 in
209 2518 272 2548 the
296 2516 444 2548 Passion
468 2515 567 2547 weke
590 2516 692 2547 after.
734 2515 820 2547 And

51 2561 95 2592 he
124 2561 195 2592 had
221 2563 257 2592 to
284 2560 347 2591 the
376 2569 473 2591 same
499 2560 637 2590 liowsse
664 2569 685 2590 a
707 2561 820 2590 secret

49 2605 185 2646 gallery
196 2604 337 2635 whiche
348 2605 445 2634 went
454 2605 525 2634 owt
536 2604 574 2634 of
581 2603 639 2634 his
650 2603 753 2634 cham
760 2604 820 2633 ber

51 2649 90 2680 in
107 2652 144 2680 to
160 2649 221 2679 the
239 2647 544 2678 Charter-howsse
557 2647 704 2678 chirche
718 2647 736 2678 '.

93 2701 167 2732 373.
196 2690 523 2732 Carthusiensium]
558 2691 622 2722 See
652 2691 715 2730 Ep.
743 2700 817 2730 314.

53 2745 129 2768 10n.

136 2777 400 2819 Richemonda]
435 2778 500 2809 See
526 2778 591 2818 Ep.
622 2787 698 2817 937.
727 2779 793 2816 46n
811 2788 818 2816 ;

50 2823 124 2854 and
141 2824 184 2854 cf.
202 2823 266 2862 Ep.
287 2822 359 2860 287.
379 2831 408 2861 5.

93 2876 167 2906 379.
194 2865 336 2906 sudore]
362 2864 539 2905 Probably
577 2865 710 2905 during
755 2865 819 2895 the

51 2910 222 2941 outbreak
246 2910 286 2940 of
305 2909 396 2949 Aug.
424 2918 527 2948 1517;
553 2908 607 2939 for
623 2908 745 2939 which
769 2908 814 2939 cf.

53 2954 139 2994 Epp.
167 2954 242 2993 623,
271 2954 337 2993 639
364 2952 435 2983 and
457 2962 515 2983 see
543 2953 754 2983 Giustinian
776 2953 814 2984 ii.

55 3006 126 3036 113,
147 3007 219 3036 114,
238 2998 352 3035 126—7‚
372 3006 443 3036 130.
490 2996 634 3036 VVolsey
648 2995 720 3026 had
736 2995 817 3027 four

1203 1901 1279 1940 382.
1303 1901 1415 1942 hepar
1430 1904 1528 1934 Loml.

889 1991 1027 2022 attacks
1051 1991 1090 2021 of
1113 1990 1176 2021 the
1199 1990 1359 2021 sickness
1382 1990 1472 2021 then
1489 1990 1621 2021 within
1639 2000 1658 2021 a

889 2035 1019 2066 month
1036 2034 1139 2076 (ibid.
1157 2043 1227 2072 120,
1252 2034 1337 2074 127).

974 2077 1220 2119 peculiariter]
1270 2077 1321 2108 Cf.
1360 2077 1570 2108 Giustinian
1616 2078 1655 2109 ii.

891 2132 976 2161 114:
1001 2122 1118 2162 ‘Very
1143 2122 1213 2152 few
1238 2122 1418 2161 strangers
1445 2121 1535 2152 have
1559 2121 1652 2161 died,

888 2168 953 2197 but
980 2176 1029 2197 an
1055 2167 1231 2196 immense
1259 2166 1413 2196 number
1441 2164 1480 2195 of
1505 2165 1569 2195 the
1594 2175 1656 2195 na-

888 2210 1010 2241 tives’.

930 2255 1005 2293 386.
1032 2263 1124 2284 roAN.
1155 2251 1246 2293 con]
1282 2252 1338 2283 He
1370 2261 1416 2282 no
1448 2252 1559 2283 doubt
1598 2251 1656 2283 de-

887 2298 1013 2338 signed
1029 2297 1084 2328 for
1100 2296 1251 2327 himself
1270 2295 1428 2336 nothing
1443 2305 1540 2326 more
1565 2296 1656 2327 than

888 2342 962 2373 this
973 2341 1101 2381 simple
1113 2341 1343 2380 inscription,
1352 2339 1490 2379 though
1500 2340 1657 2379 scarcely

887 2386 927 2416 in
951 2385 1026 2416 this
1050 2386 1153 2415 form.
1200 2385 1274 2415 The
1297 2384 1546 2414 abbreviation
1564 2384 1595 2414 is
1617 2383 1657 2415 in

887 2428 1102 2460 accordance
1121 2427 1212 2459 with
1230 2428 1291 2458 the
1308 2436 1413 2465 usage
1432 2427 1471 2458 of
1491 2427 1552 2457 the
1569 2429 1656 2458 time

888 2473 926 2503 in
956 2473 1114 2509 writing.
1164 2472 1320 2511 Lupton,
1348 2473 1416 2509 Life
1434 2473 1470 2508 of
1490 2473 1576 2509 Colet,
1600 2471 1656 2502 ch.

892 2526 942 2555 13,
961 2516 1138 2547 discusses
1154 2525 1201 2546 an
1218 2514 1367 2555 epitaph
1386 2516 1432 2554 by
1447 2514 1503 2545 W.
1521 2515 1601 2554 Lily
1619 2517 1657 2546 in

887 2569 996 2600 verse,
1015 2560 1136 2591 which
1160 2560 1261 2597 hung
1285 2569 1372 2589 near
1397 2560 1442 2598 by
1459 2559 1521 2589 the
1546 2559 1653 2597 tomb,

888 2604 959 2635 and
986 2614 1052 2635 one
1080 2604 1118 2633 in
1150 2613 1252 2642 prose
1283 2602 1403 2633 which
1436 2612 1508 2633 was
1540 2603 1656 2633 subse-

888 2647 1037 2688 quently
1055 2646 1179 2687 placed
1195 2656 1241 2677 on
1257 2646 1320 2677 the
1337 2647 1440 2676 stone
1458 2657 1466 2676 :
1489 2646 1657 2686 pointing

888 2694 949 2722 out
966 2691 1030 2723 the
1043 2689 1286 2721 resemblance
1300 2690 1462 2720 between
1473 2689 1535 2720 the
1548 2689 1658 2720 latter

887 2735 959 2767 and
988 2735 1052 2774 Ep.
1084 2743 1176 2773 1053.
1207 2734 1325 2773 531—6‚
1351 2733 1422 2764 and
1453 2734 1656 2773 suggesting

888 2780 969 2810 that
999 2779 1029 2809 it
1057 2788 1140 2817 may
1164 2777 1254 2808 have
1282 2778 1372 2807 been
1400 2777 1586 2816 composed
1612 2778 1656 2816 by

887 2823 1006 2853 either
1021 2822 1154 2861 Lupset
1171 2831 1210 2851 or
1226 2821 1406 2852 Erasmus.

930 2866 1006 2904 388.
1030 2863 1232 2905 paradoxis]
1270 2865 1321 2896 Cf.
1364 2865 1453 2904 Epp.
1488 2874 1562 2903 230.
1601 2873 1654 2902 31,

885 2920 960 2949 999.
978 2918 1053 2948 252,
1071 2917 1166 2948 1195.
1182 2917 1221 2947 91
1242 2920 1250 2939 ε
1273 2908 1394 2938 alsoll.
1411 2918 1551 2947 419—20,
1570 2917 1656 2946 512—

889 2963 927 2992 13
943 2955 1042 2990 infra.

929 3006 1004 3036 393.
1029 2995 1287 3037 philargyriae]
1302 2995 1355 3027 Cf.
1372 2995 1432 3035 Ep.
1448 3005 1520 3034 270.
1536 3003 1655 3033 29-37.
