1990 3353
73 109 88 133 1
99 89 195 150 202]
593 94 663 132 ΤΟ
700 94 950 133 JODOCUS
987 93 1165 132 JONAS
1593 93 1672 131 493

69 204 278 243 tumultus
307 203 433 252 sopiri
463 204 597 252 queat.
659 202 874 240 Habemus
895 202 1144 240 Pontificem
1164 205 1310 252 suapte
1332 205 1478 241 natura
1498 203 1672 241 clemen·
1696 217 1733 238 2-

68 259 292 304 tissimum,
322 258 523 295 habemus
552 255 767 294 Caesarem
798 256 891 294 miti
920 257 1191 306 placabilique
1219 257 1453 307 praeditum
1486 257 1667 306 ingenio.

71 313 121 351 Id
141 314 175 352 si
196 312 286 351 fieri
306 325 390 350 non
410 313 560 360 potest,
584 310 716 348 nolim
736 312 783 347 vt
802 313 848 347 tu
870 313 910 348 te
929 311 1027 348 huic
1048 311 1216 361 negocio
1236 311 1473 349 admisceas.
1517 311 1673 349 Amani

70 380 233 417 semper
262 367 307 404 in
339 368 380 404 te
409 364 636 415 praeclaras
663 364 820 403 Christi
850 365 989 404 dotes:
1020 378 1101 414 quo
1128 365 1262 415 magis
1292 366 1412 415 cupio
1443 368 1485 403 te
1517 366 1673 403 seruari

70 422 240 471 negocio
260 419 524 469 Euangelico.
585 419 674 466 Quo
701 419 837 468 magis
862 419 1054 458 amabam
1080 419 1302 458 Huttenici
1322 433 1472 458 venam
1499 420 1669 469 ingenii,

69 476 146 514 hoc
167 474 299 525 magis
319 474 436 512 doleo
456 473 575 511 nobis
596 475 787 522 ereptum
813 487 886 522 per
912 474 988 512 hos
1009 474 1229 512 tumultus.
1290 474 1390 521 Quis
1420 476 1559 512 autem
1589 488 1673 512 non

69 529 329 568 excrucietur
361 527 502 566 animo
535 527 571 565 si
605 526 827 576 Philippus
863 528 1176 576 Melanchthon,
1213 529 1378 566 iuuenis
1410 530 1474 566 tot
1507 528 1674 566 eximiis

69 584 239 623 dotibus
265 583 506 628 instructus,
528 595 600 631 per
624 581 731 620 hanc
758 583 1048 631 tempestatem
1075 582 1253 631 publicis
1278 583 1538 620 eruditorum
1567 583 1674 620 votis

69 638 355 677 adimeretur?
411 636 529 684 Quod
550 636 586 673 si
605 636 806 684 quaedam
828 636 1046 675 offendunt
1065 639 1110 675 in
1130 637 1198 675 his
1219 650 1396 686 quorum
1416 637 1586 675 arbitrio
1609 650 1675 675 res

69 694 276 731 humanae
306 691 600 740 temperantur,
626 703 770 728 censeo
798 704 872 728 suo
902 691 1085 729 Domino
1114 691 1418 741 relinquendos.
1478 691 1524 729 Si
1544 704 1675 740 aequa

69 747 366 797 praescribunt,
398 758 472 794 par
500 747 562 783 est
590 758 754 794 parere:
799 745 865 783 sin
899 744 1051 795 iniqua,
1084 748 1277 783 sanctum
1308 747 1370 783 est
1404 745 1590 793 tolerare,
1622 759 1675 783 ne

70 802 168 851 quid
189 801 371 839 deterius
391 799 556 837 accidat.
618 799 662 837 Si
683 799 870 837 seculum
890 800 968 837 hoc
990 803 1126 838 totum
1155 800 1370 838 Christum
1391 813 1476 837 non
1496 800 1588 845 fert.
1613 802 1676 838 est

69 860 210 895 tamen
229 855 385 904 aliquid
405 867 501 891 eum
524 855 727 903 quatenus
747 854 842 892 licet
862 854 1106 902 praedicare.

125 910 240 948 Haec
270 922 373 959 quae
402 910 538 946 tecum
570 921 681 945 nunc
711 921 799 957 ago,
822 908 883 946 mi
913 909 1026 957 Iona,
1051 908 1181 946 velim
1210 921 1308 957 agas
1337 921 1433 946 cum
1462 907 1672 957 Philippo,

69 967 141 1002 aut
160 964 194 1002 si
217 965 289 1013 qui
309 964 396 1001 sint
415 963 486 1000 alii
514 963 711 1011 Philippo
736 962 905 1001 similes.
965 964 1080 1001 Ante
1109 963 1252 1001 omnia
1280 976 1424 1001 censeo
1454 962 1675 1001 vitandum

69 1032 157 1057 esse
187 1018 408 1056 dissidium
438 1017 548 1054 nulli
577 1016 686 1055 bono
716 1030 801 1055 non
831 1018 1122 1066 perniciosum.
1179 1017 1233 1055 Et
1258 1018 1316 1055 ita
1336 1019 1478 1055 sancta
1497 1017 1675 1066 quadam
1698 1025 1734 1055 23

68 1073 237 1111 vafricie
251 1072 428 1121 tempori
441 1072 720 1119 seruiendum,
738 1084 790 1108 ne
803 1074 944 1110 tamen
959 1073 1158 1121 prodatur
1169 1072 1387 1110 thesaurus
1402 1072 1676 1121 Euangelicae

69 1127 269 1175 veritatis,
306 1127 416 1164 vnde
454 1126 637 1175 corrupti
672 1139 807 1164 mores
840 1126 993 1175 publici
1034 1129 1203 1176 possent
1237 1126 1412 1164 restitui.
1487 1127 1675 1164 Fortasse

69 1182 232 1231 rogabit
250 1181 403 1230 aliquis
424 1194 525 1218 num
547 1181 628 1218 alio
648 1180 728 1218 sim
749 1180 892 1218 animo
913 1181 957 1218 in
984 1181 1219 1219 Lutherum
1241 1194 1365 1229 quam
1386 1181 1537 1218 fuerim
1557 1180 1672 1218 olim.

70 1236 164 1275 Imo
185 1236 327 1274 eodem
350 1248 445 1273 sum
464 1235 615 1272 animo.
676 1236 850 1284 Semper
870 1236 1012 1284 optaui
1032 1238 1078 1274 vt
1106 1235 1281 1274 mutatis
1301 1235 1552 1284 quibusdam
1573 1248 1676 1284 qnae

70 1291 176 1329 mihi
205 1289 490 1339 displicebant,
514 1302 617 1338 pure
646 1291 841 1328 tractaret
871 1291 1167 1340 Euangelicam
1195 1289 1515 1339 philosophiam,
1544 1302 1567 1327 a
1597 1303 1677 1338 qua

70 1345 202 1383 nostri
231 1344 359 1383 seculi
389 1357 524 1381 mores
554 1344 636 1381 heu
664 1344 848 1382 nimium
877 1345 1190 1392 degenerarunt.
1254 1345 1425 1393 Semper
1445 1346 1676 1381 correctum

70 1400 201 1438 malui
224 1412 348 1448 quam
370 1411 624 1447 oppressum.
687 1398 891 1447 Optabam
920 1399 1043 1437 illum
1073 1399 1132 1437 sic
1161 1400 1337 1437 tractare
1368 1397 1524 1436 Christi
1555 1411 1675 1447 nego-

70 1454 181 1492 cium
202 1457 248 1491 vt
268 1453 477 1492 Ecclesiae
496 1451 736 1502 proceribus
755 1455 827 1490 ant
846 1454 1098 1502 probaretur,
1122 1456 1193 1492 aut
1215 1455 1321 1491 certe
1342 1466 1425 1490 non
1447 1453 1676 1501 reprobare-

71 1513 150 1547 tur.
211 1507 279 1546 Sic
298 1507 427 1545 amari
447 1507 663 1556 cupiebam
683 1507 917 1545 Lutherum
939 1511 984 1546 vt
1012 1508 1149 1557 palam
1175 1521 1220 1546 ac
1249 1510 1342 1545 tuto
1368 1510 1507 1556 posset
1532 1507 1673 1545 amari.

71 1563 156 1601 Nec
185 1563 266 1601 alio
295 1575 388 1600 sum
417 1561 557 1599 animo
586 1562 631 1599 in
661 1575 774 1599 meos
804 1562 968 1600 rabulas
996 1575 1120 1612 quam
1151 1563 1196 1600 in
1229 1562 1362 1600 illum.
1423 1561 1467 1599 Si
1496 1564 1583 1598 tam
1611 1561 1677 1610 pie

71 1616 349 1667 praedicarint
370 1616 584 1654 Christum
614 1629 739 1666 quam
758 1616 887 1665 impie
908 1620 1009 1654 sunt
1028 1617 1074 1654 in
1094 1631 1161 1654 me
1181 1615 1435 1660 debacchati,
1456 1615 1678 1654 obliuiscar

71 1685 175 1722 quae
203 1673 420 1721 patrarunt
449 1671 494 1708 in
524 1684 601 1716 me,
632 1673 673 1708 et
701 1671 971 1709 exosculabor
1000 1672 1189 1710 studium
1219 1673 1264 1709 in
1294 1670 1521 1709 Christum.
1583 1670 1677 1708 Non

71 1727 194 1765 odero
216 1726 459 1773 blaterones,
482 1725 518 1762 si
537 1724 748 1774 coeperint
766 1739 855 1763 esse
875 1726 1032 1764 Christi
1052 1738 1281 1775 praecones.
1342 1726 1456 1763 Bene
1477 1724 1581 1763 vale.

126 1780 302 1819 Louanii
356 1779 411 1818 vi.
434 1779 496 1818 Id.
521 1779 661 1817 Maias.
685 1783 822 1818 Anno.
847 1793 1027 1818 M.D.xxr.

597 1978 722 2018 1203.
780 1976 844 2016 To
876 1975 1016 2016 Loris
1045 1974 1159 2018 BER.

118 2082 307 2128 Epistolae
325 2081 371 2116 ad
389 2081 555 2118 diuersos
572 2094 608 2127 p.
628 2084 711 2120 662.
1391 2080 1571 2116 Louvain.

119 2140 209 2175 HN:
239 2139 355 2175 Lond.
374 2139 460 2174 xvii.
482 2151 552 2176 20:
581 2139 654 2175 Lss.
675 2150 755 2186 573.
1359 2149 1400 2184 14
1421 2139 1508 2184 May
1531 2149 1629 2184 1521.

116 2233 182 2276 [As
198 2235 274 2265 this
290 2235 398 2265 letter
413 2245 486 2266 was
501 2236 648 2275 printed
671 2237 710 2266 in
727 2236 764 2276 F,
784 2236 887 2267 there
909 2246 974 2267 can
999 2236 1041 2266 be
1067 2246 1113 2266 no
1138 2236 1249 2266 doubt
1272 2245 1310 2266 as
1332 2237 1369 2266 to
1395 2235 1458 2265 the
1480 2235 1675 2274 year-date.

71 2278 126 2309 On
146 2288 185 2318 15
206 2278 293 2317 July
309 2279 441 2317 Zasius,
462 2280 543 2309 who
566 2289 639 2310 was
662 2282 698 2310 at
722 2281 785 2311 the
806 2281 913 2310 baths
936 2281 974 2310 of
993 2279 1224 2319 Suggenthal,
1243 2280 1264 2308 6
1281 2289 1345 2310 ms.
1362 2289 1415 2310 NE.
1436 2278 1474 2309 of
1492 2279 1674 2318 Freiburg,

72 2322 144 2352 had
163 2322 269 2352 heard
288 2324 325 2352 of
339 2322 402 2353 the
419 2323 537 2362 letter,
557 2324 629 2354 and
644 2326 757 2354 wrote
773 2327 810 2354 to
827 2324 997 2354 Boniface
1010 2324 1212 2354 Amerbach
1230 2323 1311 2353 that
1328 2325 1366 2353 in
1385 2331 1626 2361 consequence
1643 2323 1682 2353 of

72 2366 102 2395 it
119 2365 289 2396 Erasmus
305 2367 312 2381 ‘
325 2375 346 2396 a
361 2367 504 2404 nostris,
518 2376 648 2406 nempe
667 2367 840 2398 hactenus
852 2368 1156 2406 Erasmicissimis,
1178 2367 1271 2397 male
1288 2367 1410 2397 audit:
1435 2367 1530 2405 quod
1546 2367 1678 2396 abomi-

72 2409 159 2440 nor'
179 2410 260 2451 (ZE.
277 2409 346 2450 29).
397 2410 451 2450 By
467 2410 530 2441 the
546 2411 617 2441 end
633 2411 672 2442 of
684 2411 896 2451 September
912 2413 942 2442 it
961 2411 1033 2442 had
1056 2412 1145 2442 been
1168 2421 1249 2441 seen
1272 2412 1309 2440 at
1333 2410 1561 2449 Wittenberg
1582 2410 1676 2451 (ME.

75 2454 152 2492 135)
173 2464 180 2483 ε
203 2453 388 2493 evidently
404 2455 442 2484 in
459 2463 480 2484 a
496 2463 561 2485 ms.
579 2464 682 2494 copy,
695 2456 750 2485 for
766 2456 792 2485 F
808 2465 880 2486 was
897 2457 960 2486 not
974 2458 1034 2495 yet
1048 2454 1247 2494 completed
1261 2453 1321 2493 (cf.
1337 2455 1399 2494 Ep.
1417 2455 1501 2484 1206
1514 2454 1676 2492 intrem).

73 2497 110 2527 It
133 2497 163 2526 is
187 2497 344 2536 perhaps
366 2497 439 2527 also
463 2498 526 2528 the
550 2498 657 2529 letter
687 2499 777 2529 from
802 2499 965 2530 Louvain
990 2500 1028 2529 in
1056 2499 1137 2538 May
1163 2498 1329 2538 (reading
1352 2501 1395 2528 ad
1417 2500 1535 2528 Rerum
1559 2498 1613 2528 for
1637 2499 1680 2528 ad

72 2540 231 2581 Beatum),
246 2540 284 2570 in
302 2541 421 2571 which
439 2540 610 2572 Erasmus
624 2545 631 2558 ‘
645 2542 688 2572 de
702 2542 869 2582 Luthero,
885 2543 973 2581 quid
987 2542 1074 2573 velit
1086 2545 1121 2572 et
1135 2542 1222 2581 quid
1236 2543 1379 2580 sentiat,
1396 2544 1493 2572 totus
1506 2542 1677 2581 erumpit.

74 2583 192 2614 Sentit
222 2586 343 2614 autem
369 2584 528 2615 Luthcro
554 2595 629 2616 non
657 2585 802 2617 licuisse
826 2589 865 2616 vt
893 2587 948 2617 ius
979 2586 1205 2625 pontificium
1234 2585 1401 2616 incendio
1429 2585 1592 2624 perderet
1617 2588 1680 2615 aut

74 2627 332 2667 Captiuitatem
354 2628 613 2668 Babylonicam
635 2629 856 2661 emitteret':
884 2640 939 2661 see
964 2630 1037 2661 VE.
1060 2630 1135 2670 268,
1161 2629 1259 2660 John
1281 2629 1393 2660 Faber
1417 2633 1454 2660 to
1481 2629 1676 2667 Vadianus,

74 2672 166 2702 from
183 2671 390 2711 Constanee,
408 2681 449 2711 24
465 2672 553 2712 July
572 2672 682 2714 1521.]

574 2801 651 2831 292.
673 2792 786 2823 malui
802 2795 832 2823 F
847 2795 958 2831 Corriy.
976 2803 984 2823 t
1009 2792 1134 2823 malim
1150 2794 1187 2824 F.

117 2886 191 2915 274.
220 2877 424 2917 Huttenici]
441 2878 493 2909 Of.
514 2878 578 2918 Ep.
597 2888 692 2918 11¹9·
712 2889 793 2919 3311·
952 2879 1026 2911 286.
1052 2878 1214 2920 vafricie]
1240 2879 1291 2910 Cf.
1310 2879 1371 2919 Ep.
1394 2889 1464 2910 111.
1483 2889 1561 2918 44n.

119 2921 191 2959 276¹
218 2921 490 2963 Melanchthon]
523 2922 611 2953 This
642 2925 840 2954 sentiment
952 2932 1025 2962 295.
1053 2932 1150 2954 meos
1172 2922 1332 2964 rabulas]
1360 2922 1428 2954 His
1452 2923 1525 2954 foes
1549 2933 1680 2963 among

75 2963 259 2995 underlies
278 2966 342 3005 Ep.
364 2975 458 3004 1113.
910 2967 972 2998 the
990 2967 1106 2997 friars.

1696 486 1756 518 275

1697 746 1760 776 280

1699 1300 1760 1331 :90

1699 1571 1759 1603 295
