1990 3353
283 141 360 179 134
753 141 1004 180 LETTERS
1043 141 1114 180 or
1151 140 1418 181 ERAsMUs
1756 139 1879 193 [1519

695 333 934 388 ‘'4310471137
995 333 1128 375 Fn0M
1160 334 1287 376 JOHN
1318 334 1487 378 Tmzzo.

330 434 488 470 Munich
507 434 581 469 MS.
602 434 686 470 Lat.
706 435 787 479 965,
805 446 842 479 p.
861 442 928 479 352
948 433 1011 479 (a).
1575 434 1740 470 Breslau.

330 493 370 529 F.
388 506 424 540 p.
445 502 511 538 359
529 506 536 528 ε
566 492 658 527 HN:
685 492 802 527 Lond.
820 504 879 527 xv.
900 501 914 527 Ι
936 506 944 528 :
970 490 1042 527 LB.
1061 501 1143 536 479.
1471 502 1486 527 1
1508 492 1715 528 December
1736 501 1837 538 1519.

327 585 411 627 [For
434 585 495 615 the
520 593 573 615 ΜΞ.
593 594 649 614 see
672 584 734 623 Ep.
754 584 819 622 850
843 582 975 614 introd.
996 594 1004 613 :
1027 582 1091 613 the
1114 581 1250 621 copyist
1269 582 1308 612 of
1324 581 1398 612 this
1422 582 1530 613 letter
1554 582 1628 613 also
1653 583 1683 613 is
1707 581 1818 613 Hand
1841 581 1882 612 B.

282 630 333 661 As
349 629 475 660 shown
493 628 648 668 already,
665 628 727 658 the
744 627 892 657 Munich
910 627 980 657 MS.
1000 626 1065 656 has
1082 625 1258 656 excellent
1275 626 1462 665 authority
1477 636 1486 665 ;
1509 626 1573 656 but
1590 626 1662 656 like
1680 626 1741 666 Ep.
1761 627 1836 665 850,
1856 625 1886 656 it

283 684 357 703 was
375 672 548 712 probably
561 672 684 711 copied
696 672 788 701 from
802 681 822 701 a
836 671 951 710 rough
965 670 1061 700 draft
1074 679 1204 708 among
1215 668 1355 699 Turzo's
1366 679 1494 709 papers
1505 672 1540 700 at
1552 670 1710 709 Breslau,
1727 669 1888 700 whereas

284 717 310 747 F
328 715 513 755 obviously
530 725 602 746 was
618 715 764 754 printed
780 714 874 745 from
890 715 953 745 the
971 714 1078 744 letter
1093 712 1251 752 actually
1268 713 1442 744 received.
1495 714 1736 753 Accordingly
1754 714 1816 744 the
1833 721 1887 743 MS.

283 762 413 791 cannot
431 760 471 790 bo
487 759 592 798 given
609 758 810 789 invariable
828 756 1061 798 preference]

669 866 849 896 ERASMO
881 865 1190 896 ROTORODAMO
1222 865 1255 897 S.
1278 867 1318 897 P.
1339 866 1501 898 OPTAT.

342 950 576 989 EXPLICARI
616 949 775 998 nequit,
818 948 989 985 Erasme
1028 946 1277 993 doctissime,
1312 946 1516 995 quantum
1556 958 1623 983 me
1662 947 1733 983 tue
1770 943 1891 982 litere

288 1004 560 1052 oblectarunt,
596 1004 692 1042 licet
724 1002 796 1041 vix
829 1001 1007 1051 septimo
1040 1000 1208 1039 tandem
1239 1013 1382 1038 mense
1415 999 1465 1037 ad
1497 1012 1565 1037 me
1596 998 1889 1049 peruenerint:

289 1059 439 1108 quibus
460 1072 558 1097 sane
575 1061 620 1096 vt
640 1059 762 1096 antea
782 1057 891 1094 nihil
912 1056 1018 1093 mihi
1037 1056 1119 1093 fuit
1140 1055 1334 1104 optatius,
1350 1054 1408 1092 ita
1429 1066 1570 1091 reuera
1590 1067 1664 1092 nec
1685 1052 1890 1102 acceptius

288 1114 510 1163 quicquam
550 1113 715 1150 euenire
754 1112 927 1161 poterat.
1003 1109 1186 1148 Proinde
1225 1122 1293 1147 eas
1331 1107 1441 1157 ipsas
1486 1108 1632 1156 obuiis,
1672 1111 1719 1146 vt
1758 1108 1889 1155 aiunt,

289 1167 481 1206 manibus
502 1167 652 1216 excepi,
679 1167 868 1215 exceptas
889 1166 929 1202 et
949 1163 1031 1214 legi
1053 1164 1210 1213 cupide,
1234 1165 1276 1200 et
1297 1163 1472 1200 lectione
1493 1176 1637 1200 earum
1657 1162 1891 1201 etiamnum

291 1222 520 1260 obsaturari
559 1221 806 1270 neutiquam
845 1231 1027 1269 possum.
1087 1218 1284 1262 Fuerunt,
1319 1217 1460 1264 fateor,
1498 1217 1714 1266 sepissime
1744 1229 1893 1265 magne

293 1276 419 1314 nimis
446 1278 538 1314 tum
565 1274 833 1313 admirationi
863 1276 954 1311 tum
985 1272 1250 1310 delectationi
1271 1271 1434 1309 Erasmi
1456 1271 1687 1309 doctissimi
1713 1271 1764 1308 ad
1789 1270 1893 1308 alios

292 1330 443 1380 scripta
474 1330 721 1370 doctissima.
753 1327 946 1367 formulis
975 1326 1170 1365 literariis
1200 1325 1413 1376 alienaque
1442 1338 1568 1363 manu
1597 1338 1774 1363 excusa:
1809 1324 1893 1362 iam

292 1398 389 1424 vero
410 1385 618 1434 voluptati
638 1386 678 1422 et
699 1382 848 1433 gaudio
875 1382 985 1420 nihil
1013 1381 1163 1430 reliqui
1182 1381 1341 1418 factum
1369 1381 1442 1426 est,
1467 1379 1538 1418 vbi
1558 1378 1894 1429 authographum

234 1458 274 1480 10
292 1439 565 1478 eruditissimi
595 1451 640 1476 ac
671 1437 866 1475 omnibus
897 1436 1063 1474 dotibus
1093 1435 1349 1473 ornatissimi
1377 1434 1457 1472 viri
1488 1434 1750 1483 conspicatus
1784 1445 1891 1471 sum.

238 1731 273 1762 15

239 2002 278 2023 20

294 1494 429 1531 Erunt
450 1493 590 1543 itaque
612 1493 687 1530 hec
708 1494 777 1529 tue
797 1492 917 1529 litere
937 1490 1043 1528 mihi
1064 1489 1326 1528 selectissimi
1342 1490 1382 1527 et
1397 1488 1690 1538 preciosissimi
1709 1487 1895 1526 muneris

294 1548 393 1595 loco,
438 1547 583 1597 tuique
622 1547 950 1585 recordationem
990 1545 1108 1583 nulla
1147 1543 1358 1582 obliuione
1406 1543 1653 1581 abolendam
1695 1543 1895 1592 perpetuo

291 1602 557 1640 exhibebunt.

349 1657 443 1695 Non
483 1658 545 1694 est
585 1657 735 1704 autem,
773 1653 1033 1692 ornatissime
1066 1653 1246 1699 Erasme,
1283 1652 1391 1702 quod
1426 1664 1539 1690 meas
1578 1651 1724 1689 lituras
1756 1650 1897 1689 verius

296 1724 423 1762 quam
462 1711 604 1748 literas
642 1711 856 1758 tantopere
895 1707 1126 1746 collaudes:
1170 1706 1269 1744 noui
1309 1708 1471 1756 egomet
1511 1719 1589 1753 nie,
1626 1707 1748 1755 atque
1786 1704 1897 1742 intra

296 1779 434 1805 meam
454 1777 652 1815 perquam
674 1764 853 1802 libenter
872 1775 939 1800 me
959 1761 1199 1812 pelliculam
1220 1761 1423 1799 contineo.
1464 1760 1749 1799 Veruntamen
1771 1771 1898 1809 quam

297 1820 557 1859 inhumanus
588 1818 746 1868 optimo
780 1819 869 1855 iure
899 1817 1060 1855 valeam
1094 1815 1266 1854 iudicari
1297 1814 1380 1854 nisi
1409 1814 1486 1852 tibi
1517 1827 1590 1864 pro
1622 1826 1668 1851 ea
1698 1813 1823 1852 etiam
1852 1826 1897 1850 re

298 1875 451 1925 gratias
472 1886 647 1923 agerem,
670 1875 755 1910 tam
783 1885 916 1910 essem
942 1870 1163 1921 impudens
1192 1870 1227 1907 si
1256 1871 1348 1907 tuas
1378 1868 1680 1918 predicationes
1707 1880 1898 1918 agnosce-

298 1941 397 1967 rem.
472 1930 531 1966 At
565 1930 612 1966 tu
642 1927 847 1976 quomodo
878 1925 956 1963 tibi
984 1938 1069 1963 non
1099 1924 1280 1962 iniurius
1308 1923 1438 1962 videri
1474 1923 1618 1972 possis,
1655 1922 1726 1971 qui
1756 1921 1898 1960 laudes

300 1983 452 2033 quibus
500 1985 540 2020 te
587 1983 811 2020 vniuersus
857 1979 1159 2030 propemodum
1203 1978 1313 2016 orbis
1360 1977 1578 2016 verissime
1624 1975 1896 2026 prosequitur,

300 2038 439 2084 nimia,
473 2038 517 2074 ni
551 2036 679 2084 fallor,
714 2036 788 2073 hac
818 2035 862 2072 in
891 2037 1006 2084 parte
1035 2046 1134 2073 vsus
1166 2032 1380 2080 modestia,
1414 2034 1578 2070 tantum
1608 2032 1724 2069 abest
1752 2031 1798 2068 vt
1831 2029 1899 2068 ad-

301 2092 457 2138 mittas,
480 2093 527 2129 vt
548 2092 690 2128 contra
710 2089 890 2127 maxime
912 2088 1114 2127 auerseris
1134 2087 1428 2136 declinesque‘?
1484 2086 1697 2124 Debentur
1716 2084 1900 2134 profecto

302 2146 380 2184 tibi
419 2146 539 2195 longe
578 2145 743 2189 maiora,
781 2143 1002 2193 presertim
1041 2155 1135 2181 cum
1175 2144 1236 2179 tui
1274 2141 1400 2178 vnius
1437 2140 1668 2190 patrocinio
1708 2139 1900 2177 omnium

300 2200 690 2239 honestissimarum
731 2197 1045 2247 disciplinarum
1085 2197 1206 2242 nitor,
1238 2195 1355 2233 nullo
1390 2195 1474 2232 iam
1506 2193 1709 2232 barbariei
1743 2193 1826 2231 situ
1860 2193 1902 2230 et

264 2255 489 2304 :squalore
528 2253 830 2300 obtenebratus,
873 2251 1202 2301 resplendescat;
1250 2252 1341 2288 tum
1381 2262 1551 2298 syncere
1589 2248 1703 2286 illius
1742 2259 1902 2297 quoque

301 2309 508 2357 theologie
538 2308 696 2357 puritas
726 2309 768 2345 et
796 2306 1060 2344 sanctissima
1088 2304 1225 2343 studia
1254 2317 1378 2353 prope
1404 2302 1455 2341 ad
1478 2302 1695 2340 interitum
1722 2301 1897 2347 redacta,

301 2365 343 2401 te
363 2365 542 2412 parente,
566 2364 606 2399 te
627 2362 741 2407 duce,
764 2360 895 2399 veluti
917 2362 1058 2398 renata
1077 2361 1163 2397 toto
1184 2358 1280 2396 orbe
1300 2358 1574 2395 reflorescant.

356 2417 472 2465 Quod
501 2416 551 2454 ad
579 2429 647 2454 me
672 2415 835 2463 attinet,
857 2417 928 2453 tue
958 2414 1158 2452 nimirum
1189 2413 1307 2449 litere
1336 2414 1478 2461 totque
1507 2410 1570 2449 tui
1590 2409 1904 2459 vigilantissimi

304 2471 417 2509 iuxta
439 2483 483 2508 ac
504 2470 757 2508 sanctissimi
778 2470 936 2508 labores
956 2482 1023 2506 me
1043 2467 1120 2505 tibi
1150 2467 1399 2505 obstrictum
1418 2464 1613 2511 efficiunt,
1636 2465 1759 2513 atque
1785 2463 1904 2502 nullo

346 2583 410 2605 TIT.
443 2577 509 2605 MS.
529 2585 536 2604 2
560 2582 705 2604 IOANNES
729 2582 836 2603 TVRZO
860 2579 1040 2602 EPISCOPVS
1062 2578 1368 2599 VRATISLAVIENSIS
1390 2577 1527 2598 ERASMO
1558 2576 1725 2597 ROTEROD.
1755 2576 1781 2598 S.
1807 2575 1840 2597 D.
1865 2569 1902 2598 F.

303 2620 334 2650 6.
362 2618 516 2648 Fuerant
533 2620 568 2648 F.
671 2626 700 2655 7.
728 2617 838 2647 nimis
853 2618 920 2646 MS.
940 2625 948 2645 t
971 2614 1165 2644 admodum
1182 2616 1219 2644 F.
1322 2622 1371 2642 10.
1396 2615 1446 2641 F:
1469 2611 1677 2641 erudissimi
1692 2613 1761 2642 MS.
1855 2619 1904 2640 11.

303 2663 368 2694 hec
385 2672 443 2692 om.
465 2664 499 2691 F.
591 2662 626 2691 et
643 2663 711 2691 MS.
729 2671 736 2690 :
760 2670 799 2690 ac
816 2663 850 2690 F.
954 2667 1002 2687 12.
1028 2657 1175 2695 tuique.
1196 2679 1204 2687 .
1225 2680 1232 2687 .
1254 2666 1302 2694 13.
1325 2655 1545 2686 exhibebunt
1562 2664 1618 2686 om.
1639 2657 1675 2685 F.
1778 2663 1827 2692 14.
1851 2663 1906 2684 or-

303 2706 492 2736 natissimo
509 2706 576 2735 MS.
593 2714 601 2734 t
625 2703 835 2733 charissime
851 2705 886 2733 F.
977 2701 1103 2731 lituras
1120 2703 1188 2730 MS.
1207 2710 1214 2729 ε
1238 2699 1402 2729 litcrulas
1418 2701 1460 2728 H.
1584 2698 1633 2728 16.
1658 2700 1706 2728 F:
1727 2697 1906 2728 Verunta-

307 2758 414 2780 menn
432 2751 499 2778 MS.
614 2757 721 2786 quam
738 2750 807 2777 MS.
826 2748 874 2778 N:
901 2745 1069 2784 quoniam
1089 2746 1123 2774 F.
1260 2752 1312 2773 21.
1338 2752 1420 2772 vsus
1435 2744 1502 2771 MS.
1519 2752 1526 2771 :
1550 2741 1659 2771 huius
1675 2743 1715 2771 N.
1849 2750 1902 2780 24.

307 2793 407 2823 nullo
424 2794 490 2822 MS.
508 2802 515 2821 ε
540 2790 654 2820 multo
670 2793 705 2821 F.
797 2794 844 2820 F:
868 2788 1043 2820 barbarici
1059 2790 1128 2817 MS.
1266 2796 1318 2825 25.
1342 2795 1480 2825 quoque
1498 2784 1598 2814 illius
1614 2787 1648 2815 F.

352 2933 381 2953 2.
421 2920 588 2961 septimo]
635 2919 719 2949 This
762 2919 862 2957 rcply
901 2928 973 2949 was
1019 2916 1072 2947 six
1141 2915 1250 2945 states
1266 2913 1347 2943 that
1363 2913 1425 2943 tho
1442 2913 1509 2942 box
1523 2912 1561 2942 of
1573 2913 1737 2952 presente.
1754 2909 1906 2942 reached

308 2966 456 2997 months
467 2965 585 2995 onthe
598 2962 752 3001 journcy
769 2963 830 3000 3cf.
850 2962 912 3001 Ep.
931 2970 1022 2999 1137.
1039 2968 1069 2997 3.
1143 2958 1313 2988 Erasmus
1330 2959 1366 2987 at
1382 2957 1556 2994 Antwerp
1574 2955 1622 2994 (p.
1643 2958 1736 2995 291).

308 3009 419 3041 Lond.
434 3018 514 3039 xxv.
528 3009 578 3047 26,
595 3007 663 3036 LB.
684 3015 828 3044 1103‚30
839 3005 961 3035 March
977 3013 1069 3042 1530,
1189 3002 1238 3032 16.
1264 2999 1484 3040 pelliculam]
1503 2999 1552 3030 Cf.
1572 3002 1675 3037 Aclagy.
1695 3007 1771 3037 592.
