1990 3353
4 131 8 135 '
54 152 130 190 999
134 138 152 192 j
551 138 622 177 To
660 137 879 177 ULRICH
918 136 1154 175 HUTTEN
1602 135 1652 172 21

53 251 161 301 apud
177 249 486 300 amplissimum
502 249 655 299 Regem
670 247 804 298 gratia
818 246 958 297 pollet,
976 246 1018 285 id
1034 258 1157 284 omne
1171 243 1376 283 iuuandae
1391 241 1651 292 reipublicae,

53 305 248 344 iuuandis
266 304 411 343 amicis
430 303 648 353 impendit.
706 302 878 352 Semper
897 301 1064 350 quidem
1083 298 1220 338 adfuit
1237 297 1405 336 animus
1424 297 1474 335 de
1494 298 1655 336 cunctis

53 359 345 397 benemerendi
372 358 664 408 cupidissimus
692 357 878 406 mireque
906 367 1063 405 pronus
1090 354 1141 392 ad
1172 351 1523 391 misericordiam:
1558 364 1654 389 eum
1674 370 1689 392 2
1698 370 1737 401 35

54 426 164 452 nunc
183 413 316 463 magis
335 413 475 460 exerit,
499 412 664 462 quando
683 411 779 461 plus
804 412 942 460 potest
966 409 1170 459 prodesse.
1230 407 1349 446 Alios
1369 405 1543 456 pecunia
1563 405 1655 444 sub-

54 468 176 516 leuat,
206 467 310 505 alios
337 467 556 506 autoritate
581 468 733 512 tuetur,
763 464 865 504 alios
891 462 1254 503 commendatione
1281 460 1486 510 prouehit.
1543 460 1655 508 Quos

53 521 209 572 alioqui
237 522 379 560 iuuare
407 534 490 559 non
519 522 666 570 potest,
698 520 763 558 his
792 518 965 558 consilio
991 517 1206 556 succurrit.
1267 515 1444 554 Nullum
1470 527 1655 564 vnquam

53 590 78 615 a
95 589 138 614 se
158 575 323 614 tristem
343 575 514 614 dimisit.
556 575 722 613 Diceres
742 573 909 612 Morum
929 585 1018 611 esse
1037 571 1253 621 publicum
1269 569 1460 609 omnium
1481 568 1655 618 inopum

53 633 292 681 patronum.
350 630 505 679 Ingens
525 629 689 667 lucrum
716 628 797 667 sibi
822 628 943 678 putat
963 626 1181 665 accessisse
1207 624 1242 662 si
1269 637 1393 674 quem
1413 636 1656 673 oppressum
1677 639 1740 670 240

54 684 304 732 subleuauit,
323 685 358 723 si
377 683 622 734 perplexum
639 685 680 721 et
699 682 949 733 impeditum
969 680 1177 731 explicuit,
1196 678 1232 717 si
1251 679 1480 717 alienatum
1500 677 1657 727 redegit

54 739 99 777 in
125 738 314 789 gratiam.
375 738 508 777 Nemo
537 737 752 776 lubentius
778 736 949 775 collocat
977 734 1240 782 beneficium,
1270 746 1396 771 nemo
1423 732 1563 770 minus
1593 745 1658 770 ex-

54 794 233 843 probrat.
284 792 374 831 Iam
395 805 490 831 cum
509 794 572 830 tot
591 791 834 830 nominibus
853 791 909 829 sit
928 789 1205 836 felicissimus,
1228 789 1269 826 et
1288 787 1501 826 felicitatis
1519 799 1656 825 comes

55 847 139 885 fere
164 847 293 886 soleat
318 860 406 885 esse
430 847 636 894 iactantia,
659 846 824 885 nullum
847 845 982 884 adhuc
1008 843 1248 882 mortalium
1273 841 1382 880 mihi
1404 841 1547 880 videre
1567 854 1658 879 con-

54 901 152 952 tigit
170 901 242 952 qui
260 902 426 951 longius
446 902 608 940 abesset
627 900 678 939 ab
694 901 772 939 hoc
790 899 907 939 vitio.
1679 911 1739 942 245

109 955 188 995 Sed
208 957 257 995 ad
280 955 512 994 studiorum
528 954 967 994 commemorationem
983 953 1114 999 redeo,
1132 965 1234 1002 quae
1253 964 1320 988 me
1340 949 1456 988 Moro
1470 949 1659 999 mihique

56 1010 220 1049 Morum
241 1010 506 1060 potissimum
533 1010 817 1049 conciliarunt.
877 1008 1065 1046 Primam
1093 1009 1270 1045 aetatem
1290 1004 1473 1043 carmine
1496 1004 1658 1054 potissi-

55 1078 174 1104 mum
200 1065 394 1112 exercuit,
424 1078 521 1103 mox
549 1065 619 1103 diu
646 1065 827 1103 luctatus
852 1065 915 1101 est
945 1065 989 1101 vt
1017 1074 1183 1112 prosam
1213 1060 1442 1099 orationem
1471 1059 1659 1097 redderet

55 1119 299 1167 molliorem,
322 1132 394 1168 per
421 1132 544 1157 omne
566 1118 710 1169 scripti
729 1131 860 1168 genus
879 1117 1025 1156 stilum
1051 1128 1256 1155 exercens.
1317 1113 1398 1163 Qui
1425 1112 1659 1152 cuiusmodi

55 1174 123 1222 sit,
141 1173 239 1224 quid
255 1175 405 1213 attinet
420 1186 743 1212 commemorare
757 1174 777 1211 ⁵?
806 1172 883 1211 tibi
898 1171 1140 1221 praesertim
1157 1170 1230 1220 qui
1244 1169 1374 1208 libros
1389 1168 1479 1206 eius
1497 1181 1660 1218 semper
1679 1182 1741 1212 250

56 1228 208 1267 habeas
236 1228 282 1266 in
311 1228 520 1267 manibus,
577 1227 960 1267 Declamationibus
988 1225 1206 1276 praecipue
1240 1224 1470 1262 delectatus
1499 1224 1571 1269 est,
1604 1226 1656 1270 et,

56 1282 101 1321 in
120 1282 199 1331 his,
222 1283 409 1321 materiis
428 1283 579 1328 adoxis‚
603 1282 712 1332 quod
733 1282 777 1320 in
798 1281 865 1320 his
884 1281 1016 1319 acrior
1043 1281 1098 1318 sit
1118 1278 1381 1329 ingeniorum
1404 1276 1654 1316 exercitatio.

55 1337 178 1376 Vnde
211 1337 448 1376 adolescens
477 1338 709 1375 etiamnum
739 1336 949 1386 dialogum
980 1334 1240 1381 moliebatur,
1277 1333 1322 1370 in
1356 1345 1436 1381 quo
1468 1331 1660 1370 Platonis

56 1392 398 1430 communitatem
437 1392 487 1430 ad
525 1405 675 1431 vxores
711 1404 840 1441 vsque
879 1389 1075 1428 defendit.
1145 1387 1318 1427 Luciani
1355 1386 1658 1436 Tyrannicidae

55 1446 293 1495 respondit3
331 1459 412 1496 quo
442 1446 486 1484 in
515 1448 762 1496 argumento
791 1459 858 1484 me
886 1444 1019 1483 voluit
1050 1442 1357 1492 antagonistam
1385 1440 1546 1487 habere,
1578 1453 1659 1489 quo
1681 1455 1741 1487 255

0 1541 4 1546 ,
56 1500 209 1539 certius
228 1500 457 1550 periculum
476 1501 629 1539 faceret
647 1500 794 1550 ecquid
814 1499 1053 1550 profecisset
1073 1497 1118 1535 in
1138 1498 1216 1535 hoc
1243 1508 1400 1546 genere.
1461 1495 1659 1543 Vtopiam

56 1555 133 1593 hoc
153 1555 324 1594 consilio
343 1555 507 1602 aedidit,
526 1556 573 1594 vt
592 1555 794 1593 indicaret
813 1553 966 1604 quibus
986 1552 1108 1591 rebus
1128 1552 1201 1590 fiat
1219 1554 1266 1589 vt
1285 1551 1426 1588 minus
1445 1549 1661 1587 commode

56 1609 236 1648 habeant
256 1609 510 1659 respublicae
527 1624 535 1657 ;
579 1609 650 1647 sed
689 1609 977 1647 Britannicam
1014 1606 1280 1657 potissimum
1319 1604 1490 1651 effinxit,
1534 1616 1660 1653 quam

56 1663 182 1702 habet
214 1664 378 1714 penitus
415 1665 671 1714 perspectam
710 1664 1010 1713 cognitamque.
1073 1660 1311 1699 Secundum
1350 1659 1506 1696 librum
1544 1658 1661 1708 prius

58 1718 275 1768 scripserat
293 1731 367 1768 per
382 1719 530 1767 ocium,
548 1731 646 1756 mox
663 1732 734 1767 per
753 1718 1009 1756 occasionem
1026 1716 1209 1766 primum
1226 1714 1376 1753 adiecit
1391 1726 1440 1751 ex
1458 1716 1656 1763 tempore.
1681 1716 1743 1748 260

57 1775 197 1822 Atque
217 1773 317 1811 hinc
335 1772 540 1812 nonnulla
560 1772 754 1811 dictionis
777 1771 1064 1822 inaequalitas.

111 1827 192 1866 Vix
207 1827 341 1865 alium
356 1827 533 1878 reperias
548 1828 618 1878 qui
637 1827 800 1866 felicius
815 1827 924 1865 dicat
942 1839 993 1864 ex
1007 1827 1193 1874 tempore
1208 1838 1216 1862 z
1245 1823 1347 1861 adeo
1361 1822 1474 1861 felici
1493 1822 1662 1871 ingenio

58 1881 159 1920 felix
190 1881 335 1932 lingua
367 1881 587 1920 subseruit.
649 1881 876 1932 Ingenium
910 1893 1102 1931 praesens
1135 1880 1176 1917 et
1213 1877 1365 1927 vbique
1402 1876 1658 1927 praeuolans,

57 1936 260 1975 memoria
279 1939 419 1986 parata
434 1951 443 1984 ;
465 1950 568 1987 quae
587 1950 682 1975 cum
702 1936 842 1974 omnia
862 1936 1009 1974 habeat
1027 1934 1143 1973 velut
1156 1933 1198 1971 in
1220 1935 1449 1979 numerato,
1473 1933 1663 1981 prompte

57 1993 98 2029 et
117 1991 379 2029 incontanter
398 1990 582 2040 suggerit
601 1990 797 2041 quicquid
812 1993 978 2040 tempus
999 1991 1069 2027 aut
1089 2001 1154 2026 res
1173 1987 1368 2037 postulat.
1410 1986 1461 2024 In
1483 1985 1662 2034 disputa·
1682 1986 1742 2028 265

0 2070 1 2091 ÷
59 2045 243 2084 tionibus
274 2045 380 2083 nihil
404 2045 506 2095 fingi
532 2047 669 2095 potest
697 2045 869 2093 acutius,
896 2045 998 2083 adeo
1026 2046 1072 2081 vt
1102 2041 1280 2081 summis
1306 2040 1430 2079 etiam
1457 2039 1662 2088 theologis

59 2112 180 2150 saepe
195 2100 414 2149 negocium
434 2100 619 2147 facessat,
638 2099 682 2137 in
697 2100 883 2149 ipsorum
897 2099 1052 2137 harena
1066 2109 1246 2136 versans.
1288 2095 1466 2133 Ioannes
1480 2094 1662 2141 Coletus,

60 2153 124 2192 vir
151 2154 258 2192 acris
284 2154 499 2204 exactique
526 2153 677 2200 iudicii,
707 2155 752 2192 in
778 2153 1056 2192 familiaribus
1079 2150 1296 2200 colloquiis
1324 2148 1500 2188 subinde
1530 2148 1662 2186 dicere

62 2208 168 2247 solet
198 2208 441 2247 Britanniae
475 2221 560 2247 non
596 2209 677 2247 nisi
706 2208 876 2247 vnicum
897 2221 986 2247 esse
1012 2206 1254 2257 ingenium:
1285 2217 1381 2242 cum
1404 2204 1503 2242 haec
1523 2202 1662 2241 insula

59 2264 122 2301 tot
141 2262 313 2313 egregiis
331 2263 514 2313 ingeniis
531 2263 685 2301 floreat.
1683 2264 1746 2298 270

112 2317 242 2355 Verae
262 2317 428 2366 pietatis
451 2330 535 2356 non
559 2317 785 2367 indiligens
811 2316 945 2356 cultor
964 2318 1038 2361 est,
1067 2313 1231 2353 etiamsi
1257 2313 1308 2351 ab
1329 2312 1443 2352 omni
1469 2310 1662 2361 supersti-

61 2371 172 2410 tione
192 2371 483 2410 alienissimus.
535 2372 672 2411 Habet
691 2385 786 2411 suas
805 2372 940 2415 horas,
963 2369 1114 2420 quibus
1135 2369 1221 2406 Deo
1242 2367 1333 2405 litet
1353 2367 1554 2417 precibus,
1577 2378 1662 2404 non

63 2438 113 2464 ex
132 2439 257 2473 more,
281 2426 353 2465 sed
373 2439 394 2464 e
413 2428 576 2476 pectore
596 2426 863 2477 depromptis.
913 2425 1019 2464 Cum
1039 2423 1184 2462 amicis
1203 2423 1260 2460 sic
1280 2421 1488 2461 fabulatur
1508 2421 1556 2458 de
1575 2420 1663 2459 vita

61 2480 192 2518 futuri
213 2480 342 2519 seculi
357 2482 403 2519 vt
416 2493 611 2530 agnoscas
627 2481 746 2519 illum
767 2494 817 2519 ex
833 2480 974 2519 animo
989 2478 1114 2528 loqui,
1136 2490 1269 2526 neque
1289 2476 1381 2515 sine
1397 2476 1556 2526 optima
1575 2487 1657 2524 spe.

61 2535 124 2573 Ac
142 2534 238 2573 talis
259 2535 400 2573 Morus
414 2537 478 2573 est
496 2535 623 2573 etiam
646 2536 690 2574 in
711 2535 814 2574 aula.
856 2535 910 2573 Et
931 2535 1072 2584 postea
1091 2534 1189 2571 sunt
1210 2531 1281 2581 qui
1300 2532 1449 2580 putent
1468 2528 1662 2570 Christia·
1684 2536 1745 2570 275

63 2601 138 2628 nos
156 2601 241 2628 non
261 2589 445 2627 inueniri
463 2589 544 2629 nisi
564 2589 608 2628 in
627 2589 904 2628 monasteriis.

107 2693 181 2731 236.
206 2693 324 2732 potest
340 2691 422 2732 plus
438 2694 476 2722 N.
621 2692 694 2730 238.
721 2691 779 2722 his
796 2693 870 2721 add.
891 2692 933 2720 H.
1066 2697 1140 2728 253.
1166 2688 1203 2717 in
1221 2688 1295 2718 add.
1312 2688 1353 2717 N.
1485 2695 1558 2725 255.
1583 2687 1663 2716 ant-

65 2737 263 2777 agonistam
282 2738 328 2766 F:
352 2737 414 2766 aut
429 2735 628 2776 agonistam
645 2737 685 2766 E.
819 2744 892 2773 272.
920 2733 1039 2764 Habet
1057 2756 1064 2763 .
1084 2755 1092 2762 .
1111 2754 1120 2763 .
1147 2740 1224 2769 274.
1249 2740 1310 2770 spe
1326 2732 1402 2761 add.
1417 2732 1454 2760 F.

108 2860 180 2890 252.
207 2849 346 2890 adoxis]
373 2847 608 2890 paradoxieal.
657 2848 828 2879 Erasmus
899 2855 1012 2887 13—15,
1035 2856 1107 2886 195.
1126 2846 1200 2884 4-8.

65 2896 165 2925 notes
180 2894 243 2925 the
259 2903 355 2924 same
371 2892 636 2923 characteristic
652 2892 690 2923 in
707 2892 806 2923 Colet
821 2902 829 2930 ;
940 2900 1015 2929 272.
1034 2890 1214 2931 precibus]
1228 2889 1278 2920 Cf.
1289 2889 1352 2919 the
1363 2897 1587 2928 anonymous
1599 2886 1661 2917 life

65 2937 128 2977 Ep.
148 2947 242 2970 1211.
259 2936 332 2976 388,
350 2945 491 2976 419-20,
509 2945 650 2975 512—13.
899 2935 952 2970 (of
976 2934 1086 2973 1599),
1112 2932 1260 2973 printed
1283 2933 1330 2971 by
1354 2933 1390 2963 C.
1415 2931 1661 2962 words-worth

111 2990 184 3021 254.
207 2979 484 3021 Tyrannicidae]
510 2980 560 3010 Cf.
579 2979 601 3010 1.
625 2989 722 3018 119n.
898 2980 988 3009 from
1014 2989 1033 3008 a
1062 2977 1236 3008 Lambeth
1271 2976 1342 3007 MS.
1370 2977 1408 3006 in
1440 2976 1663 3006 Ecclesiassml

110 3034 182 3064 270.
209 3024 359 3064 egregiis
379 3022 550 3063 ingeniis]
577 3022 629 3054 Cf.
645 3022 730 3063 Epp.
755 3023 823 3062 185.
899 3024 1110 3060 Bz‘oyrapmes,
1133 3021 1155 3050 ii
1176 3021 1306 3060 (1839),
1326 3030 1380 3059 pp.
1401 3021 1444 3050 66
1460 3018 1530 3050 and
1554 3018 1656 3057 107,8.
