1990 3353
338 123 420 161 546
811 121 1061 161 LETTERS
1099 122 1168 162 OF
1205 122 1472 162 ERASMUS
1818 123 1939 177 [1521

337 232 525 282 synceris
561 231 718 279 amicis,
762 244 836 270 nec
874 231 975 269 alibi
1011 231 1274 281 praecipuam
1312 232 1437 271 huius
1475 232 1585 271 vitae
1622 233 1937 274 delectationem

335 286 572 335 ponendam
590 299 679 324 esse
699 286 834 324 ducas.
877 285 987 324 Aliis
1006 287 1141 324 cautio
1161 299 1326 325 summa
1346 289 1410 325 est
1429 299 1482 324 ne
1501 287 1678 337 gemmis
1689 288 1936 328 adulterinis

297 355 315 385 5
336 340 590 379 deludantur
607 354 615 387 ;
640 342 687 378 tu
706 339 857 378 talium
877 353 1004 389 opum
1022 341 1285 391 contemptor
1303 341 1467 380 abunde
1487 341 1671 391 locuples
1690 342 1770 380 tibi
1781 342 1935 382 videris

334 394 370 432 si
401 394 484 433 tuis
519 394 851 444 possessionibus
886 394 1103 433 accesserit
1139 395 1298 433 amicus
1333 395 1577 445 neutiquam
1614 396 1788 435 fucatus
1848 397 1934 436 Nec

333 448 409 486 vlli
438 449 608 487 suauior
636 451 698 488 est
725 448 824 497 alea,
857 448 1120 497 laterunculi,
1152 449 1332 497 venatio,
1366 449 1533 496 musica,
1567 463 1691 500 quam
1725 450 1805 489 tibi
1837 464 1932 490 cum

332 503 463 541 amico
484 503 603 542 docto
622 504 883 553 ingenuoque
899 502 1028 541 libera
1048 503 1337 542 confabulatio.

388 557 480 596 Hoc
519 571 645 607 opum
683 571 832 607 genere
869 571 966 596 cum
1003 558 1275 596 vehementer
1312 558 1510 606 abundes,
1549 560 1692 597 tamen
1730 559 1931 609 quoniam

275 625 313 646 10
332 612 510 650 sciebam
539 612 703 650 homini
731 625 855 651 auaro
888 612 996 650 nihil
1029 625 1117 650 esse
1147 612 1259 658 satis,
1292 615 1335 650 et
1367 612 1476 650 mihi
1507 611 1665 663 tibique
1696 613 1779 651 iam
1812 626 1932 663 saepe

331 667 526 704 successit
544 666 731 715 feliciter,
754 679 888 705 vnum
906 667 1035 705 etiam
1054 666 1133 704 tibi
1153 666 1383 705 traditurus
1408 679 1503 705 sum
1526 667 1570 705 in
1597 680 1783 715 manum,
1807 681 1932 718 quem

330 723 377 758 tu
416 722 554 759 totum
595 723 708 760 totus
745 723 915 770 totoque
953 722 1117 770 pectore
1154 721 1290 770 possis
1325 734 1474 760 amare.
1533 721 1578 759 Is
1615 723 1678 760 est
1716 722 1931 762 Conradus

331 775 565 823 Goclenius,
588 778 711 825 gente
729 774 1002 825 Vuesphalus.
1061 775 1141 823 Qui
1164 775 1343 824 populus
1361 777 1408 813 vt
1427 776 1554 825 vulgo
1579 775 1722 814 rudior
1741 776 1931 824 habetur,

328 829 387 867 ita
407 830 564 868 multos
584 830 706 868 nobis
726 829 838 868 dedit
864 829 1042 868 summis
1069 829 1251 878 ingeniis
1276 829 1536 880 minimeque
1555 830 1719 879 vulgari
1743 830 1931 870 doctrina

272 891 308 924 ¹5
328 884 545 932 praeditos.
625 884 720 923 Non
758 884 871 922 aliud
909 897 1041 933 genus
1078 884 1322 922 mortalium
1359 884 1512 922 laboris
1549 884 1800 933 patientius;
1848 885 1928 924 fide

327 951 574 988 morumque
604 939 866 989 synceritate,
900 938 1082 988 simplici
1111 938 1334 987 prudentia
1362 940 1404 976 et
1437 939 1632 988 prudenti
1659 938 1929 989 simplicitate

326 992 592 1041 potissimum
623 993 981 1031 commendantur.
1055 992 1143 1031 Scis
1182 1006 1313 1043 nuper
1351 992 1597 1032 institutum
1630 993 1805 1032 Louanii
1843 994 1928 1032 Tri-

326 1046 468 1096 lingue
489 1047 734 1097 Collegium.
795 1047 848 1085 In
867 1060 914 1085 eo
933 1046 1096 1097 publice
1115 1047 1288 1086 Latinas
1307 1046 1449 1086 literas
1474 1047 1658 1086 maxima
1683 1061 1780 1086 cum
1806 1048 1928 1087 laude

325 1114 492 1140 summo
527 1102 658 1140 totius
691 1101 941 1140 Academiae
973 1101 1114 1139 fructu
1147 1101 1378 1151 profitetur,
1409 1115 1456 1140 ea
1489 1115 1655 1140 morum
1689 1102 1927 1151 integritate

265 1172 306 1194 20
325 1155 598 1206 comitateque
617 1159 663 1194 vt
692 1156 834 1194 literas
854 1168 956 1205 quas
985 1155 1117 1203 docet,
1137 1156 1263 1194 etiam
1292 1156 1400 1206 apud
1431 1156 1525 1194 illos
1554 1156 1698 1194 reddat
1726 1156 1927 1205 gratiosas

324 1210 396 1260 qui
414 1210 530 1260 prius
550 1210 858 1249 auersabantur.
917 1210 1144 1260 Ingenium
1164 1212 1369 1260 argutum,
1393 1211 1502 1260 quod
1523 1210 1697 1248 feliciter
1716 1211 1781 1249 sui
1800 1211 1927 1261 speci-

323 1277 419 1303 men
453 1265 654 1314 praebuit,
686 1264 812 1303 etiam
847 1265 891 1302 in
923 1265 990 1303 his
1024 1264 1256 1314 disciplinis
1285 1278 1388 1315 quas
1422 1265 1647 1303 solenniter
1677 1265 1851 1303 tradunt
1880 1265 1926 1304 in

323 1319 476 1357 scholis
496 1319 685 1369 publicis.
744 1318 859 1358 Sales
878 1318 1013 1363 habet,
1034 1319 1106 1357 sed
1134 1332 1302 1368 prorsus
1320 1319 1496 1367 Atticos,
1520 1333 1565 1358 ac
1592 1319 1742 1369 lepidis
1760 1319 1924 1359 fabellis

321 1373 387 1411 vel
417 1376 556 1412 tecum
588 1376 745 1413 certare
776 1376 911 1424 queat.
971 1374 1024 1411 In
1058 1374 1240 1412 carmine
1274 1373 1523 1423 peculiarem
1558 1374 1766 1424 quandam
1798 1373 1925 1413 habet

262 1442 301 1473 25
320 1428 512 1477 gratiam,
533 1442 741 1478 nusquam
770 1441 854 1467 non
884 1427 1102 1474 dilucidus,
1127 1441 1333 1478 nusquam
1362 1441 1446 1466 non
1476 1428 1609 1466 dulcis
1637 1430 1678 1466 et
1710 1440 1920 1467 amoenus.

321 1482 406 1520 Nec
434 1486 497 1521 est
517 1483 651 1521 vllum
680 1485 974 1532 argumentum
1002 1484 1089 1520 tam
1120 1482 1343 1521 inamabile
1372 1483 1479 1532 quod
1511 1483 1583 1520 illo
1608 1484 1812 1521 tractante
1838 1495 1923 1521 non

321 1536 520 1576 mitescat.
591 1538 644 1576 In
683 1550 802 1586 prosa
841 1537 1022 1575 oratione
1060 1536 1117 1575 sic
1155 1539 1219 1575 est
1251 1537 1317 1575 sui
1347 1536 1510 1584 similis,
1544 1537 1629 1575 imo
1668 1537 1727 1576 sic
1760 1539 1823 1575 est
1856 1537 1921 1576 sui

320 1591 549 1640 dissimilis,
580 1594 627 1630 vt
660 1592 776 1631 illius
807 1592 942 1630 soluta
975 1591 1118 1641 legens
1147 1594 1268 1641 putes
1299 1604 1397 1630 eum
1424 1604 1593 1641 prorsus
1622 1591 1805 1630 alienum
1834 1604 1921 1630 esse

319 1658 342 1682 a
361 1646 554 1684 carmine.

256 1710 300 1741 3³
373 1701 441 1739 Ad
461 1700 689 1739 amicitiam
711 1700 833 1750 plane
853 1700 986 1738 factus
1006 1700 1194 1739 videtur:
1226 1713 1351 1750 quam
1371 1700 1407 1738 si
1427 1700 1554 1738 semel
1575 1713 1671 1739 cum
1692 1713 1738 1738 eo
1759 1699 1916 1747 coieris,

317 1767 402 1792 non
422 1757 485 1793 est
505 1755 613 1805 quod
641 1758 803 1793 metuas
828 1756 880 1793 ne
900 1755 994 1804 quis
1019 1767 1136 1793 casus
1162 1767 1251 1793 eam
1278 1754 1459 1793 dirimat.
1522 1755 1613 1793 Hoc
1631 1767 1708 1793 vsu
1728 1754 1845 1792 venit
1874 1755 1919 1792 in

315 1808 383 1847 his
417 1810 488 1859 qui
521 1809 584 1848 vel
622 1812 772 1848 natura
809 1809 957 1859 perfidi
995 1812 1094 1847 sunt
1128 1809 1194 1847 vel
1231 1808 1536 1859 impotentibus
1573 1808 1815 1847 affectibus:
1865 1809 1918 1848 si-

317 1863 486 1912 quidem
515 1864 752 1903 istiusmodi
778 1863 913 1902 solent
937 1863 989 1902 ad
1016 1866 1182 1901 enatam
1211 1863 1465 1902 occasionem
1493 1863 1723 1911 desciscere,
1747 1865 1790 1901 et
1819 1863 1918 1902 ami=

315 1917 434 1956 citiae
455 1918 616 1968 legibus
635 1918 835 1968 neglectis
853 1917 996 1956 animo
1015 1931 1090 1956 suo
1110 1930 1271 1956 morem
1291 1931 1441 1967 gerere.
1500 1916 1582 1956 Hic
1610 1930 1742 1968 neque
1763 1916 1918 1967 gloriae

254 1981 294 2015 35
315 1974 377 2010 est
395 1975 604 2022 appetens,
622 1985 756 2023 neque
776 1972 952 2011 iniuriae
971 1972 1196 2011 admodum
1211 1972 1374 2019 vindex,
1391 1985 1525 2021 neque
1540 1971 1770 2021 voluptatis
1789 1971 1917 2010 vllius

313 2026 535 2065 immodice
554 2027 713 2066 auidus,
756 2027 951 2065 Inuidere
965 2027 1063 2077 quid
1082 2027 1147 2074 sit,
1168 2039 1219 2064 ne
1234 2040 1305 2076 per
1319 2027 1530 2064 somnium
1547 2026 1714 2076 quidem
1730 2038 1915 2075 vnquam

312 2081 534 2126 intellexit,
555 2083 698 2120 tantus
723 2084 786 2120 est
806 2081 965 2130 ingenii
988 2081 1150 2119 candor.
1212 2081 1328 2129 Quod
1358 2080 1408 2118 ad
1432 2081 1542 2119 vitae
1571 2079 1915 2119 consuetudinem

313 2135 476 2184 attinet,
511 2136 617 2174 nihil
651 2150 699 2175 eo
732 2136 892 2174 facilius
926 2148 1002 2174 nec
1033 2135 1165 2185 magis
1197 2135 1383 2174 alienum
1421 2134 1472 2173 ab
1506 2134 1623 2173 omni
1661 2134 1912 2173 morositate.

313 2190 532 2228 Caeterum
562 2204 585 2228 a
614 2190 729 2229 lucro
758 2190 863 2229 nihil
893 2190 970 2228 hoc
999 2189 1197 2236 auersius,
1224 2189 1391 2228 tametsi
1420 2190 1586 2228 fortuna
1614 2189 1748 2227 adhuc
1776 2189 1914 2227 tenuis

250 2259 292 2289 40
311 2247 385 2291 est,
414 2257 489 2283 nec
518 2245 633 2283 aliud
663 2245 934 2295 suppeditans
962 2257 1088 2294 quam
1113 2243 1274 2282 victum
1304 2243 1511 2282 mundum
1541 2245 1582 2281 et
1611 2242 1912 2293 supellectilem

311 2298 548 2338 literariam.
611 2300 729 2348 Quod
758 2299 792 2337 si
823 2299 954 2337 nostri
981 2298 1190 2347 principes
1219 2298 1424 2348 prophani
1454 2298 1606 2347 pariter
1633 2300 1756 2347 atque
1788 2297 1911 2335 eccle-

310 2353 465 2392 siastici
499 2353 742 2393 didicissent
775 2354 948 2404 egregiis
982 2352 1162 2403 ingeniis
1194 2352 1345 2391 habere
1377 2365 1501 2390 suum
1531 2352 1743 2399 honorem,
1774 2363 1911 2401 quem-

309 2408 536 2446 admodum
555 2408 665 2458 apud
686 2408 817 2447 Italos
836 2408 1023 2456 habetur,
1048 2406 1272 2445 Goclenius
1292 2408 1433 2444 noster
1453 2408 1566 2444 totus
1586 2419 1734 2444 aureus
1753 2407 1871 2444 esset.

364 2462 443 2500 Sed
462 2464 602 2500 tamen
630 2463 983 2512 expergiscuntur.
1043 2460 1134 2499 Iam
1161 2461 1273 2498 enim
1298 2461 1380 2499 fere
1409 2461 1553 2499 nullus
1577 2463 1642 2498 est
1666 2462 1909 2509 magnatum

244 2531 286 2563 45
310 2515 380 2565 qui
400 2529 484 2555 non
506 2519 620 2555 curet
645 2530 742 2556 suos
769 2517 920 2555 liberos
946 2515 1069 2554 bonis
1095 2515 1228 2557 literis
1252 2514 1473 2564 diligenter
1498 2514 1788 2561 instituendos,
1811 2513 1908 2552 licet

437 2618 466 2647 7.
491 2607 686 2639 latrunculi
704 2611 743 2640 N.
878 2617 927 2638 12.
952 2607 1064 2648 possis
1080 2609 1126 2639 F:
1151 2608 1249 2646 potes
1265 2608 1305 2636 H.
1442 2616 1493 2643 42.
1519 2615 1623 2636 suum
1640 2605 1715 2636 add.
1735 2607 1777 2636 H.

349 2702 379 2728 4.
405 2691 555 2730 gemmis
580 2689 810 2730 adulterinis]
828 2688 940 2719 These
957 2688 1073 2719 words
1141 2697 1173 2727 p.
1198 2697 1294 2726 199n.
1343 2687 1389 2719 In
1407 2688 1468 2718 the
1483 2690 1526 2718 De
1544 2689 1801 2724 pronunciatio‘tw
1818 2686 1904 2727 (LB.

304 2744 362 2765 are
381 2735 467 2765 used
490 2736 527 2764 in
553 2734 616 2764 the
639 2735 739 2773 story
755 2733 794 2763 of
814 2732 910 2763 More
927 2732 999 2762 and
1014 2732 1072 2762 his
1141 2732 1164 2762 i.
1180 2741 1243 2770 935
1254 2740 1284 2770 c,
1301 2732 1367 2771 936
1377 2740 1483 2770 F-937
1498 2731 1536 2771 A)
1550 2731 1719 2762 Erasmus
1729 2730 1905 2761 describes

304 2777 386 2809 wife
398 2777 475 2808 told
488 2779 527 2808 in
539 2778 600 2808 the
608 2780 728 2807 Maria:
744 2786 800 2807 see
809 2776 872 2816 Ep.
886 2786 959 2816 999.
970 2776 1067 2806 16811.
1140 2775 1201 2805 the
1217 2775 1369 2805 breadth
1386 2775 1423 2805 of
1433 2776 1495 2805 the
1512 2774 1761 2814 VVestphalian
1778 2774 1905 2814 speech

349 2832 377 2860 7.
404 2820 638 2861 laterunculi]
656 2821 707 2851 Cf.
729 2821 794 2860 Ep.
815 2821 887 2858 748.
906 2829 958 2858 34.
1138 2828 1175 2849 as
1188 2821 1381 2849 immodicus.

349 2875 398 2903 13.
428 2865 565 2905 rudior]
592 2865 644 2895 Cf.
660 2864 722 2894 the
740 2866 889 2894 account
906 2864 944 2894 of
960 2863 1068 2893 Jacob
1185 2862 1233 2894 18.
1262 2861 1476 2901 Collegium]
1495 2862 1545 2892 Cf.
1567 2862 1629 2900 Ep.
1651 2870 1741 2891 1221.
1760 2870 1798 2891 12
1815 2870 1885 2900 seq.

304 2908 342 2939 of
355 2908 499 2939 Vreden
517 2908 555 2938 in
574 2918 635 2947 my
647 2911 712 2945 Aye
729 2911 764 2945 os
776 2910 941 2946 Erasmus,
957 2916 989 2946 p.
1008 2917 1048 2946 75
1062 2918 1068 2937 z
1181 2916 1234 2944 23.
1259 2905 1392 2936 scholis
1405 2904 1574 2945 publicis]
1588 2905 1638 2936 Cf.
1651 2905 1714 2944 Ep.
1731 2913 1822 2935 1002.
1842 2914 1901 2943 9n.

303 2952 450 2983 derived
482 2953 573 2982 from
598 2952 637 2982 D.
666 2952 698 2982 J.
726 2949 890 2981 Becker's
917 2950 1070 2981 transla-
1181 2959 1234 2988 45.
1260 2949 1405 2990 liberos]
1425 2949 1476 2980 Cf.
1498 2949 1584 2989 Epp.
1606 2958 1677 2988 737,
1696 2948 1900 2988 1018‚1192.

304 2997 380 3026 tion
407 2997 445 3027 of
466 2993 682 3026 Butzbach's
706 2997 942 3034 Hodoeporiwn,
973 2995 1069 3033 1869,
1137 2993 1257 3033 80-83„
1279 2993 1373 3033 1208,
1395 3002 1487 3032 1237.
