1990 3353
253 125 334 163 360
717 122 969 161 LETTERS
1008 121 1077 160 OF
1116 120 1381 160 ERASMUS
1725 118 1852 173 [1520

252 231 460 270 auitarum
504 230 801 269 haereditatem
845 232 1038 279 capessat.
1109 230 1239 268 Porro
1283 229 1392 278 quod
1434 228 1551 278 petit,
1591 241 1674 266 non
1717 228 1854 266 solum

253 285 553 335 aequissimum
579 287 642 323 est
661 283 934 323 verumetiam
961 283 1218 331 facillimum,
1240 283 1434 321 videlicet
1459 285 1505 321 vt
1532 282 1643 320 idem
1669 283 1856 321 muneris

197 356 236 379 10
254 340 362 390 quod
401 340 547 378 habuit
585 339 693 388 apud
731 339 945 378 Caesarem
983 337 1329 383 MaximiIianum,
1366 336 1474 386 apud
1511 337 1625 374 hunc
1665 336 1850 375 retineat.

252 396 394 444 Atque
414 394 452 432 id
476 396 521 432 vt
542 393 624 440 fiat,
647 393 697 431 ad
717 392 927 442 publicam
947 392 1007 430 rei
1027 392 1285 431 Christianae
1304 391 1486 441 pertinet
1504 391 1740 437 vtilitatem,
1764 403 1856 429 mea

254 448 472 495 sententia,
501 448 711 496 simulque
735 446 841 485 sacri
868 446 1034 497 imperii
1060 446 1319 496 dignitatem.
1379 445 1430 483 Id
1455 444 1684 484 cuiusmodi
1714 444 1780 493 sit,
1808 457 1858 482 ex

254 503 344 553 ipso
362 502 515 540 rectius
539 514 768 551 cognosces.

311 556 404 595 Scio
428 555 534 594 mihi
560 569 644 594 non
671 555 801 594 fuisse
828 555 1011 594 multum
1037 553 1350 594 consuetudinis
1377 567 1472 592 cum
1500 553 1747 592 celsitudine
1773 554 1855 600 tua,

198 627 236 659 15
255 611 325 649 sed
355 611 460 649 hanc
489 610 684 648 fiduciam
713 610 821 648 mihi
849 609 1017 661 praebet
1041 609 1194 659 partim
1216 609 1382 646 animus
1406 608 1485 646 iste
1510 610 1609 646 tuus
1634 607 1685 646 ad
1713 619 1859 645 omnes

255 678 320 703 res
339 665 536 703 honestas
557 664 750 703 omnibus
770 664 992 715 expositus,
1009 663 1161 713 partim
1182 662 1291 713 quod
1311 662 1518 700 confidam
1537 662 1624 700 fore
1645 664 1703 710 vt,
1722 674 1861 711 quem·

255 719 482 758 admodum
514 721 556 757 te
593 731 869 757 successorem
907 718 1109 757 habemus
1148 717 1291 755 eximii
1328 716 1409 755 viri
1446 716 1619 755 Ioannis
1657 715 1855 766 Syluagfi,

257 773 452 812 omnibus
472 773 728 811 ornamentis
746 786 886 822 parem
907 774 978 810 aut
1003 772 1129 810 etiam
1155 771 1420 821 superiorem,
1442 771 1501 808 ita
1526 771 1602 809 hac
1629 784 1789 821 quoque
1815 770 1860 807 in

257 830 372 878 parte
391 828 448 866 sis
473 828 597 866 illum
621 827 837 875 relaturus,
861 829 908 865 vt
935 827 1108 865 Erasmo
1133 826 1296 872 faueas3
1327 825 1400 875 qui
1427 825 1536 863 nihil
1563 824 1676 863 aliud
1704 824 1789 874 agit
1815 824 1859 862 in

199 897 239 919 20
258 883 333 921 hac
369 882 456 920 vita
494 895 618 931 quam
655 884 701 919 vt
738 882 825 920 suis
863 880 1014 920 studiis
1051 881 1207 919 Christi
1249 879 1425 929 gloriam
1469 893 1515 917 ac
1553 879 1682 917 bonas
1719 879 1861 917 literas

259 937 470 987 prouehat.
532 936 576 974 Si
602 949 681 986 qua
707 936 751 973 in
778 950 821 974 re
849 937 990 985 potero
1017 935 1084 973 vel
1110 935 1189 972 tibi
1215 934 1282 972 vel
1309 934 1523 972 Caesareae
1543 933 1748 971 maiestati
1767 932 1859 970 vsui

258 992 330 1029 aut
363 993 606 1029 ornamento
640 1003 739 1038 esse,
772 990 878 1028 nihil
912 989 1122 1038 defugiam
1157 988 1265 1038 quod
1299 987 1423 1025 modo
1454 990 1657 1036 praestare
1690 987 1857 1036 possim.

259 1045 373 1083 Bene
393 1044 501 1092 vale,
522 1045 588 1083 vir
606 1045 804 1082 omnibus
824 1044 959 1082 modis
977 1043 1129 1082 eximie
1147 1057 1155 1089 ;
1185 1043 1251 1080 cui
1278 1055 1402 1091 quam
1429 1041 1864 1080 commendatissimus

260 1112 347 1138 esse
367 1098 498 1149 cupio.
560 1099 736 1138 Louanii
756 1111 855 1137 .1111.
877 1098 984 1136 Non.
1009 1097 1172 1136 Octobr.
1195 1098 1276 1136 An.
1302 1109 1461 1135 M.D.xx.

645 1295 770 1336 1151.
833 1293 897 1335 ΤΟ
930 1294 1091 1334 ERARD
1123 1304 1183 1334 DE
1216 1305 1273 1335 LA
1305 1293 1488 1334 MARCK.

310 1402 503 1448 Epistolae
523 1403 569 1438 ad
588 1403 756 1439 diuersos
778 1416 812 1449 p.
834 1414 912 1449 502.
1571 1394 1748 1431 Louvain.

311 1461 381 1496 HN
399 1474 407 1497 :
435 1462 551 1498 Lond.
570 1462 648 1496 xiii.
668 1473 711 1498 2:
739 1462 812 1497 LB.
834 1472 912 1507 537.
1498 1456 1518 1490 8
1538 1453 1700 1490 October
1720 1462 1820 1497 1520.

350 1567 557 1597 ERASMVS
589 1566 928 1597 ROTERODAMVS
961 1562 1192 1595 ORNATISS.
1219 1560 1443 1592 PRAESVLI
1475 1561 1532 1591 AC
1564 1559 1769 1591 PRINCIPI

877 1631 1124 1664 LEODOENSI
1157 1631 1190 1660 S.
1213 1630 1256 1662 D.

320 1734 518 1772 SALVTEM
545 1733 613 1780 P.,
633 1732 894 1770 ornatissime
916 1731 1099 1769 Praesul.
1163 1731 1243 1779 Qui
1263 1731 1337 1768 has
1358 1730 1503 1779 reddit.
1527 1730 1704 1768 Ioannes
1725 1730 1866 1777 Faber,

265 1788 484 1838 theologus
513 1787 692 1837 insignis
718 1786 877 1825 ordinis
903 1785 1210 1833 Praedicatorii,
1242 1785 1355 1835 cupit
1381 1787 1475 1822 tuae
1502 1784 1739 1823 celsitudini
1765 1797 1871 1822 com·

266 1843 486 1880 mendatus
519 1855 618 1889 esse,
653 1855 698 1880 ac
733 1854 825 1879 mea
858 1840 1065 1878 sententia
1099 1839 1250 1888 dignus
1283 1842 1345 1877 est
1380 1838 1451 1888 qui
1485 1839 1550 1876 sit.
1610 1838 1709 1876 Erat
1745 1837 1871 1876 Maxi-

267 1897 440 1935 miliano
461 1896 622 1935 Caesari
637 1909 731 1934 cum
753 1896 899 1944 primis
919 1895 1068 1932 charus
1088 1894 1140 1932 ob
1156 1893 1335 1943 egregias
1355 1893 1470 1931 dotes
1491 1893 1640 1942 quibus
1660 1893 1871 1942 praeditus

230 1969 246 1999 5
268 1954 342 1990 est.
402 1950 594 1989 Erudit-io
614 1952 675 1989 est
695 1949 916 1996 recondita,
939 1948 1155 1998 ingenium
1175 1949 1418 1997 promptum
1440 1960 1485 1985 ac
1508 1948 1710 1991 versatile,
1729 1947 1872 1996 lingua

268 2005 519 2053 felicissima,
565 2017 699 2043 mores
740 2003 881 2042 faciles
926 2003 1182 2052 candidique,
1228 2002 1403 2050 animus,
1449 2004 1494 2039 vt
1540 2001 1647 2039 mihi
1692 2002 1867 2048 videtur,

269 2061 440 2109 integer.
502 2061 655 2098 Gratus
693 2061 756 2096 est
800 2058 948 2096 multis
994 2057 1238 2095 Germaniae
1284 2055 1564 2105 Principibus.
1634 2056 1688 2093 Et
1731 2058 1871 2093 tamen

269 2114 395 2152 habet
415 2114 485 2164 qui
505 2114 567 2151 illi
582 2114 690 2152 male
705 2112 854 2151 volunt
870 2127 878 2150 :
902 2114 948 2149 vt
963 2123 1179 2160 nunquam
1195 2113 1306 2148 caret
1319 2110 1494 2148 aemulis
1511 2111 1647 2148 virtus
1666 2110 1869 2148 eminens.

271 2169 437 2218 Optime
456 2169 583 2206 sentit
602 2168 652 2206 de
673 2170 744 2206 tua
764 2166 1030 2204 celsitudine:
1061 2165 1171 2215 apud
1192 2177 1317 2214 quam
1344 2164 1558 2202 existimat
1583 2177 1649 2202 me
1677 2163 1872 2202 nonnihil

212 2240 251 2262 10
270 2224 414 2261 valere.
476 2222 520 2261 Si
549 2222 649 2272 quid
679 2221 806 2269 valeo,
840 2220 882 2258 id
912 2222 1047 2258 totum
1076 2222 1137 2257 est
1165 2218 1440 2257 humanitatis
1474 2220 1580 2266 tuae,
1615 2231 1697 2256 non
1731 2217 1872 2256 meriti

272 2277 365 2315 mei.
425 2278 484 2315 At
505 2290 624 2326 spero
645 2276 731 2314 fore
749 2277 796 2313 vt
815 2274 998 2312 hominis
1017 2274 1195 2312 virtutes
1222 2273 1458 2322 impetrent,
1481 2272 1645 2310 etiamsi
1671 2286 1763 2310 mea
1786 2285 1872 2310 non

272 2332 464 2380 impetret
485 2331 673 2380 epistola.
732 2330 960 2379 Impetrata
979 2331 1041 2366 est
1061 2341 1083 2365 a
1104 2327 1298 2376 Principe
1319 2327 1475 2376 pensio,
1496 2340 1563 2364 me
1590 2326 1758 2376 quidem
1787 2338 1871 2364 non

273 2386 483 2423 ambiente
500 2400 508 2432 3
538 2385 608 2422 sed
629 2385 706 2422 hoc
726 2386 790 2423 est
809 2383 969 2433 gratius
989 2381 1197 2431 Principis
1217 2381 1366 2431 optimi
1385 2394 1553 2429 munus,
1571 2384 1612 2418 et
1632 2380 1711 2419 tibi
1730 2380 1874 2430 tuique

273 2440 481 2478 similibus
501 2439 595 2488 plus
615 2439 753 2476 debeo.

216 2510 252 2540 15
329 2493 596 2541 Quorundam
627 2492 893 2530 immodicam
920 2489 1131 2529 licentiam
1159 2489 1216 2527 sic
1242 2489 1399 2538 gaudeo
1424 2489 1640 2535 coherceri,
1667 2490 1712 2526 vt
1737 2501 1877 2526 verear

275 2562 327 2586 ne
357 2560 567 2585 successus
597 2547 664 2585 hic
693 2547 851 2584 animet
879 2545 1082 2583 bonarum
1111 2543 1324 2581 literarum
1355 2556 1490 2581 osores
1520 2543 1569 2580 ad
1605 2542 1877 2592 opprimenda

273 2601 445 2640 meliora
479 2601 643 2648 studia;
687 2614 771 2638 non
805 2599 919 2637 enim
953 2598 1089 2637 dicam
1125 2597 1358 2635 doctrinam
1394 2597 1700 2647 Euangelicam.
1761 2597 1876 2635 Bene

273 2656 407 2695 valeat
427 2657 498 2694 tua
519 2655 731 2693 celsitudo.
793 2653 969 2692 Louanii
988 2651 1187 2702 postridie
1208 2651 1282 2690 No.
1308 2651 1470 2689 Octobr.
1495 2663 1656 2690 M.D.xx.

319 2798 414 2828 1151.
441 2806 506 2827 T1'r.
523 2806 549 2827 s.
570 2806 603 2828 D.
620 2807 678 2828 om.
698 2799 738 2827 H.
879 2806 905 2827 1.
936 2796 1055 2827 reddit
1071 2799 1122 2826 F:
1154 2795 1314 2826 reddidit
1332 2797 1371 2825 H.
1507 2804 1537 2825 2.
1565 2792 1814 2833 praedicatorii
1833 2794 1880 2823 F:

275 2841 503 2872 Dominicani
520 2842 563 2872 H.
699 2841 748 2871 18.
776 2847 902 2870 M.D.xx
921 2843 994 2871 add.
1012 2842 1056 2871 H.

321 2972 416 3003 1150.
434 2981 466 3010 9.
492 2970 586 3000 idem
605 2969 781 3010 muneris]
802 2970 870 3000 His
886 2971 1040 3009 position
1158 2981 1206 3009 ¹7-
1231 2968 1409 3010 Syluagii]
1436 2969 1497 2998 Se(¹
1515 2968 1577 3007 Ep.
1597 2978 1670 3005 410.

275 3027 312 3047 as
329 3014 498 3055 Imperial
518 3013 733 3044 Councillor.
1155 3015 1250 3044 1151.
1280 3023 1327 3043 12.
1354 3011 1495 3053 pensio]
1523 3012 1587 3042 See
1606 3012 1668 3050 Ep.
1688 3021 1762 3050 597.
1782 3011 1865 3042 2611.
