1990 3353
156 139 279 194 1126]
641 140 711 178 To
751 138 1042 178 HERMANN
1082 138 1273 178 BUSCH
1676 139 1755 177 315

150 262 306 288 nomen
336 249 600 298 deblaterare,
621 248 846 299 perrexerit
874 248 941 286 sui
970 247 1123 286 similis
1151 260 1250 286 esse.

151 306 215 342 est
244 304 360 342 enim
388 318 439 342 ex
474 305 550 342 hoc
585 316 734 353 genere
768 303 875 352 quod
905 302 1033 352 vulgo
1063 303 1210 340 dicunt
1240 300 1585 340 mendicantium.
1646 300 1755 339 Nam

151 358 272 397 video
302 361 439 397 totum
470 358 659 397 ordinem
690 357 956 404 commoueri,
990 357 1026 395 si
1060 356 1154 406 quis
1184 355 1451 395 Gai-melitam
1485 357 1556 393 aut
1589 354 1756 393 Praedi-

150 414 332 451 catorem
362 414 561 463 attingat3
604 412 714 450 haud
753 412 879 449 etiam
918 411 1001 449 scio
1035 410 1262 449 stultiusne
1299 423 1353 448 an
1387 409 1586 459 iniquius.
1647 408 1755 447 Nam

152 466 225 517 qui
256 468 397 506 minus
427 470 542 506 tot-us
575 466 834 505 sacerdotum
869 466 970 504 ordo
1000 467 1324 511 commoueatur,
1357 464 1393 502 si
1422 464 1516 513 quis
1543 465 1684 502 narret
1713 476 1756 502 se

150 522 310 560 laesum
330 535 353 559 a
371 522 590 568 sacerdote,
615 533 836 570 suppresso
855 520 983 558 etiam
1004 519 1176 558 nomine
1192 521 1212 558 ἲ)
1268 521 1409 569 Atque
1437 519 1480 556 in
1509 518 1622 556 hunc
1650 518 1756 556 ordi·
1778 531 1814 553 2³

150 588 249 614 nem
278 576 350 614 isti
384 576 569 626 quotidie
600 574 913 614 seditiosissime
942 573 1179 613 declamant
1201 573 1311 623 apud
1340 573 1557 623 populum,
1589 574 1631 611 et
1660 585 1758 611 suos

152 630 318 668 ordines
356 643 441 669 non
480 630 698 680 patiuntur
735 628 944 668 nominari
977 629 1069 667 sine
1107 628 1280 666 honoris
1317 627 1582 678 praefatione,
1622 629 1684 674 vt,
1722 627 1757 665 si

150 698 298 734 querar
317 685 424 722 mihi
444 684 663 735 pecuniam
682 684 793 722 furto
813 683 1021 722 sublatam
1041 696 1064 720 a
1084 682 1319 726 Carmelita,
1345 684 1458 720 totus
1481 683 1580 720 ordo
1592 695 1758 720 mecum

150 741 243 788 agat
270 739 530 778 iniuriarum.
587 740 728 788 Atque
755 738 854 776 haec
879 738 1038 776 faciunt
1061 737 1244 787 quidam,
1272 736 1399 775 etiam
1424 737 1460 775 si
1489 736 1583 786 quis
1608 749 1757 775 verum

151 793 272 840 dicat,
300 793 386 831 imo
411 794 501 832 veri
526 796 687 843 partem
710 791 903 843 aliquam,
937 806 1012 831 nec
1039 793 1181 830 omnia
1210 791 1393 830 referens
1422 805 1526 841 quae
1556 791 1684 838 nouit,
1717 792 1758 828 et

151 847 314 885 nomini
333 849 503 886 interim
523 847 706 886 ciuiliter
725 860 908 897 parcens.

207 901 288 940 Sed
310 905 356 940 vt
383 903 432 940 ad
460 916 550 940 rem
574 902 762 940 redeam:
794 902 900 940 Cum
926 901 1036 951 apud
1064 901 1176 939 hunc
1203 900 1449 951 theologum
1475 914 1520 938 ac
1544 899 1759 949 religionis

151 956 423 1006 professorem
446 957 548 1007 (ipse
576 956 728 995 tacitus
757 959 951 1005 agnoscet
981 968 1048 994 me
1076 955 1186 993 nihil
1215 955 1402 1002 mentiri)
1430 967 1661 994 narrassem
1691 967 1759 992 me

152 1011 351 1049 maiorem
374 1012 418 1049 in
440 1012 613 1049 modum
633 1010 830 1049 admirari
850 1011 948 1060 quid
963 1010 1175 1048 Standicio
1190 1010 1372 1048 venisset
1384 1011 1429 1048 in
1449 1011 1646 1057 mentem,
1663 1021 1759 1046 cum

152 1078 220 1104 me
240 1066 291 1104 de
311 1066 570 1104 Eucharistia
589 1065 923 1113 calumniaretur,
947 1078 1043 1103 cum
1064 1064 1172 1102 nihil
1192 1066 1301 1103 esset
1319 1065 1364 1102 in
1384 1065 1503 1104 libris
1523 1063 1628 1102 meis
1647 1063 1758 1101 vnde

151 1122 291 1169 posset
310 1133 409 1158 ansa
429 1120 631 1170 prehendi
652 1120 893 1168 calumniae,
918 1119 1131 1170 pollicitus
1150 1122 1212 1157 est
1232 1132 1276 1158 se
1296 1120 1434 1158 locum
1463 1119 1758 1157 indicaturum.

153 1175 244 1223 Qua
263 1175 433 1224 quidem
454 1188 503 1213 ex
524 1188 568 1213 re
588 1174 780 1224 protinus
799 1175 989 1213 intellexi
1009 1174 1231 1224 negocium
1252 1174 1329 1212 hoc
1345 1174 1456 1212 inter
1468 1174 1570 1212 istos
1587 1185 1637 1210 ex
1653 1185 1760 1210 com-

152 1229 287 1278 posito
325 1229 422 1279 geri.
481 1230 571 1279 Ego
603 1230 789 1267 vicissim
821 1229 1036 1278 pollicitus
1074 1241 1180 1274 sum,
1218 1229 1259 1266 id
1300 1229 1411 1279 quod
1452 1227 1650 1278 praestiti,
1692 1240 1760 1264 me

152 1283 537 1322 demonstraturum
564 1284 702 1322 locum
732 1297 817 1322 non
843 1283 1118 1330 intellectum,
1152 1283 1188 1320 si
1212 1283 1284 1321 ille
1306 1284 1463 1321 lectum
1493 1282 1758 1320 ostendisset.

152 1337 336 1388 Perlegit
358 1338 429 1376 ille
450 1338 666 1385 curriculo,
691 1338 751 1377 sic
772 1340 819 1377 vt
839 1338 918 1376 sibi
940 1338 1142 1376 duntaxat
1168 1337 1332 1387 legeret.
1394 1341 1456 1376 Ac
1484 1350 1582 1375 mox
1601 1336 1760 1374 librum

152 1391 364 1431 occlusum
403 1393 592 1436 semouit,
637 1388 770 1431 veluti
809 1393 893 1431 iam
935 1395 1144 1430 constaret
1184 1405 1252 1430 me
1290 1393 1513 1442 scripsisse,
1555 1405 1640 1429 non
1671 1403 1761 1428 esse

152 1447 437 1486 definiendum
466 1448 506 1485 in
537 1448 685 1496 synaxi
708 1460 796 1485 esse
822 1460 969 1485 verum
1001 1447 1160 1485 Christi
1190 1459 1350 1496 corpus.
1420 1446 1566 1495 Coepit
1596 1458 1761 1483 mecum

151 1502 447 1551 argumentari,
471 1504 630 1540 testans
651 1515 740 1540 sese
761 1501 899 1540 nescio
920 1501 1020 1551 quid
1040 1501 1176 1539 libelli
1196 1501 1323 1539 etiam
1347 1515 1472 1551 super
1494 1501 1570 1538 hac
1603 1513 1644 1537 re
1669 1512 1762 1537 con-

151 1556 379 1605 scripsisse.
421 1558 531 1594 vnde
565 1558 747 1606 speraret
785 1556 969 1606 opimam
1007 1555 1197 1605 gloriam.
1255 1555 1293 1592 N
1296 1557 1417 1604 egani
1458 1569 1524 1593 me
1562 1554 1762 1593 aduersus

153 1610 323 1649 inanem
352 1624 490 1649 aerem
519 1624 639 1660 agere
658 1610 767 1649 velle
796 1611 994 1661 pugilem,
1019 1610 1101 1649 nisi
1131 1610 1247 1659 prius
1273 1610 1507 1648 docuissem
1532 1609 1596 1647 illi
1622 1608 1762 1647 locum
1785 1626 1819 1647 2-

154 1678 240 1703 non
268 1665 542 1704 intellectum.
603 1665 767 1703 Iurauit
796 1665 855 1703 sic
881 1678 971 1703 esse
998 1666 1045 1703 vt
1072 1664 1221 1703 aiebat.
1279 1666 1341 1703 At
1370 1667 1487 1703 tanto
1517 1664 1659 1702 minus
1689 1676 1763 1712 ego

154 1720 381 1767 credebam,
397 1720 580 1758 maxime
599 1733 692 1758 cum
714 1720 799 1758 iam
818 1719 1078 1770 argumentis
1093 1719 1339 1757 certissimis
1352 1719 1538 1758 hominis
1553 1718 1765 1767 insignem

153 1773 427 1813 stoliditatem
449 1775 758 1824 comperissem.

209 1829 371 1867 Eorum
391 1842 523 1867 vnum
553 1830 676 1878 atque
705 1830 887 1867 alterum
916 1841 1125 1867 recensere
1156 1828 1329 1867 fortasse
1359 1842 1443 1866 non
1473 1828 1524 1866 ab
1554 1842 1596 1866 re
1623 1826 1764 1865 fuerit.

155 1882 303 1922 Multis
323 1883 571 1922 coniecturis
591 1884 777 1934 suspicor
796 1884 894 1922 huic
913 1897 937 1922 a
956 1883 1022 1921 sui
1041 1883 1203 1922 ordinis
1229 1883 1440 1922 sodalibus
1466 1883 1612 1921 datum
1640 1894 1765 1930 nego·
1788 1902 1790 1905 v

156 1938 269 1976 cium
299 1940 345 1976 vt
373 1951 422 1976 ex
451 1938 649 1976 omnibus
678 1938 783 1976 meis
812 1938 931 1976 libris
959 1940 1147 1976 enotaret
1177 1951 1279 1988 quae
1309 1940 1478 1987 possent
1506 1936 1653 1976 arrodi.
1714 1936 1765 1974 Id

156 1992 324 2031 saedulo
355 1995 525 2031 conatus
558 1995 621 2031 est
654 1993 781 2031 homo
812 2005 981 2043 prorsus
1015 1992 1186 2041 ignarus
1217 1992 1359 2030 Latini
1391 1992 1609 2039 sermonis,
1648 1992 1689 2029 et
1721 1992 1766 2028 in

155 2047 290 2085 literis
317 2047 565 2097 theologicis
588 2060 687 2085 sane
714 2060 839 2097 quam
866 2046 1050 2085 tenuiter
1079 2047 1282 2096 eruditus,
1313 2047 1466 2085 iudicio
1496 2045 1625 2093 nullo,
1658 2058 1767 2084 arro-

155 2101 298 2151 gantia
335 2115 499 2151 magna,
538 2101 706 2152 ingenio
745 2102 821 2140 tali
858 2104 917 2148 vt,
951 2102 996 2139 ni
1030 2101 1192 2139 cuculla
1229 2101 1605 2148 commendaretur,
1638 2099 1767 2137 etiam

155 2156 283 2206 vulgo
316 2169 391 2206 pro
422 2156 608 2195 morione
638 2159 778 2206 posset
808 2155 962 2204 haberi,
998 2156 1086 2194 toto
1120 2156 1242 2194 vultu
1282 2158 1455 2194 naturae
1492 2154 1767 2194 stoliditatem

157 2210 409 2249 clamitante.
470 2210 659 2259 Quodam
679 2211 812 2260 igitur
836 2211 880 2249 in
908 2210 996 2248 loco
1027 2224 1124 2250 cum
1148 2223 1347 2249 excusans
1374 2211 1559 2248 Thomae
1586 2209 1764 2258 lapsum,

156 2265 398 2304 adiecissem
417 2265 558 2304 virum
578 2265 802 2315 indignum
821 2279 910 2304 esse
931 2267 1003 2315 qui
1023 2267 1066 2304 in
1088 2279 1134 2305 ea
1154 2266 1369 2303 incidisset
1389 2266 1587 2315 tempora,
1612 2263 1768 2313 signifi·

290 2393 364 2423 227.
393 2383 680 2415 Praedicatorem
698 2387 745 2415 F:

770 2386 1043 2418 dominicanum
1063 2391 1102 2418 Il.
1252 2395 1326 2425 233.
1352 2388 1407 2416 II:
1432 2394 1583 2425 quaerar
1600 2387 1634 2416 F.

1311 245 1533 284 Tacebitur
1561 249 1603 285 et
1631 246 1756 294 ordo;
1778 262 1814 283 22

204 2558 279 2595 248.
306 2557 437 2599 libelli]
468 2559 504 2590 It
529 2569 601 2590 was
628 2569 738 2591 never
766 2561 925 2611 printed,

161 2600 232 2631 and
247 2600 333 2632 does
347 2604 410 2632 not
422 2612 518 2634 seem
532 2605 569 2635 to
585 2604 688 2635 exist.
718 2604 753 2635 It
771 2606 802 2635 is
818 2606 880 2636 not
892 2608 929 2636 to

161 2645 203 2675 be
227 2645 398 2675 confused
415 2647 505 2677 with
523 2647 585 2678 the
609 2647 700 2678 book
717 2649 928 2680 mentioned

167 2689 205 2718 in
219 2687 308 2728 Epp.
329 2689 423 2728 1582,
445 2691 539 2722 1608.

205 2741 280 2771 255.
308 2733 513 2774 negocium]
532 2733 584 2766 Cf.
601 2735 663 2776 Ep.
683 2745 775 2775 1053.
793 2745 874 2775 34¹¹·

206 2776 282 2806 262.
302 2776 512 2818 indignum]
525 2778 695 2810 Erasmus
708 2780 739 2810 is
751 2789 789 2810 so
802 2781 876 2811 free
890 2781 928 2810 in

161 2819 350 2858 quotation
367 2820 448 2850 that
464 2820 510 2852 he
530 2822 560 2851 is
576 2822 730 2862 perhaps
752 2822 931 2863 referring

162 2863 248 2893 here
264 2864 302 2893 to
318 2863 377 2893 his
392 2866 475 2895 note
495 2865 611 2906 (1519)
630 2876 676 2897 on
697 2875 710 2897 1
730 2866 809 2898 Cor.
829 2877 878 2907 13.
896 2877 928 2906 4,

162 2907 286 2937 which
309 2906 437 2946 speaks
461 2908 500 2939 of
519 2909 686 2948 Aquinas
711 2919 749 2941 as
773 2911 851 2941 ‘vir
878 2911 931 2941 in·

162 2949 294 2990 dignus
318 2951 380 2990 qui
404 2960 447 2981 ex
471 2953 546 2983 tam
573 2952 731 2984 indoctis
747 2955 933 2985 autoribus

162 2994 372 3024 huiusmodi
384 2995 532 3027 naenias
542 2997 651 3028 sacris
664 2999 933 3029 commentariis

163 3037 401 3069 admisceret:
450 3039 515 3070 Sec
539 3040 612 3070 also
634 3040 693 3071 his
710 3043 795 3072 note
817 3041 933 3082 (1516)

998 2572 1045 2593 on
1063 2561 1162 2592 Rom.
1187 2570 1212 2591 1.
1234 2571 1277 2599 43
1302 2560 1373 2591 and
1391 2560 1433 2592 cf.
1454 2560 1541 2601 Epp.
1562 2571 1652 2600 1171.
1669 2562 1764 2600 73-6,

1001 2616 1014 2636 1
1024 2606 1095 2645 196.
1106 2605 1221 2644 194-8.
1242 2605 1310 2635 For
1319 2605 1535 2635 Dominican
1544 2604 1707 2644 jealousy
1716 2604 1771 2635 for

998 2646 1177 2688 Aquinas'
1192 2648 1334 2679 honour
1342 2658 1401 2679 see
1413 2648 1516 2680 Vinc.
1529 2648 1772 2679 Theodorici’s

999 2693 1138 2733 preface
1158 2694 1195 2722 to
1212 2691 1339 2722 Petrus
1361 2691 1404 2722 de
1427 2692 1562 2723 Palude
1585 2693 1662 2733 (Ep.
1686 2693 1770 2730 1196

1000 2736 1132 2767 introd.
1139 2737 1163 2777 ),
1199 2735 1313 2775 ‘Quid
1352 2735 1429 2766 diui
1468 2734 1669 2786 Tho<mae>
1709 2736 1769 2766 do-

999 2780 1117 2811 ctrina
1145 2780 1184 2810 in
1208 2780 1285 2810 veri
1310 2779 1446 2810 iudicio
1470 2780 1603 2818 sanius,
1631 2781 1709 2819 grati
1714 2780 1770 2810 ius

1000 2823 1240 2854 sublimiusue
1257 2823 1483 2863 deprehendi
1499 2824 1644 2863 potest?
1676 2824 1704 2854 G
1709 2832 1770 2853 a-u

1000 2867 1110 2898 deant
1137 2866 1203 2897 alii
1234 2867 1309 2898 suis
1338 2867 1516 2898 honorum
1547 2867 1676 2906 titulis,
1707 2876 1770 2896 nos

1001 2911 1117 2942 sancti
1140 2908 1343 2954 Th0(mae)
1380 2911 1506 2950 solida,
1544 2912 1767 2947 inconcussa,

1000 2954 1159 2994 equabili
1176 2957 1285 2994 atque
1301 2955 1441 2985 sincera
1462 2954 1657 2994 gloriemur
1679 2954 1770 2983 veri-

1002 2996 1119 3037 tate';
1152 2998 1225 3029 and
1252 2998 1297 3030 cf.
1317 2999 1404 3038 Epp.
1423 2999 1498 3037 858.
1524 2999 1646 3038 89-9o‚
1674 3006 1769 3035 1033.

1003 3051 1122 3082 222-3‚
1139 3043 1398 3081 1140.14‚1183.
1415 3043 1768 3081 121.1196.151-201.

1780 804 1840 838 235

1781 1079 1843 1110 240

1783 1352 1843 1383 245

1789 2160 1850 2192 260
