1990 3353
305 128 386 167 436
773 130 1024 170 LETTERS
1063 133 1132 171 OF
1171 134 1436 174 ERASMUS
1779 135 1901 190 [1521

304 239 539 277 doctrinam
560 240 702 289 impiis
720 241 964 279 hominibus
988 243 1245 291 opponendi:
1276 257 1349 282 nec
1371 258 1468 282 vero
1489 245 1707 295 quisquam
1733 247 1823 296 ipso
1850 250 1901 295 te,

245 308 285 331 20
303 295 350 331 vt
380 296 568 332 nostrum
600 296 662 331 est
692 295 742 332 de
772 297 843 333 tua
871 296 1107 335 eruditione
1135 297 1349 345 iudicium,
1369 299 1419 336 ad
1449 301 1537 337 tam
1566 300 1774 339 laudabile
1803 315 1904 351 opus

302 348 459 397 aptior;
499 348 543 385 in
573 361 653 398 quo
681 348 896 387 elaborant
925 351 1104 400 quidem,
1135 354 1174 390 et
1203 352 1482 397 elaborarunt,
1514 354 1711 402 permulti
1740 368 1904 395 summa

303 415 398 440 cum
418 403 584 451 pietatis
604 405 644 440 et
664 403 859 441 scientiae
880 404 1000 442 fama.
1061 406 1140 444 Sed
1161 408 1201 444 et
1221 406 1390 444 illorum
1411 407 1532 445 corda
1552 408 1701 446 direxit
1721 409 1845 457 Deus,
1864 413 1904 448 et

303 457 352 494 de
371 458 412 494 te
432 459 528 494 tuae
548 457 792 505 prudentiae
811 459 1146 507 permittendum
1167 463 1239 498 est.
1289 460 1374 498 Nos
1393 462 1443 499 ad
1465 462 1612 510 probra
1633 465 1672 500 et
1693 464 1742 501 ad
1764 466 1903 502 contu-

301 511 447 548 melias
472 511 763 550 seditiosorum
790 512 1011 551 hominum
1041 513 1184 553 diuina
1213 528 1287 564 ope
1317 517 1357 553 et
1385 517 1587 564 patientia
1615 518 1775 564 armati,
1800 518 1903 556 illud

242 581 256 602 2
265 580 281 610 5
301 565 436 614 magis
464 565 637 604 moleste
656 566 838 613 ferimus,
863 567 971 616 quod
994 581 1089 606 cum
1115 569 1281 607 zizaniis
1307 583 1392 608 non
1421 583 1570 619 parum
1597 571 1727 609 bonae
1753 573 1905 621 segetis

301 619 595 669 corrumpitur,
619 621 838 671 omnisque
868 622 915 659 de
943 635 1064 672 grege
1093 623 1214 662 nobis
1245 623 1400 662 credito
1430 625 1588 662 iactura
1616 625 1806 664 animum
1836 640 1905 665 no-

300 676 434 712 strum
455 674 735 713 sollicitudine
755 675 890 713 afficit.
936 676 1015 724 Qui
1031 677 1145 715 enim
1161 691 1381 726 possumus
1398 692 1481 717 non
1498 679 1637 717 dolere
1653 680 1903 719 detrimento

300 728 502 766 bonarum
544 729 766 774 mentium,
800 743 903 780 quae
940 731 1165 769 trahuntur
1203 732 1246 770 in
1285 745 1479 781 errorem,
1516 747 1611 772 cum
1649 734 1753 772 istos
1790 735 1903 785 ipsos

299 795 486 821 errorum
523 785 562 821 et
598 784 824 833 impietatis
853 787 1040 823 auctores
1070 786 1207 824 saluos
1236 799 1322 824 esse
1353 788 1602 837 cupiamus?
1659 788 1739 826 Sed
1769 802 1903 839 neque

241 850 282 881 30
301 837 430 875 deerit
464 837 583 876 nobis
617 838 738 887 Deus,
777 852 913 889 neque
946 852 1023 877 nos
1060 841 1227 878 muneri
1260 842 1385 891 atque
1419 842 1550 880 officio
1584 844 1725 881 nostro
1759 857 1904 882 sumus

300 891 496 930 defuturi.

355 945 472 994 Quod
492 948 632 984 autem
654 947 703 984 ad
725 947 886 986 litteras
905 950 999 987 tuas
1020 949 1182 997 attinet,
1199 963 1275 988 nos
1296 952 1336 988 et
1357 950 1407 988 de
1427 953 1499 989 tua
1519 950 1676 1000 optima
1689 951 1903 990 voluntate

300 1002 458 1038 certum
490 1001 574 1039 iam
604 1001 816 1050 habemus,
840 1004 881 1040 et
911 1005 1033 1041 tuum
1063 1002 1293 1042 aduentum
1323 1004 1367 1041 in
1397 1005 1503 1043 hanc
1522 1005 1691 1053 Vrbem,
1722 1007 1902 1055 quando-

299 1068 458 1104 cunque
480 1055 516 1092 is
535 1055 672 1102 fuerit,
695 1055 801 1094 laete
822 1059 862 1094 et
882 1059 1093 1107 gratanter
1112 1071 1257 1096 sumus
1277 1060 1496 1108 accepturi.

238 1118 278 1150 35
353 1109 511 1147 Datum
533 1110 675 1158 Rome,
698 1124 767 1149 xv.
789 1111 973 1149 Ianuarii
994 1112 1167 1150 M.D.xxi.
1227 1114 1356 1151 Anno
1376 1116 1533 1152 octauo.

1536 1167 1592 1206 Ia.
1618 1168 1847 1208 Sadoletus.

735 1325 859 1364 1181.
923 1323 986 1364 ΤΟ
1020 1323 1284 1364 SYLVESTER
1335 1323 1466 1365 Hem.

344 1427 590 1472 Paraphrasis
607 1426 655 1462 ad
672 1426 872 1466 Hebraeos,
892 1425 952 1461 tit.
973 1430 1024 1460 νο.
1579 1425 1758 1460 Louvain.

1501 1492 1541 1526 17
1560 1484 1850 1529 January1521.

343 1578 432 1620 [The
449 1578 587 1617 preface
605 1579 640 1608 to
658 1579 720 1608 the
738 1578 958 1617 Paraphrasc
981 1587 1027 1607 on
1050 1577 1232 1607 Hebrews.
1280 1575 1326 1606 Of
1343 1576 1402 1605 the
1425 1576 1503 1606 first
1522 1576 1673 1614 edition,
1690 1576 1811 1606 Which
1829 1586 1900 1607 was

297 1623 343 1660 by
367 1622 528 1653 Martens-
551 1625 588 1652 at
613 1622 784 1660 Louvain,
809 1622 891 1652 Jan.
922 1631 999 1659 1521
1027 1622 1089 1659 (α),
1117 1620 1135 1650 Ι
1161 1620 1267 1649 know
1299 1620 1385 1658 only
1409 1619 1474 1649 one
1506 1629 1617 1659 copy:
1650 1621 1688 1649 111
1715 1619 1779 1650 the
1804 1620 1898 1652 Bibl.

296 1666 487 1697 Nationale
504 1668 539 1696 at
558 1667 657 1696 Paris
674 1666 732 1705 (A.
750 1666 864 1696 18182.
879 1665 924 1705 4).
964 1665 1006 1694 In
1026 1665 1087 1694 the
1101 1664 1320 1702 subsequent
1337 1663 1475 1693 Froben
1494 1663 1650 1705 editions
1667 1665 1897 1694 enumerated

297 1719 343 1740 on
359 1719 393 1749 p.
408 1719 478 1748 123,
495 1710 597 1740 there
613 1719 673 1740 are
687 1709 774 1749 only
787 1709 941 1748 changes
959 1710 997 1738 in
1011 1709 1113 1739 those
1128 1707 1164 1737 of
1175 1707 1298 1737 March
1314 1716 1395 1744 1521
1414 1707 1478 1746 (β),
1494 1706 1577 1746 May
1592 1716 1682 1746 1522,
1700 1710 1820 1738 octavo
1832 1707 1898 1748 (7).

295 1753 366 1783 and
388 1763 470 1792 1523
487 1754 545 1793 (δ).
585 1753 629 1784 In
650 1763 732 1792 1532
749 1753 821 1784 and
839 1752 886 1782 all
902 1753 964 1783 the
982 1751 1138 1782 editions
1154 1751 1234 1781 that
1248 1750 1380 1789 follow,
1396 1750 1469 1781 this
1482 1750 1618 1790 preface
1636 1760 1708 1781 was
1725 1751 1876 1781 omitted
1892 1763 1898 1787 ;

295 1797 368 1827 and
394 1797 433 1827 in
465 1807 706 1836 consequence
731 1797 760 1827 it
784 1797 867 1827 does
890 1798 952 1827 not
976 1805 1106 1835 appear
1130 1795 1167 1824 in
1193 1795 1304 1825 Lond.
1329 1804 1368 1824 or
1391 1794 1460 1825 LB.
1509 1794 1576 1824 For
1599 1795 1661 1825 the
1686 1795 1856 1825 omission
1880 1795 1898 1825 Ι

295 1843 426 1871 cannot
443 1840 643 1880 conjecture
660 1850 733 1880 any
748 1849 886 1870 reason.
934 1839 1029 1879 Gigli
1043 1838 1126 1870 died
1143 1838 1282 1877 shortly
1298 1838 1389 1868 after
1403 1838 1477 1868 this
1489 1838 1626 1878 preface
1644 1848 1715 1868 was
1729 1839 1874 1869 written
1891 1850 1898 1877 3

295 1884 364 1915 and
391 1885 492 1915 there
516 1894 665 1924 appears
689 1887 725 1915 to
749 1884 840 1914 have
864 1884 954 1914 been
978 1893 1024 1913 no
1049 1883 1135 1913 such
1160 1882 1300 1922 ground
1324 1891 1362 1912 as
1386 1881 1444 1912 led
1468 1884 1504 1912 to
1530 1881 1592 1912 the
1617 1883 1845 1921 suppression
1863 1882 1902 1913 of

295 1930 359 1969 Ep·
376 1928 469 1969 956·]

344 2029 385 2058 R.
410 2029 448 2058 P.
480 2028 536 2058 AG
569 2027 612 2057 D.
634 2028 675 2057 D.
711 2026 966 2056 SYLVESTRO
999 2024 1213 2054 EPISCOPO
1243 2023 1590 2056 VVIGORNIENSI,
1624 2024 1845 2055 SERENISS.

427 2097 529 2127 ANG.
561 2096 693 2127 REGIS
725 2095 958 2125 PERPETVO
990 2094 1110 2123 APVD
1142 2094 1176 2122 S.
1201 2093 1244 2123 D.
1268 2094 1307 2122 N.
1336 2093 1522 2123 LEONEM
1554 2093 1769 2124 DECIMVM

697 2163 911 2204 ORATORI,
944 2162 1148 2192 ERASMVS
1179 2161 1368 2192 ROTERO.
1402 2162 1436 2191 S.
1459 2162 1501 2191 D.

350 2261 554 2298 MERETVR
583 2258 660 2296 hoc
689 2260 759 2296 tua
788 2257 919 2306 pietas
947 2269 991 2294 ac
1016 2255 1243 2304 singularis
1269 2254 1439 2304 quidam
1468 2268 1563 2304 erga
1593 2255 1722 2293 bonas
1752 2255 1895 2294 literas

295 2315 423 2361 fauor,
447 2313 709 2351 ornatissime
738 2311 927 2358 Pmesul,
948 2312 993 2348 vt
1020 2312 1139 2347 tuum
1168 2323 1322 2347 nomen
1349 2309 1540 2347 omnium
1567 2309 1737 2347 calamis
1763 2312 1895 2358 poste-

295 2369 411 2406 ritati
440 2368 775 2406 commendetur:
821 2378 905 2403 non
938 2364 1047 2414 quod
1080 2365 1151 2402 tua
1185 2363 1387 2401 modestia
1425 2362 1593 2401 laudem
1622 2363 1754 2401 vllam
1787 2364 1895 2413 apud

294 2423 485 2461 homines
508 2423 701 2468 moretur,
726 2421 797 2459 sed
818 2419 927 2469 quod
948 2418 1178 2467 complures
1205 2417 1435 2456 incitentur
1460 2418 1509 2456 ad
1537 2417 1713 2455 honesta
1743 2418 1890 2465 studia,

260 2496 274 2521 ς
295 2478 330 2515 si
365 2476 653 2526 conspexerint
692 2474 875 2524 egregios
910 2474 1021 2512 viros
1058 2485 1105 2510 ac
1138 2472 1188 2509 de
1226 2484 1308 2520 rep.
1343 2471 1579 2510 Christiana
1617 2471 1895 2510 benemeritos

258 2517 271 2526 υ
295 2544 379 2568 non
398 2529 582 2569 fraudari
603 2529 742 2579 gloria,
770 2542 855 2567 non
882 2527 1060 2576 expetita
1081 2526 1250 2575 quidem
1274 2526 1361 2573 illa,
1383 2526 1451 2563 sed
1478 2526 1555 2563 hoc
1582 2526 1717 2575 magis
1744 2526 1891 2564 debita.

295 2584 561 2623 Merebantur
594 2584 670 2621 hoc
706 2586 776 2621 tua
806 2583 849 2620 in
883 2595 950 2620 me
980 2580 1118 2624 officia,
1152 2583 1198 2618 vt
1232 2580 1348 2617 nulla
1382 2582 1487 2617 esset
1520 2580 1564 2618 in
1594 2580 1746 2617 nostris
1775 2580 1895 2618 libris

294 2640 443 2688 pagina
480 2651 581 2688 quae
621 2637 826 2687 Syluestri
863 2649 1015 2674 nomen
1054 2648 1138 2672 non
1178 2634 1359 2672 haberet.
1434 2634 1513 2672 Sed
1552 2634 1750 2672 hactenus
1789 2635 1893 2684 grati

294 2685 478 2731 hominis
499 2692 678 2730 officium
699 2704 794 2740 erga
815 2693 928 2728 tuam
955 2688 1276 2738 amplitudinem
1306 2690 1445 2737 optare
1474 2689 1606 2738 magis
1634 2688 1751 2726 licuit
1770 2701 1894 2738 quam

242 2765 280 2787 10
295 2748 510 2797 praestare.
552 2746 781 2784 Malueram
801 2746 940 2783 autem
959 2743 1169 2792 aliquanto
1184 2745 1390 2791 praestare
1405 2743 1548 2785 serius,
1565 2742 1687 2780 modo
1707 2741 1892 2791 plenius:

295 2815 405 2840 nunc
427 2800 621 2851 quoniam
642 2800 761 2838 video
781 2812 846 2837 me
870 2799 914 2837 in
935 2798 1021 2836 dies
1047 2796 1236 2846 pluribus
1264 2797 1383 2835 obrui
1410 2796 1600 2835 laborum
1633 2796 1828 2844 molibus,
1853 2799 1894 2835 et

341 2905 434 2936 1180.
455 2914 506 2943 23.
532 2904 575 2934 ad
589 2905 700 2940 postet
712 2914 775 2942 <172
799 2914 856 2934 om.
873 2905 906 2937 β.
999 2912 1047 2940 27.
1067 2913 1129 2941 ay:
1157 2902 1330 2941 possimus
1340 2901 1387 2935 [32.
1477 2911 1528 2940 35.
1547 2911 1593 2931 xv
1606 2912 1644 2930 a:
1674 2902 1742 2934 11β
1758 2912 1763 2930 ;
1793 2901 1891 2938 Χνίγ.

536 3024 630 3055 1181.
659 3034 685 3062 7.
715 3023 841 3064 officia]
860 3024 910 3054 Cf.
930 3024 1015 3063 Epp.
1032 3033 1094 3062 447
1114 3023 1260 3062 int1·od.‚
1278 3032 1350 3062 521,
1371 3023 1446 3061 567,
1463 3025 1538 3062 649,
1562 3032 1653 3061 1079.
