1990 3353
68 152 192 206 1066]
520 152 590 191 ΤΟ
628 151 896 190 WILLIAM
934 152 1207 190 BUDAEUs
1595 154 1671 192 189

66 262 210 302 haberi
230 262 457 312 cupiebam,
480 274 565 299 non
584 261 756 310 perinde
776 261 921 300 volens
940 261 1050 300 cedo.
1110 261 1191 300 Sed
1212 264 1355 300 tamen
1381 261 1489 300 hanc
1510 276 1674 313 quoque

66 316 277 355 violentus
297 318 528 366 extorques,
553 316 653 354 adeo
675 329 882 384 nusquam
902 329 989 354 non
1009 315 1196 355 inuictus
1216 329 1270 363 05,
1293 317 1320 353 ὦ
1340 316 1529 368 γεννάδας.
1695 335 1733 367 25

121 372 184 409 AC
213 372 369 408 caetera
397 369 567 420 quidem
595 370 722 408 etlam
751 369 775 419 ὴ
803 371 980 422 ὁμολογῶ
1009 369 1033 420 ἢ
1060 374 1244 422 συγχωρῶ
1278 388 1342 408 σοι
1379 372 1426 411 ὡς
1460 374 1581 411 καλῶς
1615 372 1675 409 καὶ

67 426 213 465 δικαίως
246 425 439 476 λεχθέντα.
497 426 616 463 Τοῦτο
644 425 760 474 μόνοι
785 425 916 474 ἐξαίρω
945 425 965 462 ὃ
993 426 1152 476 γράφεις
1175 428 1213 463 ἐν
1234 428 1282 475 τῇ
1309 425 1459 476 δευτέρᾳ
1488 427 1676 476 ἐπιστολη

66 480 151 529 περὶ
176 497 241 517 του
262 481 462 528 Δηλοϊνοῦ,
485 481 527 517 οὐ
555 480 629 530 ’γὰρ
649 478 715 517 οἶδ
734 479 832 519 ὅπως
856 480 1024 530 περαίνῃ,
1044 479 1100 518 ὅτι
1127 481 1192 517 οὐκ
1213 479 1413 529 “ἠδύνασο
1434 480 1675 529 φιλοκόλακα

68 536 309 572 ἀποκαλεῖν’
293 535 368 584 εμέ,
392 551 445 584 μη
475 534 559 584 οὐχι
588 534 696 574 αὐτὸς
722 536 856 572 τοῦτον
881 536 1082 572 ἀποκαλῶν
1106 535 1250 572 κόλακα
1265 534 1295 572 ’.
1351 536 1406 572 Εἴ
1401 538 1519 584 φημα
1547 535 1674 583 φώνει,

69 588 237 628 Βουδαῖε·
269 589 366 638 ἱερὸν
384 590 457 640 γὰρ
477 588 500 637 ἡ
520 588 643 636 φιλία,
665 590 707 626 οὐ
728 589 832 638 θέμις
851 590 898 626 τὰ
916 589 1071 638 ἀκίνητα
1091 592 1213 628 κινεῖν.
1258 591 1341 640 Οὐχ
1365 590 1479 630 οὕτως
1498 590 1676 639 μαίνομαι
1696 605 1737 636 30

68 644 167 682 ὥστε
196 644 280 692 περὶ
309 643 439 692 ἀνδρὸς
459 643 628 681 τοιούτου
656 643 780 680 τοιάδε
808 644 951 694 γράψαι
978 645 1027 693 μὲ
1055 642 1078 693 ἦ
1105 646 1250 692 νοῆσαι.
1310 643 1453 694 Relegi
1475 644 1676 683 Graecam

69 698 188 736 illam
217 710 354 736 meam
385 697 633 747 epistolam;
672 696 781 735 nihil
810 697 900 736 11110
929 697 1052 736 video
1084 698 1193 736 vnde
1226 698 1356 748 possit
1391 698 1531 748 colligi
1565 699 1674 749 quod

69 751 141 799 ais,
176 754 285 790 certe
313 751 430 790 nulla
460 751 656 800 cogitatio
684 752 819 802 magis
846 751 980 790 abfuit
1008 752 1060 791 ab
1087 753 1230 791 animo
1263 766 1367 791 meo.
1426 753 1533 801 Quid
1562 754 1677 791 enim

69 805 204 845 obfuit
235 819 315 855 quo
354 806 498 844 minus
535 807 575 844 et
614 805 832 855 φιλοκόλαξ
866 807 958 854 sim,
996 809 1037 845 et
1076 810 1219 845 tamen
1253 807 1465 845 neminem
1499 807 1676 846 habeam

71 861 351 899 κολακεύοινι-αἶ>
390 860 572 898 Proinde
593 860 782 909 demiror,
806 860 866 899 mi
887 860 1063 909 Budaee,
1081 862 1151 910 qui
1169 861 1245 899 tibi
1263 861 1401 900 isthuc
1421 862 1465 899 in
1487 862 1678 900 animum
1697 877 1735 909 35

70 915 275 954 inciderit.
337 915 479 964 Neque
508 914 544 952 si
573 928 676 964 quos
704 915 894 962 habeam,
924 915 1122 954 continuo
1152 929 1317 954 necesse
1350 916 1406 954 sit
1436 916 1560 955 illum
1590 929 1678 955 esse

70 970 114 1008 in
136 983 259 1019 quem
280 969 522 1007 huiusmodi
546 969 730 1018 suspicio
750 969 865 1008 nullo
886 972 1006 1019 pacto
1026 970 1167 1008 cadere
1187 971 1329 1020 possit.

125 1025 183 1062 At
203 1024 313 1074 quod
335 1023 378 1061 in
399 1023 533 1062 literis
558 1024 609 1062 ad
632 1023 901 1063 Tunstallum
930 1025 1015 1062 tuis
1043 1025 1370 1075 strophologiam
1397 1025 1563 1064 subesse
1594 1038 1677 1063 non

72 1091 209 1127 negas,
244 1079 369 1127 atque
399 1079 514 1116 idem
547 1078 592 1116 in
623 1092 691 1116 me
722 1082 946 1128 retorques,
983 1079 1083 1129 quid
1118 1084 1164 1117 tu
1195 1080 1301 1118 velis
1339 1093 1560 1129 agnoscere
1591 1080 1679 1130 ipse

70 1132 246 1170 videris:
292 1146 366 1181 ego
400 1146 484 1170 non
514 1132 630 1182 prius
660 1133 709 1171 de
742 1146 809 1170 me
837 1133 1000 1172 fatebor
1028 1147 1154 1183 quam
1185 1134 1403 1184 quisquam
1437 1134 1679 1173 mortalium
1698 1150 1742 1181 40

72 1187 301 1236 reperiatur
333 1187 404 1236 qui
434 1187 502 1225 vel
536 1187 581 1225 in
614 1187 841 1225 liberrimis
874 1187 960 1225 illis
993 1188 1220 1238 colloquiis,
1253 1189 1405 1238 quibus
1443 1189 1551 1239 apud
1588 1202 1680 1227 con-

72 1254 266 1290 gerrones
300 1241 493 1291 quicquid
531 1241 575 1279 in
609 1242 781 1280 buccam
812 1243 974 1280 venerit
1011 1243 1236 1290 effutimus,
1270 1243 1338 1281 vel
1376 1243 1486 1281 inter
1518 1243 1676 1294 pocula,

72 1309 168 1333 cum
203 1296 440 1345 frequenter
473 1297 514 1333 et
549 1296 723 1334 dicenda
761 1298 802 1334 et
840 1310 923 1335 non
964 1297 1139 1335 dicenda
1176 1300 1467 1347 prorumpunt,
1502 1297 1679 1336 audierit

72 1349 298 1388 Erasmum
318 1363 435 1388 secus
461 1350 700 1400 loquentem
720 1351 769 1388 de
798 1351 964 1389 Budaeo
984 1365 1109 1401 quam
1136 1351 1347 1401 scripserit
1362 1367 1371 1399 ς
1401 1355 1473 1390 aut
1499 1352 1535 1390 si
1555 1365 1680 1402 quen-

74 1417 198 1454 quam
221 1404 403 1442 amicum
423 1418 569 1454 passus
590 1418 684 1443 sum
704 1418 902 1454 vnquam,
926 1419 1011 1444 non
1038 1406 1174 1444 dicam
1196 1406 1499 1445 obtrectantem
1520 1407 1680 1445 Budaei
1700 1420 1740 1451 45

73 1458 237 1509 gloriae,
260 1459 331 1497 sed
352 1459 450 1497 111110
470 1461 716 1509 aequantem
742 1462 814 1498 aut
840 1460 1142 1509 praeferentem
1168 1474 1245 1507 me,
1268 1461 1335 1499 cui
1358 1474 1443 1499 non
1469 1461 1618 1500 acriter
1636 1474 1680 1499 ac

74 1513 179 1551 serio
200 1514 477 1562 repugnarim.

130 1567 221 1606 Iam
244 1581 340 1605 vero
360 1568 497 1606 nescio
518 1569 666 1618 quanti
686 1568 742 1606 sit
760 1569 868 1618 apud
889 1571 930 1607 te
954 1569 1158 1619 interpres
1183 1569 1254 1607 ille
1282 1570 1464 1608 nimium
1486 1570 1682 1620 ὀξυδερκὴς

73 1622 299 1670 Ἰταλιώτης,
323 1622 394 1671 qui
424 1622 500 1660 tibi
528 1636 602 1660 ceu
632 1636 778 1672 parum
806 1624 970 1662 oculato
996 1625 1346 1662 commonstrauit
1368 1625 1570 1674 quaedam
1596 1639 1682 1663 non

76 1676 322 1725 simpliciter
342 1691 365 1715 a
384 1690 451 1714 me
472 1677 634 1726 scripta.
675 1677 802 1727 Apud
823 1691 889 1715 me
908 1680 1019 1716 certe
1039 1678 1194 1717 talibus
1214 1678 1360 1717 officiis
1381 1679 1524 1717 nullus
1543 1679 1683 1717 inierit
1703 1696 1745 1729 50

75 1731 263 1781 gratiam.
324 1731 540 1778 Quomodo
561 1731 639 1770 tibi
664 1732 906 1770 successerit
934 1733 1151 1782 expeditio,
1177 1734 1531 1795 quemadmodum
1550 1747 1681 1796 voc-as,

74 1785 219 1832 aulica,
241 1785 394 1834 paitim
415 1799 465 1824 ex
485 1785 568 1823 tuis
588 1786 638 1824 ad
659 1785 920 1825 Lodouieum
934 1787 1088 1824 Viuem
1107 1787 1241 1826 literis
1260 1787 1458 1835 intellexi,
1480 1788 1608 1826 nimir
1612 1802 1683 1826 um

75 1840 176 1878 adeo
206 1840 405 1887 venustis,
438 1840 539 1878 adeo
574 1840 715 1880 doctis
749 1841 848 1878 adeo
882 1842 1116 1892 πανταχόθεν
1144 1842 1345 1887 felicibus
1380 1845 1424 1881 vt
1455 1842 1581 1881 homo
1612 1842 1684 1881 vix

76 1893 267 1932 hostibus
296 1894 482 1932 inuidere
510 1894 661 1933 solitus
683 1884 908 1933 inuiderim
936 1896 1101 1934 homini
1131 1910 1225 1934 cum
1255 1897 1405 1946 primis
1434 1897 1579 1936 amico.
1639 1898 1684 1935 Is

77 1961 188 1986 nunc
217 1949 430 1996 declamat,
453 1950 524 1987 sed
554 1950 613 1987 ita
643 1963 711 1987 me
739 1950 852 1988 Deus
882 1952 1001 1997 amet
1025 1950 1260 1989 incredibili
1289 1951 1499 1989 felicitate.
1559 1951 1684 1990 Dices
1705 1963 1744 1995 55

78 2015 167 2040 rem
189 2016 262 2040 nec
290 2003 402 2041 111500
429 2003 668 2053 regionibus
694 2017 767 2041 nec
794 2004 871 2042 1100
897 1981 1036 2043 5001110
1063 2007 1205 2043 natam
1232 2018 1347 2053 055ος
1378 2019 1452 2044 1100
1478 2006 1682 2044 ludicram

78 2059 149 2095 aut
170 2057 445 2095 vmbraticam
475 2071 563 2096 esse
586 2071 782 2108 pugnam,
809 2059 880 2096 sed
901 2073 1043 2098 veram
1072 2073 1117 2097 ac
1147 2060 1310 2097 seriam.
1371 2060 1546 2109 Ingenio
1577 2060 1684 2098 mihi

79 2124 242 2160 semper
270 2111 480 2160 satisfecit,
502 2112 547 2150 in
576 2112 718 2162 phrasi
741 2113 1026 2152 desiderabam
1056 2113 1194 2152 nescio
1215 2114 1312 2163 quid
1343 2114 1556 2164 aliquanto
1585 2114 1685 2152 mol-

80 2165 172 2203 lius.
233 2165 353 2204 Nunc
373 2165 431 2204 ita
451 2180 649 2205 numeros
670 2180 816 2205 omnes
836 2170 1017 2216 praestat
1037 2170 1082 2206 vt
1103 2181 1187 2205 non
1207 2168 1373 2206 videam
1401 2168 1467 2206 his
1494 2170 1686 2218 tempori-

80 2219 157 2258 bus
178 2219 248 2269 qui
268 2220 312 2258 in
334 2220 409 2258 hac
429 2221 630 2270 palaestra
650 2224 773 2270 queat
800 2221 865 2259 illi
893 2222 1078 2271 palmam
1106 2223 1347 2271 praeripere,
1370 2236 1467 2272 pace
1494 2223 1685 2262 omnium
1704 2234 1747 2264 60

80 2273 268 2312 dixerim.
312 2275 511 2314 Graecam
525 2275 641 2313 illam
658 2279 776 2314 tuam
791 2276 1011 2326 epistolam
1026 2290 1151 2326 quam
1165 2277 1381 2326 polliceris,
1401 2291 1484 2315 non
1497 2278 1686 2316 desinam

80 2328 304 2377 efflagitare
325 2329 452 2367 donec
473 2342 722 2379 expressero.

136 2383 339 2420 Fabulam
370 2396 495 2433 quam
530 2384 598 2422 hic
633 2384 723 2422 sine
755 2384 839 2422 fine
873 2386 1005 2434 agunt
1043 2384 1246 2423 coniurati
1281 2385 1453 2435 quidam
1491 2387 1688 2425 aduersus

81 2437 280 2487 trilingue
300 2437 521 2487 collegium
544 2440 584 2477 et
603 2439 818 2477 vniuersas
843 2439 972 2477 bonas
998 2439 1151 2486 literas,
1173 2442 1212 2477 et
1244 2441 1371 2489 pudet
1399 2441 1440 2478 et
1466 2441 1577 2490 piget
1609 2441 1687 2479 tibi

82 2490 267 2538 Scribere,
310 2492 370 2529 mi
408 2492 586 2530 Budaee.
647 2492 692 2530 Si
725 2493 824 2543 quid
864 2493 1104 2532 huiusmodi
1144 2496 1291 2532 natum
1324 2495 1471 2533 fuisset
1505 2496 1550 2532 in
1587 2495 1687 2533 vrbe
1707 2505 1746 2545 65

127 2627 178 2657 25.
204 2617 356 2657 ’γεννάδης
374 2622 407 2650 F.
557 2630 610 2658 40.
636 2621 829 2660 quisquam
846 2623 891 2652 F:
917 2621 1097 2660 quispiam
1115 2623 1157 2652 II.
1305 2631 1356 2660 45.
1385 2632 1465 2653 sum
1482 2625 1532 2653 F:
1556 2623 1625 2653 sim
1643 2625 1684 2653 H.

82 2663 135 2700 63.
160 2671 266 2700 quum
282 2664 331 2692 F:
355 2672 424 2701 qua
442 2665 481 2694 N.
615 2664 667 2703 65.
695 2666 821 2695 natum
839 2665 1045 2695 huiusmodi
1062 2667 1103 2694 N.

129 2788 182 2817 27.
207 2777 224 2808 ὃ
241 2778 388 2821 γράφεις]
405 2779 469 2818 Ep.
494 2788 586 2818 1015.
609 2782 725 2820 103—6.
965 2790 1016 2819 52.
1042 2780 1271 2821 lit‹:1·is]BE.⁴
1287 2792 1340 2821 43,
1360 2792 1399 2822 19
1412 2782 1500 2822 Aug.
1522 2792 1624 2822 1519;
1651 2783 1687 2812 in

129 2831 182 2860 32.
208 2822 412 2863 epistolam]
433 2823 496 2863 Ep.
522 2833 614 2862 1004.
920 2825 1040 2855 which
1064 2824 1232 2855 Budaeus
1256 2835 1439 2866 expresses
1463 2827 1521 2857 his
1550 2827 1682 2866 disgusi

130 2865 183 2904 38.
208 2865 253 2896 ad
266 2865 512 2907 Tunstallum]
522 2867 575 2898 Cf.
590 2867 652 2906 Ep.
671 2877 762 2906 1015.
779 2877 849 2906 1-3.
921 2869 1011 2898 with
1030 2868 1140 2899 Court
1159 2868 1221 2899 life
1237 2870 1309 2900 and
1330 2869 1387 2901 his
1411 2870 1558 2909 longing
1580 2872 1616 2900 to
1638 2880 1689 2899 1¹⁴·-

131 2919 183 2948 49.
210 2908 412 2950 Ἰταλιώτης]
430 2910 601 2941 Erasmus
624 2912 653 2940 is
670 2911 753 2941 herc
771 2921 852 2941 con-
923 2914 1008 2942 turn
1027 2914 1063 2942 to
1080 2911 1141 2942 the
1158 2914 1320 2952 country.

89 2951 208 2992 fusing
234 2952 400 2992 together
425 2953 486 2984 the
513 2955 584 2984 two
611 2954 733 2985 letters
758 2964 855 2985 men·
966 2964 1018 2994 55.
1044 2955 1238 2995 declamat]
1258 2957 1309 2987 Cf.
1329 2957 1392 2996 Ep.
1414 2958 1507 2988 1082.
1525 2966 1643 2995 24-45.

90 2995 213 3027 tioned
232 2996 268 3026 in
287 2997 352 3035 Ep.
373 3005 465 3035 1015.
486 3007 607 3035 4‚9nn.
967 3000 1019 3030 61.
1047 2999 1242 3040 polliceris]
1263 3001 1324 3039 Ep.
1348 3011 1442 3039 1015.
1464 3002 1535 3031 162.

133 3049 186 3078 51.
213 3039 410 3090 expeditio]
428 3040 479 3072 Cf.
502 3040 566 3081 Ep.
589 3050 681 3081 1015.
703 3042 774 3081 163.
967 3043 1021 3081 63.
1048 3042 1236 3084 Fabulam]
1255 3044 1319 3075 Scc
1338 3044 1424 3084 Epp.
1450 3045 1541 3083 1046,
1565 3052 1657 3082 1057.
