1990 3353
243 99 320 137 624
825 94 1131 135 APPENDIX
1170 93 1251 132 XV

244 208 324 247 lexi
340 208 390 246 ab
411 207 623 245 communi
643 206 775 244 amico
797 205 996 254 suspicari
1015 205 1238 242 Erasmum
1259 203 1414 253 aliquid
1437 216 1501 240 me
1522 201 1699 239 monstri
1718 201 1837 250 alere,

247 263 317 312 qui
345 262 500 300 librum
531 260 699 310 quidem
728 259 982 305 adduxerim,
1005 259 1075 296 sed
1107 258 1288 308 cuipiam
1317 257 1457 307 potius
1485 270 1533 294 ex
1565 256 1650 293 suis
1677 256 1838 295 emulis.

183 330 223 361 45
243 317 340 355 Laei
367 315 609 360 fautoribus,
642 314 800 352 tradere
830 313 1061 358 maluerim,
1083 315 1154 351 aut
1184 314 1292 350 certe
1320 311 1632 361 supprimerem,
1656 323 1738 359 quo
1762 310 1842 348 sibi

243 371 384 409 minus
402 370 543 408 liceret
562 369 809 420 ἇπολογίζειν.

298 424 449 463 Paucis
468 425 560 473 post
579 422 807 461 interiectis
828 421 983 468 diebus,
1007 421 1058 460 ad
1078 433 1222 459 cenam
1243 420 1293 458 ab
1314 421 1488 458 Erasmo
1506 419 1722 467 inuitatus,
1746 432 1840 457 cum

246 493 313 517 me
346 479 397 517 ab
430 479 507 516 hac
539 478 768 527 suspitione
801 489 1054 526 purgassem.
1091 475 1149 513 ibi
1182 477 1276 513 tum
1304 474 1374 512 ille
1409 473 1556 523 incipit
1595 475 1643 513 de
1681 474 1842 523 integro

246 535 424 583 priorem
459 532 735 581 suspitionem
768 544 910 580 vrgere
943 530 992 568 de
1027 529 1284 568 dissimulata
1312 542 1336 567 a
1366 530 1407 566 te
1439 527 1616 567 secunda
1649 526 1838 567 editione.

188 606 228 637 50
247 587 341 626 Non
362 600 449 626 esse
462 586 689 625 verisimile
702 586 804 635 quin
825 597 929 634 quae
940 586 987 622 tu
1003 587 1098 622 ante
1114 583 1337 622 secundam
1355 582 1580 621 editionem
1597 582 1839 632 scripsisses,

246 643 381 680 multo
407 641 586 679 fuissent
614 643 709 679 ante
738 641 784 678 in
809 639 946 677 lucem
972 639 1186 688 proditura
1211 651 1336 687 quam
1359 637 1614 686 prodierint3
1647 636 1842 685 delegisse

246 700 287 734 te
315 696 457 735 sedulo
486 695 530 733 in
559 695 666 745 quod
695 693 916 744 spatiosius
944 692 1212 731 inuehereriS.
1273 692 1339 730 Ita
1363 691 1519 729 factum
1546 691 1595 728 ab
1625 691 1756 729 Laeo:
1786 690 1843 728 ita

246 751 376 789 solere
396 750 446 788 ab
462 750 515 788 iis
531 750 619 787 fieri
640 750 711 799 qui
728 761 850 787 ansas
864 747 1147 786 calumniandi
1157 745 1432 795 vndecunque
1447 745 1712 795 conquirunt.
1754 744 1843 792 Quo

246 805 462 843 hominem
499 804 691 854 scrupulo
731 804 830 841 dum
873 802 1012 845 libero,
1053 801 1225 850 exposui
1261 800 1387 838 fuisse
1426 813 1494 837 me
1530 801 1680 837 testem
1717 812 1843 848 prope

187 876 226 907 55
247 860 471 904 oculatum,
495 872 590 896 cum
618 858 801 907 primum
829 856 954 895 editio
977 856 1049 894 illa
1075 856 1208 905 prima
1234 855 1360 893 fuerit
1385 853 1431 892 in
1451 853 1657 903 Hispania
1677 853 1776 899 visa,
1799 854 1844 890 in

244 927 336 952 eam
357 916 399 952 te
419 913 573 962 cepisse
593 913 766 950 scribere
787 925 795 958 3
826 924 872 949 ac
891 911 1047 948 librum
1066 910 1150 948 iam
1166 909 1503 948 Annotationum
1524 921 1618 946 cum
1638 920 1746 946 esses
1767 907 1844 945 sub

245 969 414 1007 nomine
435 966 772 1005 reuerendissimi
787 965 947 1003 domini
960 963 1200 1010 Cardinalis,
1217 963 1451 1002 communis
1466 962 1639 1012 patroni,
1659 962 1845 1012 inuulga-

247 1024 376 1070 turus,
400 1021 665 1060 admonitum
684 1024 725 1058 te
745 1020 895 1058 blande
915 1033 937 1057 a
957 1019 1046 1057 viro
1066 1018 1256 1067 relig10so
1275 1020 1317 1055 et
1337 1018 1527 1055 omnium
1548 1017 1663 1054 iuxta
1687 1016 1844 1054 studio—

248 1090 388 1115 sorum
410 1076 584 1114 candido
609 1076 768 1113 fautore
794 1074 931 1120 fuisse,
954 1073 1207 1122 significares
1227 1072 1366 1122 potius
1387 1072 1558 1109 Erasmo
1585 1084 1659 1119 per
1684 1069 1845 1108 litteras

188 1135 229 1167 60
247 1134 382 1169 errata
411 1144 511 1180 quae
542 1129 880 1179 deprehendisses
908 1141 1032 1177 quam
1061 1127 1315 1165 inuectiuam
1348 1127 1392 1164 in
1423 1139 1518 1164 eum
1553 1125 1839 1163 conscriberes.

247 1185 375 1224 Cuius
405 1188 452 1223 tu
482 1185 583 1222 dum
604 1183 810 1222 voluntati
828 1184 1060 1232 (suppressa
1084 1182 1134 1220 ad
1164 1181 1322 1231 aliquot
1351 1180 1438 1219 dies
1466 1180 1663 1222 editione]
1684 1192 1843 1217 morem

249 1241 367 1290 geris,
391 1239 523 1278 serius
542 1238 756 1288 aliquanto
776 1237 952 1276 edidisse
971 1250 980 1274 :
1012 1237 1117 1286 quod
1145 1236 1216 1274 diu
1236 1237 1330 1274 ante
1351 1247 1577 1284 paraueras.
1637 1234 1761 1272 Visus
1782 1235 1843 1271 est

248 1294 353 1332 mihi
380 1294 597 1331 πείθεσθαιε
629 1306 805 1341 cumque
833 1292 888 1329 ibi
920 1304 993 1340 ego
1024 1291 1282 1340 prouinciam
1311 1290 1417 1327 mihi
1446 1289 1644 1338 cepissem
1674 1287 1845 1326 curandi

245 1349 401 1387 librum
418 1349 468 1386 ad
489 1347 613 1386 illum
632 1361 682 1385 ex
703 1346 907 1395 Hispania
926 1344 1156 1394 perferendi
1175 1344 1349 1394 digressi
1368 1356 1524 1381 sumus.

186 1413 228 1454 65
301 1403 508 1441 Profectio
527 1403 623 1440 inde
645 1401 786 1440 euenit
805 1400 912 1438 mihi
931 1401 975 1438 in
996 1399 1276 1438 Germaniam.
1336 1398 1457 1436 Vnde
1472 1400 1566 1446 post
1581 1396 1735 1435 multas
1755 1395 1844 1434 dies

248 1471 448 1497 reuersus,
471 1456 660 1505 intelligo
682 1456 919 1505 peruenisse
932 1454 980 1492 ad
995 1455 1228 1500 Erasmum,
1251 1454 1339 1491 siue
1359 1452 1482 1490 amici
1502 1451 1616 1490 illius
1635 1451 1844 1499 Flamingi

247 1513 335 1551 siue
356 1512 587 1561 cuiuspiam
607 1511 778 1548 alterius
794 1523 926 1558 opera,
946 1508 1127 1546 codicem
1142 1507 1480 1546 Annotationum
1496 1508 1672 1544 tuarum.
1724 1504 1844 1543 Cum—

249 1580 327 1616 que
347 1567 480 1604 multo
502 1566 584 1603 iam
604 1567 789 1614 tempore
810 1564 1023 1602 hominem
1044 1576 1127 1600 non
1146 1562 1359 1609 vidissem,
1377 1560 1577 1610 proximis
1594 1559 1738 1598 diebus
1755 1572 1843 1597 con-

250 1621 378 1670 spicio
401 1634 498 1659 eum
523 1619 699 1657 Louanii
724 1618 1006 1667 calcographis
1029 1617 1264 1655 tradentem
1285 1615 1535 1665 Apologiam
1556 1615 1661 1652 hanc
1683 1613 1815 1663 ipsam
1835 1628 1843 1658 ;

191 1688 231 1721 70
252 1688 375 1725 quam
395 1688 444 1712 ex
464 1675 552 1724 ipso
572 1674 714 1711 statim
734 1673 871 1722 praelo
891 1671 1148 1720 redemptam
1164 1671 1215 1708 ad
1236 1673 1276 1708 te
1289 1671 1423 1708 mitto.
1470 1670 1576 1717 Tum
1592 1670 1758 1718 rogatus
1774 1681 1845 1706 cur

254 1743 336 1768 vna
347 1729 655 1768 Annotationes
668 1730 760 1765 tuas
772 1740 857 1765 non
871 1726 1123 1775 adiungeret,
1140 1726 1247 1774 quod
1263 1726 1413 1763 fecerat
1426 1724 1469 1762 in
1483 1722 1689 1773 Apologia
1703 1725 1845 1760 contra

252 1783 496 1822 Leum—sic
517 1782 629 1820 enim
650 1781 801 1820 melius
818 1794 906 1818 rem
925 1779 1112 1828 transigi,
1136 1779 1172 1817 si
1195 1779 1272 1817 sub
1295 1778 1498 1817 lectorum
1524 1777 1655 1815 oculis
1681 1776 1843 1815 iuditio-

254 1852 332 1888 que
352 1842 392 1876 et
412 1837 640 1875 accusantis
661 1838 701 1874 et
722 1834 982 1873 defendentis
1001 1836 1245 1883 argumenta
1264 1833 1606 1871 subiiciantur——.
1632 1830 1845 1880 respondit

248 1893 347 1931 satis
366 1906 439 1942 per
462 1896 502 1929 te
520 1891 710 1940 vulgatas
731 1890 1036 1928 Annotationes
1064 1891 1165 1934 tuas,
1189 1901 1274 1926 non
1301 1901 1418 1937 egere
1445 1886 1622 1924 secunda
1648 1886 1839 1924 editione.

191 1966 228 1998 75
248 1948 434 1993 Addidit,
470 1946 723 1984 intellexisse
754 1957 803 1982 ex
836 1944 970 1982 literis
1001 1944 1051 1981 ad
1085 1956 1126 1981 se
1159 1941 1371 1981 Bombasii
1405 1942 1619 1980 cuiusdam
1652 1939 1840 1978 Romani.

249 2002 424 2040 edixisse
463 2001 541 2038 tibi
586 1999 766 2038 Leonem
808 1998 930 2036 Pont.
978 1997 1099 2045 Max.,
1144 1996 1487 2045 interdixisseque
1530 2008 1581 2033 ne
1624 1994 1844 2032 Erasmum

251 2056 467 2095 Erasmiue
505 2054 708 2092 editiones
746 2053 855 2091 Noui
894 2051 1151 2091 Testamenti
1188 2051 1420 2097 incesseres,
1457 2062 1559 2099 quas
1596 2049 1683 2098 ipse
1723 2048 1846 2086 modo

251 2111 412 2148 decreto
431 2108 704 2158 approbasset.

304 2164 419 2202 Haec
457 2165 557 2201 sunt
591 2176 693 2212 quae
728 2162 773 2199 in
792 2173 880 2199 rem
909 2163 1025 2198 tuam
1062 2173 1150 2198 esse
1184 2159 1329 2209 putaui
1355 2160 1401 2197 vt
1434 2158 1568 2196 scires.
1626 2157 1843 2196 Caeterum

190 2233 230 2263 30
250 2219 458 2265 Erasmus,
482 2220 687 2267 quantum
707 2216 812 2254 mihi
832 2216 1047 2253 hominem
1066 2214 1298 2264 prospicere
1323 2213 1454 2261 datur,
1479 2212 1545 2251 vir
1564 2214 1626 2250 est
1646 2211 1846 2249 acerrimo

252 2273 418 2322 ingenio
452 2272 695 2321 iuditioque,
736 2269 1046 2320 expeditissima
1083 2268 1279 2307 facilitate
1316 2270 1357 2305 et
1409 2280 1487 2317 qua
1530 2278 1844 2315 nonnumquam

252 2328 434 2366 nimium
460 2327 590 2364 fretus
615 2325 747 2364 videri
774 2324 904 2373 possit
927 2323 1169 2362 emittendis
1199 2322 1488 2361 tumultuariis
1513 2323 1552 2359 et
1577 2333 1723 2370 parum
1755 2332 1844 2357 con-

251 2382 376 2420 coctis
394 2380 847 2419 editionibus—verum
869 2378 917 2416 de
939 2378 1015 2416 hoc
1036 2377 1310 2415 eruditiorum
1325 2378 1411 2414 esto
1426 2375 1649 2414 iudicium:
1679 2373 1729 2412 ad
1745 2374 1845 2412 haec

255 2436 389 2474 studio
428 2434 634 2473 indefesso
671 2446 716 2472 ac
752 2446 880 2483 prope
918 2432 1134 2471 immenso.
1206 2432 1334 2469 Fama
1378 2430 1532 2468 fruitur
1570 2430 1725 2479 quanta
1759 2441 1843 2466 non

192 2505 230 2545 85
254 2492 408 2528 temere
429 2501 676 2539 quemquam
696 2487 842 2526 multis
863 2488 971 2524 retro
991 2486 1139 2525 seculis
1158 2486 1371 2524 viuentem
1391 2484 1567 2522 fruitum
1585 2482 1839 2521 crediderim.

252 2544 305 2582 In
327 2545 459 2582 multa
474 2543 688 2581 doctorum
704 2542 889 2580 virorum
902 2541 1018 2590 copia
1030 2553 1132 2590 quos
1144 2542 1186 2578 et
1199 2539 1424 2578 Germania
1434 2538 1588 2588 passim
1603 2537 1844 2586 Belgicaque

253 2601 293 2635 et
336 2597 552 2636 Britannia
596 2597 720 2637 fouet,
760 2609 868 2634 vnus
908 2596 1106 2633 Erasmus
1149 2594 1380 2644 suspicitur,
1427 2593 1588 2638 colitur,
1637 2592 1842 2638 adoratur,

255 2653 444 2690 certatim
468 2652 512 2689 in
531 2650 692 2689 coelum
713 2652 868 2696 fertur3
899 2652 939 2688 et
959 2662 1054 2688 cum
1074 2649 1155 2699 ipsi
1176 2660 1477 2698 nonnunquam
1496 2647 1604 2685 inter
1625 2659 1666 2684 se
1686 2645 1844 2684 mutuis

259 2707 319 2754 (vt
335 2706 398 2755 fit)
417 2705 505 2745 stili
524 2705 769 2743 vulneribus
788 2704 1067 2750 conficiantur,
1086 2704 1199 2742 solus
1215 2703 1421 2747 Erasmus,
1441 2701 1508 2745 ἔξω
1528 2701 1667 2749 βέλους
1685 2700 1844 2750 positus

193 2778 234 2809 90
257 2763 298 2799 et
326 2759 458 2798 veluti
495 2760 540 2797 in
573 2760 782 2797 orchestra
818 2758 976 2806 sedens,
1015 2757 1262 2808 gladiatores
1299 2755 1614 2805 contemplatur,
1650 2753 1843 2792 laudibus

252 2814 446 2864 vtrinque
476 2814 703 2863 faustisque
731 2813 1098 2851 acclamationibus
1128 2813 1333 2850 oneratus,
1394 2810 1526 2848 Nemo
1559 2810 1641 2848 iam
1674 2807 1840 2853 librum,

254 2882 376 2907 nemo
406 2867 645 2915 orationem,
674 2881 796 2906 nemo
824 2866 1030 2917 pagellam
1055 2867 1100 2905 in
1126 2865 1341 2915 publicum
1365 2865 1462 2912 edit,
1493 2864 1562 2914 qui
1588 2876 1671 2901 non
1700 2861 1843 2901 statim

255 2925 416 2972 captata
444 2921 652 2961 occasione
682 2921 846 2960 Erasmi
872 2934 1034 2966 nomen,
1059 2923 1100 2959 et
1124 2920 1291 2969 quidem
1324 2919 1456 2957 literis
1482 2916 1722 2957 maiusculis
1752 2928 1843 2954 con-

252 2978 467 3027 scriptum,
496 2976 702 3015 adiunctis
727 2976 1035 3014 honestissimis
1057 2974 1215 3024 elogiis,
1237 2973 1368 3012 veluti
1394 2972 1679 3023 impetrandae
1697 2970 1842 3009 veniae
