1990 3353
112 109 234 163 ¹250]
589 113 660 151 TO
700 114 955 152 ANDREW
993 115 1229 154 ALCIATI
1626 117 1704 154 613

108 222 239 271 gratia
259 223 391 272 magis
411 223 584 261 auebam
605 224 718 262 adire
740 224 1036 272 Mediolanum,
1059 224 1104 262 ni
1124 224 1300 263 stolidus
1325 225 1489 263 Mauors
1517 224 1706 263 tumultu

111 288 264 314 vesano
283 276 477 316 misceret
496 278 648 316 omnia.
710 278 937 328 Scripserat
957 279 1070 317 enim
1091 279 1196 318 mihi
1216 291 1258 317 se
1278 280 1418 317 nescio
1439 279 1536 328 quid
1557 279 1707 317 habere

107 343 298 369 mearum
326 343 543 381 nugarum,
573 345 675 382 quas
704 333 792 381 ipse
820 346 906 371 non
935 333 1223 371 meminissem
1253 346 1319 370 me
1347 333 1569 383 scripsisse.
1626 332 1706 371 Eas

108 397 184 434 ego
212 386 322 423 certe
346 385 563 434 cupiebam
591 387 764 433 auferre,
796 399 883 425 non
912 387 963 424 ob
992 386 1106 424 aliud
1136 387 1219 425 nisi
1248 389 1293 425 vt
1322 387 1540 425 abolerem.
1600 387 1707 425 Nam

109 438 308 477 Germani
346 439 517 489 quidam
554 440 804 479 stultissimo
841 440 1013 478 consilio
1051 454 1163 479 nunc
1210 441 1319 479 nihil
1366 454 1449 479 non
1496 441 1704 491 euulgant‚

109 494 380 542 quantumuis
399 493 566 532 laedant
585 494 769 532 hominis
788 495 954 533 famam.

163 546 280 595 Quod
299 547 475 585 sollicite
495 561 641 586 mones
661 549 711 586 de
727 548 1038 587 Declamatione
1054 551 1126 586 tua
1146 549 1191 587 in
1211 549 1346 587 literis
1361 550 1411 587 ad
1429 549 1703 594 Bonifacium.

110 601 197 651 ipse
227 614 417 640 cauci-am
452 601 684 651 diligenter,
712 603 812 641 adeo
842 605 889 641 vt
922 615 997 641 nec
1027 602 1247 652 legendam
1277 603 1473 653 cuiquam
1507 604 1703 642 dederim.

107 657 276 705 excepto
301 669 384 694 vno
411 655 601 703 amiculo,
623 657 694 695 sed
724 656 1051 706 spectatissimae
1075 656 1182 695 fidei.
1243 657 1378 705 Quare
1406 657 1482 695 hac
1513 659 1562 696 de
1592 671 1634 695 re
1663 657 1706 694 in

107 709 309 749 vti-amuis
328 723 472 748 aurem
491 710 673 749 dormias
692 711 842 750 licebit.
903 711 1016 749 Bene
1037 711 1137 748 vale.

163 764 349 803 Basileae
369 765 568 815 postridie
590 766 692 804 Idus
714 765 962 804 Decembris.
987 765 1113 803 Auno
1134 777 1311 803 M.D.xxl.

545 1011 670 1052 1251.
734 1010 866 1052 FROM·
898 1009 1026 1051 Jons
1060 1010 1272 1051 SAPIDUS.

152 1133 305 1169 Breslau
329 1134 405 1169 MS.
425 1134 543 1171 Rehd.
563 1145 639 1180 254.
667 1145 742 1179 132.
1316 1132 1625 1180 <Schlettstadt.>

156 1191 244 1228 EE2.
263 1203 295 1237 9.
1269 1203 1316 1237 30
1334 1191 1541 1227 December
1562 1202 1660 1236 1521.

153 1292 227 1333 [An
257 1293 410 1332 original
436 1294 552 1331 letter,
573 1294 771 1333 autograph
801 1294 1035 1334 throughout.
1082 1296 1155 1327 The
1180 1297 1364 1336 year-date
1390 1298 1420 1327 is
1444 1296 1639 1327 confirmed
1665 1297 1709 1335 by

107 1336 285 1367 Erasmus‘
304 1339 424 1368 recent
441 1339 567 1367 return
584 1340 621 1368 to
638 1338 754 1369 Basle.
804 1338 822 1368 1
839 1338 929 1368 have
948 1349 992 1369 110
1010 1340 1088 1370 clue
1107 1345 1143 1371 t.)
1166 1340 1223 1371 his
1244 1341 1398 1379 visitors,
1418 1340 1498 1371 who
1522 1340 1594 1370 had
1619 1341 1707 1371 been

106 1380 267 1420 Sapidus'
286 1381 434 1422 pupils]

350 1503 552 1534 IOANNES
585 1503 778 1533 SAPIDVS
810 1502 991 1533 ERASMO
1025 1503 1334 1533 ROTERODAMO
1366 1503 1398 1532 S.
1424 1503 1465 1533 D.

163 1598 243 1647 QVI
263 1598 340 1637 tibi
361 1599 435 1637 has
456 1599 597 1638 ferunt
627 1600 781 1643 literas,
805 1598 986 1646 Erasme,
1019 1600 1207 1637 omnium
1238 1613 1340 1649 quos
1369 1613 1553 1649 vnquam
1582 1599 1709 1638 habui

107 1653 175 1690 vel
193 1653 415 1691 habiturus
444 1667 539 1692 sum
565 1654 719 1692 amicos
748 1654 1006 1701 charissime,
1029 1655 1101 1691 vbi
1131 1656 1239 1691 certa
1268 1655 1378 1691 fama
1407 1654 1639 1692 didicerunt
1669 1657 1708 1691 te

107 1707 229 1745 nobis
258 1707 469 1746 redditum
498 1710 622 1758 atque
651 1709 734 1746 iam
764 1708 949 1746 Basileae
977 1715 1181 1757 agentem,
1206 1709 1293 1746 solo
1324 1722 1452 1757 eoque
1473 1708 1709 1746 admirabili

106 1762 170 1799 tui
199 1762 369 1800 videndi
402 1762 616 1812 desyderio
649 1763 776 1800 illecti
814 1776 858 1800 ac
898 1763 1070 1811 impulsi
1107 1763 1187 1800 huc
1226 1764 1510 1812 profectisunt,
1554 1763 1710 1800 relictis

106 1816 360 1865 parentibus,
403 1817 536 1867 patria
574 1820 614 1855 et
653 1817 776 1855 rebus
815 1817 1062 1863 domesticis,
1104 1830 1189 1854 non
1228 1817 1370 1855 habito
1409 1820 1594 1866 respectu
1642 1817 1710 1855 vel

106 1870 273 1909 itineris
302 1873 392 1909 tam
426 1873 594 1921 propter
627 1873 805 1921 rigorem
842 1871 1006 1921 frigoris
1036 1884 1161 1920 quam
1191 1871 1242 1909 ob
1275 1871 1377 1909 alias
1408 1885 1471 1909 res
1501 1884 1585 1909 non
1608 1872 1709 1910 satis

107 1925 325 1973 commodi,
355 1939 431 1964 nec
465 1926 591 1964 etiam
622 1928 816 1975 sumptus
850 1925 1038 1964 faciendi.
1097 1925 1298 1975 Magnum
1327 1926 1379 1963 sit
1410 1928 1570 1975 oportet
1600 1926 1708 1975 quod

108 1993 176 2018 eos
196 1982 412 2030 tantopere
440 1983 558 2030 vrget
587 1981 636 2018 ad
668 1981 708 2018 te
738 1980 978 2018 videndum.
1041 1980 1147 2018 Nam
1180 1993 1260 2029 quo
1291 1980 1333 2017 id
1363 1980 1621 2018 commodius
1650 1980 1709 2027 (vt

108 2033 187 2083 ipsi
220 2035 434 2083 putarunt)
465 2037 505 2073 et
537 2037 706 2084 possent
736 2038 777 2071 et
806 2035 885 2072 sibi
914 2034 1066 2079 liceret,
1099 2035 1361 2072 declinarunt
1391 2034 1549 2083 aliquot
1579 2034 1708 2072 miliis

108 2102 130 2126 a
150 2093 261 2126 recta
281 2091 322 2127 et
340 2089 532 2127 instituta
552 2089 620 2126 via
640 2089 690 2127 ad
712 2102 794 2136 me,
814 2092 860 2127 vt
884 2089 971 2126 eius
999 2088 1131 2126 literis
1162 2102 1242 2137 quo
1273 2089 1375 2126 olim
1404 2089 1569 2126 vsisunt
1599 2101 1710 2137 prae-

108 2145 268 2192 ceptore
288 2145 329 2180 et
349 2157 472 2192 quem
493 2144 725 2193 plurimum
752 2144 860 2192 apud
893 2143 1115 2181 Erasmum
1146 2143 1281 2180 valere
1310 2144 1608 2192 persuasisunt,
1631 2142 1709 2180 tibi

109 2198 512 2236 commendarentur.
572 2198 661 2247 Ego
681 2198 829 2246 itaque,
855 2198 914 2234 mi
935 2198 1116 2243 Erasme,
1142 2197 1219 2235 etsi
1239 2197 1408 2244 inuitus,
1432 2197 1612 2235 maxime
1632 2197 1709 2234 hoc

107 2253 293 2300 tempore
314 2265 393 2302 quo
414 2255 460 2290 tu
481 2252 676 2301 plurimis
692 2254 816 2301 atque
837 2252 920 2290 illis
941 2252 1059 2289 seriis
1080 2255 1120 2289 et
1140 2251 1281 2289 arduis
1303 2252 1499 2289 detineris
1521 2251 1706 2301 negotiis.

107 2308 149 2344 te
169 2306 273 2343 meis
295 2306 416 2355 nugis
435 2306 728 2354 intertui-bem,
747 2320 880 2356 neque
901 2306 1007 2344 mihi
1021 2319 1184 2355 quoque
1200 2320 1271 2355 per
1292 2318 1403 2343 meas
1423 2306 1710 2355 occupationes

108 2360 226 2398 facile
246 2360 378 2407 liceat,
403 2374 489 2399 non
508 2361 625 2410 potui
646 2363 784 2398 tamen
807 2358 893 2412 [me
914 2360 1102 2398 cohibere
1124 2357 1243 2411 quin]
1267 2360 1501 2405 iuuenibus,
1526 2359 1709 2397 moribus

107 2414 233 2452 simul
255 2417 294 2452 et
315 2415 484 2464 ingenio
503 2415 712 2464 praeditis,
736 2415 796 2453 tui
819 2415 1140 2452 studiosissimis
1160 2427 1205 2451 ac
1226 2418 1311 2452 tam
1333 2415 1507 2452 honesta
1535 2414 1708 2451 sollicite

109 2469 243 2518 magis
281 2482 406 2518 quam
445 2471 649 2518 oportune
687 2469 933 2518 petentibus,
980 2483 1063 2507 11011
1108 2481 1267 2506 morem
1306 2482 1457 2518 gerere.
1517 2469 1709 2517 Agnosco

108 2536 153 2560 ea
188 2524 232 2561 in
267 2537 309 2560 re
338 2524 424 2572 ipse
453 2537 591 2562 meam
621 2524 927 2570 inciuilitatem,
951 2537 1074 2573 quam
1109 2536 1277 2571 prorsus
1310 2523 1418 2560 nihil
1453 2523 1535 2560 tale
1568 2522 1640 2560 abs
1671 2525 1710 2560 te

108 2579 244 2626 petere
265 2577 520 2627 debeba(m>
540 2593 548 2626 ;
578 2591 754 2628 agnosco
771 2581 912 2616 tamen
928 2580 967 2615 et
984 2580 1099 2615 tuam
1115 2577 1422 2614 humanitatem
1439 2590 1540 2626 quae
1562 2577 1710 2614 melior

424 2697 471 2727 19.
499 2687 629 2719 debeba
647 2691 731 2728 MS„
750 2691 798 2718 1·ὺί
815 2692 947 2719 eat-*rema
963 2691 1049 2719 litera
1068 2691 1099 2718 in
1111 2691 1176 2724 fine
1193 2691 1291 2718 lim-cce
1302 2690 1406 2726 periif.

150 2810 245 2840 1250.
265 2820 296 2849 9.
322 2809 479 2851 Mauors]
509 2810 560 2840 Cf.
590 2810 654 2849 Ep.
682 2812 772 2848 1248.
795 2820 870 2848 1411.
940 2811 1013 2840 tion
1033 2810 1070 2841 of
1083 2810 1143 2840 the
1163 2812 1308 2846 Odys-Sey:
1333 2820 1389 2840 see
1407 2810 1467 2850 Ep.
1492 2820 1561 2848 131.
1580 2820 1663 2849 dnn.

107 2853 218 2883 Milan
252 2853 321 2883 had
363 2853 449 2884 been
482 2853 654 2893 captured
686 2855 774 2884 from
808 2854 869 2884 the
983 2864 1030 2892 13.
1058 2853 1244 2894 Germani]
1272 2853 1324 2884 Cf.
1343 2854 1404 2893 Ep.
1428 2855 1518 2884 1186.
1535 2864 1612 2884 2211.

105 2896 245 2926 French
264 2896 309 2935 by
324 2896 388 2926 the
403 2896 511 2936 Papal
527 2906 630 2936 army
643 2907 687 2927 on
708 2907 747 2936 19
758 2897 843 2928 Nov.
861 2909 868 2936 ;
984 2907 1030 2936 15.
1059 2897 1340 2938 Declamationv]
1367 2898 1416 2928 cf.
1434 2898 1495 2937 Ep.
1521 2907 1609 2927 1201.
1632 2906 1706 2935 1511.

104 2950 160 2970 see
180 2939 324 2970 Brewer
340 2940 393 2971 iii.
416 2941 508 2980 1809,
527 2940 721 2980 Creighton
739 2951 770 2972 v.
794 2943 865 2971 161.
984 2942 1077 2971 1251.
1102 2942 1132 2972 6.
1167 2941 1318 2979 rigorem
1346 2940 1503 2981 frigoris]
1537 2940 1603 2971 For
1642 2940 1706 2970 bad

148 2992 198 3014 11.
224 2983 415 3024 nugarum]
441 2983 600 3023 Perhaps
624 2985 686 3015 the
718 2985 869 3015 111111513-
938 2985 1093 3015 weather
1109 2989 1143 3015 ut
1164 2984 1237 3014 this
1251 2985 1338 3014 time
1354 2986 1395 3015 cf.
1414 2985 1475 3023 Ep.
1494 2985 1708 3022 1252.1‘]-18.

1730 294 1767 315 10

1730 564 1767 595 15

1733 2100 1770 2121 [0
