1990 3353
456 131 611 170 FROM
649 130 936 169 BONIFACE
974 130 1299 170 AMERBACH
1619 132 1669 169 79

68 130 194 184 1020]

212 241 559 280 Pronunciabunt
598 242 647 280 de
684 242 759 279 hac
798 240 1118 279 Parrhisienses.
1183 239 1235 277 5Q
1276 242 1346 278 Ζεῦ
1384 241 1563 289 βασιλεῦ,
1605 244 1671 290 τῆς

618 296 775 334 Eckius
794 295 874 334 sibi
895 294 1047 333 similis
1068 297 1142 341 est,
1164 297 1212 333 vt
1231 294 1385 343 vbique
1405 295 1518 343 cupit
1537 294 1669 333 videri

1030 349 1075 387 Si
1103 350 1249 399 perget
1278 362 1352 387 suo
1385 362 1501 387 more
1534 361 1664 398 agere,
1685 361 1728 402 65

57 245 138 281 est.

64 297 292 345 λεπτότητος
311 299 382 334 τῶν
401 299 556 346 φρενῶν.

60 351 259 397 inuictus,
297 364 472 400 magnos
502 351 687 388 somniat
720 350 969 399 triumphos.

915 437 1068 486 μείζονα
1085 436 1218 486 τούτῳϊ

485 491 666 535 εὔξασθαι
685 492 821 540 ταύτης
840 492 882 528 οὐ
903 491 1060 541 δύναμαι
1079 491 1226 540 μανίην.

63 579 315 618 Prouocauit
343 579 531 628 apologia
560 578 715 628 Philip.
739 578 1048 627 Melanchtona,
1078 579 1150 617 sed
1179 581 1408 627 cornutam,
1431 581 1478 618 vt
1506 580 1662 630 opinor,

56 635 250 672 bestiam.

116 689 272 727 Verum
293 687 391 737 quid
411 701 486 737 ego
506 687 556 725 ad
578 689 618 725 te
638 687 749 734 haec,
773 687 856 737 qui,
880 700 934 725 ne
956 687 1260 735 interturberis,
1283 689 1498 735 λακωνίζειν
1518 690 1632 728 volui
1646 691 1666 729 ⁶?
1686 702 1726 735 70

57 743 175 781 Bene
193 743 296 790 vale,
320 741 431 780 orbis
451 741 627 780 litterati
646 742 801 788 lumen,
825 741 998 780 Erasme
1018 746 1082 780 ter
1103 742 1293 781 maxime.

116 797 281 836 Basilee
301 797 471 834 Raurac.
533 796 640 834 Non.
664 796 816 834 octobr.
878 798 960 834 An.
984 808 1163 834 M.D.x1x.

741 945 873 987 FRoM
904 944 1030 986 JOHN
1064 944 1288 986 SLECHTA.

1344 1035 1546 1071 KosteletZ.

1275 1104 1317 1128 10
1335 1092 1497 1129 October
1518 1102 1619 1139 1519.

434 947 597 988 9501021
604 977 668 1001 1039

105 1037 301 1083 Epistolae
318 1038 365 1073 ad
383 1037 548 1072 diuersos
568 1049 601 1081 p.
624 1046 702 1082 547.

104 1097 198 1132 HN:
225 1096 340 1131 Lond.
360 1095 433 1132 xiv.
453 1106 520 1130 20:
547 1095 619 1131 LB.
638 1096 721 1138 463.

102 1177 187 1218 [For
202 1175 383 1208 Erasmus'
400 1176 570 1207 relations
586 1176 678 1206 with
695 1175 841 1207 Slechta
857 1176 930 1206 and
947 1177 1010 1206 the
1032 1175 1253 1206 Bohemians
1276 1177 1313 1206 at
1336 1175 1412 1206 this
1428 1176 1516 1206 time
1533 1185 1588 1207 see
1606 1185 1668 1214 my

54 1224 123 1259 Aye
149 1224 185 1258 of
204 1223 370 1257 Erasmus,
392 1230 486 1260 1914,
516 1230 574 1260 pp.
600 1220 745 1258 281-98;
771 1219 842 1250 and
869 1220 912 1250 cf.
940 1220 1027 1259 Epp.
1061 1229 1141 1258 1117
1166 1220 1311 1259 introd„
1341 1229 1434 1258 1154,
1456 1220 1551 1258 1183.
1599 1220 1667 1250 For

56 1265 162 1295 other
186 1265 296 1295 views
323 1265 361 1294 of
382 1264 482 1294 them
512 1274 569 1294 see
594 1264 659 1303 Ep.
683 1264 776 1295 1260.
824 1263 929 1294 After
957 1263 1133 1294 Slechta’s
1161 1264 1269 1294 death
1296 1263 1354 1294 his
1381 1273 1446 1294 son
1471 1273 1544 1294 was
1570 1264 1664 1302 sent,

53 1308 270 1349 apparently
286 1309 333 1347 by
348 1308 554 1348 guardians,
574 1309 610 1338 to
626 1307 856 1347 Wittenberg
872 1308 911 1337 in
934 1307 1022 1346 July
1042 1317 1125 1346 1523
1149 1309 1185 1337 to
1208 1307 1384 1346 complete
1401 1306 1460 1337 his
1475 1307 1666 1338 education

59 1352 150 1393 (ME.
168 1351 258 1392 247).
296 1351 557 1382 Melanchthon
570 1361 642 1382 was
655 1351 690 1381 in
705 1351 1008 1390 correspondence
1022 1351 1113 1381 with
1128 1351 1205 1381 him
1218 1352 1257 1381 in
1271 1351 1346 1382 Oct.
1368 1361 1449 1390 1524
1463 1351 1554 1391 (ME.
1573 1350 1664 1391 295).

54 1397 58 1403 '
76 1398 79 1399 ⁷
99 1396 266 1427 Portions
281 1397 319 1426 of
332 1396 406 1426 this
423 1395 528 1426 letter
551 1395 622 1425 and
646 1396 693 1425 its
717 1404 858 1425 answer
882 1404 942 1425 are
965 1395 1112 1434 printed
1129 1395 1169 1425 in
1186 1398 1219 1425 S.
1240 1397 1400 1425 Clementis
1414 1396 1570 1431 Epistola&
1586 1398 1666 1425 (luae

49 1443 100 1471 *ad
117 1442 297 1479 Corinthios,
317 1439 372 1470 ed.
393 1439 429 1470 P.
449 1439 678 1477 Colomesius,
696 1438 856 1478 London,
879 1439 973 1477 1687,
991 1448 1048 1478 pp.
1065 1437 1223 1478 288-95.]

366 1526 564 1557 IOANNES
597 1525 803 1556 SLECHTA
834 1525 1143 1556 KOSTELECIVS
1174 1525 1354 1556 ERASMO

616 1593 923 1626 ROTERODAMO
954 1594 988 1625 S.
1010 1595 1050 1627 P.
1072 1595 1116 1626 D.

111 1678 335 1716 REDmTAn
368 1680 466 1716 sunt
498 1678 605 1716 mihi
637 1678 781 1716 literae
814 1680 909 1716 tuae
944 1677 1069 1716 tertio
1101 1677 1204 1716 Idus
1236 1676 1494 1727 Septembris
1526 1679 1665 1727 preter

50 1745 225 1771 omnem
246 1745 374 1781 spem.
436 1732 543 1770 Nam
563 1746 659 1771 011111
679 1746 790 1771 anno
817 1733 1019 1782 superiori
1046 1732 1188 1771 literas
1214 1744 1328 1770 meas
1354 1745 1428 1781 per
1456 1731 1662 1769 famulum

56 1787 305 1837 bibliopolae
325 1787 562 1837 Lypsensis‚
586 1788 657 1837 qui
677 1787 836 1837 Pragae
856 1787 984 1826 libros
1010 1787 1236 1836 impressos
1255 1786 1536 1824 venundando
1562 1786 1660 1835 agit,

60 1842 112 1880 ad
133 1843 174 1880 te
195 1841 402 1888 dederam,
423 1841 635 1890 pollicitus
654 1844 717 1880 est
737 1842 843 1880 mihi
863 1842 972 1880 bona
992 1841 1073 1879 fide
1092 1841 1236 1879 literas
1256 1840 1368 1890 ipsas
1396 1841 1446 1878 ad
1470 1841 1510 1878 te
1530 1853 1662 1890 vsque

56 1909 129 1945 per
165 1897 328 1934 certum
366 1895 641 1942 tabellarium,
679 1896 918 1946 vbicunque
955 1896 1142 1934 locorum
1180 1908 1304 1943 esses,
1343 1895 1583 1941 missurum,
1620 1897 1661 1933 et
1683 1911 1699 1941 5

54 1963 301 2000 responsum
321 1950 560 1989 allaturum.
621 1951 732 1999 Quas
752 1964 847 1989 cum
869 1950 948 1989 sibi
968 1953 1135 2000 accepta
1154 1950 1204 1988 ab
1220 1963 1266 1988 eo
1286 1949 1368 1987 fide
1380 1949 1657 1997 tradidissem,

49 2006 98 2043 «et
117 2019 191 2054 per
209 2005 321 2043 hunc
341 2007 478 2043 totum
497 2018 657 2043 annum
678 2018 924 2054 responsum
945 2005 1019 2043 abs
1039 2007 1079 2043 te
1101 2004 1173 2043 diu
1199 2006 1466 2054 expectatum
1491 2003 1659 2042 nullum

48 2059 314 2109 accepissem,
331 2073 405 2109 pro
421 2073 614 2108 persuaso
628 2059 755 2097 habui
767 2060 911 2098 literas
925 2059 1020 2097 illas
1032 2058 1276 2108 neutiquam
1289 2059 1339 2096 ad
1353 2061 1394 2096 te
1408 2058 1658 2107 peruenisse,

55 2114 127 2152 sed
147 2114 215 2151 vel
236 2113 470 2163 deperditas
490 2114 559 2152 vel
579 2114 629 2152 ad
649 2114 830 2164 aliquem
850 2114 895 2152 in
915 2114 984 2152 via
1004 2114 1194 2152 detentas
1212 2113 1280 2151 vel
1297 2113 1348 2151 ab
1372 2112 1511 2162 aliquo
1535 2113 1662 2151 inter-

55 2169 194 2217 ceptas
207 2181 306 2206 esse.
369 2168 501 2206 Tanto
517 2168 650 2218 igitur
664 2181 775 2206 nunc
793 2168 900 2206 mihi
919 2169 1120 2217 gratiores
1138 2170 1179 2206 et
1198 2167 1460 2206 iucundiores
1475 2168 1657 2216 fuerunt,
1683 2181 1721 2202 10

52 2225 210 2272 quanto
229 2223 373 2260 minus
396 2225 581 2271 speratae
601 2225 818 2270 venerunt,
843 2224 884 2261 et
904 2223 1073 2272 quidem
1094 2236 1117 2260 a
1137 2222 1211 2260 tali
1236 2223 1370 2260 amico
1394 2221 1559 2271 qualem
1585 2235 1660 2270 ego

55 2276 259 2315 nimirum
278 2276 388 2315 inter
407 2277 552 2315 charos
577 2280 618 2315 et
646 2290 760 2315 raros
783 2277 1075 2315 charissimum
1097 2276 1241 2315 habeo.
1301 2276 1498 2314 Gratulor
1521 2278 1661 2315 autem

447 2369 542 2401 1021.
567 2379 597 2408 3.
627 2370 829 2410 Lypsenses
845 2372 942 2400 Loml.
959 2379 967 2398 :
992 2367 1190 2407 Lipsiensis
1206 2370 1270 2399 LB.

893 2479 1050 2519 quiekly‚
1078 2479 1133 2509 for
1159 2488 1206 2509 on
1232 2487 1273 2517 25
1300 2478 1388 2518 July
1415 2478 1489 2508 Eck
1521 2477 1661 2517 replied

56 2480 158 2511 dates
195 2480 226 2510 it
264 2480 418 2520 Leipzig.
460 2490 487 2511 c.
531 2489 635 2519 1520:
674 2480 822 2511 Proctor

893 2524 985 2554 with
1000 2523 1058 2553 his
1074 2525 1241 2553 Excusatio
1256 2522 1333 2563 (Ep.
1348 2532 1423 2561 910.
1440 2522 1514 2562 2n).
1565 2521 1662 2552 Both

59 2522 199 2563 (10953)
217 2524 355 2563 assigns
376 2524 406 2554 it
431 2525 468 2554 to
497 2524 698 2564 Augsburg.
748 2524 822 2555 But

57 2566 258 2598 Boniface's
288 2569 502 2598 statements
533 2568 572 2598 in
598 2568 682 2598 Am.
721 2567 760 2598 E.
792 2577 820 2606 1,

56 2619 77 2649 3
93 2611 168 2642 Oct.
202 2619 296 2650 1519,
320 2611 431 2642 ‘Aeta
457 2611 717 2651 disputationis
741 2611 824 2651 Lip-

57 2655 151 2685 sicae
176 2654 404 2685 excuduntur
430 2654 572 2694 Lipsiae
585 2653 605 2695 ⁹,
628 2655 698 2686 and
725 2655 821 2694 here,

58 2698 90 2728 if
103 2700 248 2737 correct,
267 2698 372 2737 point
388 2700 425 2729 to
441 2708 489 2730 an
511 2699 642 2730 earlier
664 2699 824 2738 publica-

51 2742 146 2772 tion.

99 2786 152 2815 66.
180 2783 326 2825 μείζονα]
349 2785 400 2816 Cf.
431 2786 545 2816 Anth.
575 2785 650 2818 Pal.
673 2795 722 2817 11.
752 2796 824 2825 127.

55 2838 137 2868 3,4;
160 2828 233 2859 and
251 2838 306 2859 see
323 2829 345 2859 l.
365 2839 444 2868 31n.

100 2872 153 2903 68.
177 2871 354 2913 apologia]
374 2871 660 2904 Melanehthon's
670 2872 778 2903 letter
789 2875 824 2903 to

51 2914 354 2955 Oecolampadius
384 2916 449 2947 ‘de
488 2917 627 2956 Lipsica
666 2917 824 2956 disputa-

58 2960 158 2990 tione
171 2959 180 2971 '
199 2959 291 2998 (ME.
311 2969 378 2999 43:
402 2970 441 2991 21
459 2960 546 2999 July
563 2960 824 3000 1519‚Witten-

55 3003 156 3044 berg)
196 3004 293 3034 must
340 3003 432 3035 have
477 3004 631 3035 reached
680 3004 825 3044 Leipzig

893 2577 988 2597 were
1019 2566 1176 2606 printed,
1218 2566 1399 2597 doubtless
1428 2567 1465 2595 at
1496 2575 1593 2605 once,
1622 2565 1661 2595 111

894 2610 1051 2641 undated
1092 2611 1203 2640 issues
1241 2613 1278 2640 at
1320 2609 1551 2648 Wittenberg
1588 2609 1662 2640 and

894 2654 1036 2693 Leipzig
1064 2654 1237 2694 (Pi-octor,
1264 2654 1299 2684 ii.
1335 2654 1450 2692 11849,
1478 2653 1660 2691 11308-10,

897 2697 1028 2737 11478).
1076 2698 1144 2728 For
1160 2697 1263 2727 other
1278 2698 1481 2727 utterances
1497 2698 1536 2727 of
1556 2696 1662 2727 Boni-

894 2741 969 2771 faee
996 2751 1041 2771 on
1071 2742 1133 2771 the
1158 2742 1290 2771 matter
1313 2750 1371 2770 sve
1400 2741 1506 2771 Basle
1531 2740 1602 2771 MS.
1625 2740 1660 2771 C.

896 2786 974 2816 VIst.
993 2794 1044 2823 73.
1066 2794 1136 2824 157,
1160 2785 1230 2823 187.
1280 2784 1581 2825 Η15Ι3(111111·1111011
1607 2783 1662 2813 for

896 2829 1032 2859 Luthcr
1056 2838 1202 2868 appears
1230 2829 1269 2858 in
1293 2828 1374 2859 Am.
1406 2828 1444 2858 E.
1477 2837 1503 2867 1,
1532 2837 1553 2865 3
1584 2827 1659 2858 Oct.

898 2881 1002 2911 1519:
1035 2872 1136 2902 ‘Duo
1173 2882 1256 2902 vere
1292 2872 1471 2911 tlwologie
1503 2870 1660 2910 Camilli,

894 2916 1064 2946 Erasmus
1099 2917 1134 2945 et
1174 2915 1380 2947 Lutherius.
1416 2916 1526 2945 bonos
1564 2915 1661 2944 viros

894 2959 1076 2990 laboribus
1125 2959 1315 2990 Herculeis
1363 2959 1540 2989 demereri
1586 2967 1660 2988 11011

893 3005 1035 3034 cessant
1048 3003 1066 3035 '.
