1990 3353
91 128 212 183 1045]
487 131 640 170 FROM
678 132 994 173 GERMANUs
1032 134 1277 175 BRIXIUs
1609 142 1684 179 131

142 241 258 290 Quod
280 241 329 279 ad
348 241 528 280 alterum
557 239 755 291 epistolae
781 242 852 279 tue
880 242 1178 290 argumentum
1202 242 1394 291 pertinet,
1415 244 1554 283 verbis
1576 245 1688 295 equi·
1709 257 1748 289 95

86 297 183 334 dem
212 295 413 346 explicare
442 308 529 333 non
558 295 718 344 possim
748 308 872 345 quam
901 295 1008 333 mihi
1036 296 1203 344 gratum
1232 297 1338 334 foret
1366 297 1402 335 si
1432 311 1511 347 qua
1540 300 1688 337 adduci

85 363 226 400 posses
248 351 298 388 ad
330 349 488 389 Galliae
517 351 682 387 nostrae
710 349 1043 394 contubernium,
1077 351 1165 387 siue
1194 350 1318 400 Regis
1346 351 1472 391 huius
1500 353 1689 391 311111013-

86 407 231 443 mento
263 417 308 443 ac
340 403 559 454 promissis
593 403 717 453 longe
755 403 1038 453 amplissimis,
1074 404 1164 442 siue
1201 405 1442 452 amicorum,
1481 420 1583 457 quos
1622 407 1689 445 hic

86 459 243 498 multos
262 459 401 504 habes,
417 460 458 496 et
477 471 546 496 eos
566 458 735 508 quidem
756 471 842 496 non
861 458 1055 508 vulgares
1073 471 1119 497 ac
1138 458 1348 507 plaebeios
1367 461 1439 499 sed
1459 464 1691 500 summates

86 515 210 563 atque
242 513 427 551 illustres
464 513 586 559 viros,
627 512 926 550 iucundissima
963 512 1043 550 tibi
1080 512 1222 551 futura
1254 516 1554 554 consuetudine
1572 531 1582 564 ;
1620 517 1691 566 qui

86 567 229 617 vtique
258 580 404 605 omnes
433 567 655 605 Erasmum
687 566 935 616 iampridem
963 567 1075 604 fama
1110 567 1159 605 ad
1192 580 1268 605 nos
1301 569 1610 618 aduentantem,
1645 573 1691 609 vt

86 622 255 660 tandem
288 621 421 671 reipsa
454 621 648 659 adueniat
680 633 901 670 coramque
939 621 1059 668 adsit,
1098 622 1209 660 votis
1246 623 1442 662 omnibus
1481 627 1689 674 exoptant.

87 675 183 713 Tibi
201 689 287 726 ego,
310 675 479 714 Erasme
502 674 793 722 eruditissime,
815 688 1076 725 nequaquam
1096 676 1302 722 mentiar;
1331 677 1489 716 amicus
1510 680 1693 729 optimus

87 730 220 768 amico
258 730 507 768 item—falli
544 743 612 767 me
649 743 733 767 non
771 729 1095 779 puto—optimo.
1156 730 1395 770 Mortalium
1433 746 1557 771 nemo
1594 747 1693 772 sane

86 797 263 834 vsquam
283 785 390 822 viuit
418 784 536 822 cuius
561 784 693 833 gloria
713 783 981 822 fauorabilior
1005 797 1051 822 30
1070 785 1182 822 fama
1210 785 1470 833 plausibilior
1488 789 1597 837 apud
1618 788 1693 827 hos

87 852 234 877 omnes
257 838 512 888 elegantium
536 839 752 876 literarum
782 840 942 887 mystas
970 838 1277 878 circumuolitet
1306 854 1431 890 quam
1454 843 1526 880 tua
1553 843 1688 881 vnius.

86 895 228 943 Atque
257 893 450 943 equidem
479 892 704 931 maximam
734 892 811 930 tibi
840 893 931 942 ipsi,
957 892 1186 931 maximam
1215 894 1316 932 item
1347 896 1543 934 omnibus
1572 897 1694 935 nobis

87 947 252 986 Erasmi
271 949 546 997 conspectum,
571 946 844 996 complexum,
869 946 1124 997 colloquium
1150 950 1238 986 tam
1265 950 1384 987 auide
1406 951 1693 1000 concupiscen-

86 1001 199 1040 tibus
220 1002 420 1040 iniuriam
438 1002 645 1040 facturum
664 1004 705 1039 te
724 1001 983 1047 arbitramur,
1008 1002 1090 1039 nisi
1114 1004 1162 1040 tu
1182 1004 1355 1042 omnino
1382 1005 1433 1043 ad
1460 1018 1536 1043 nos
1555 1006 1688 1053 adeaS,

87 1057 121 1094 si
148 1069 234 1095 non
261 1056 525 1095 contubernii
553 1069 598 1094 ac
627 1057 845 1094 conuictus
871 1056 1070 1105 perpetui,
1102 1058 1145 1095 at
1170 1057 1320 1096 saltem
1347 1059 1694 1109 peregrinationis

87 1113 212 1160 atque
256 1111 428 1160 hospitii
467 1111 718 1160 (quanquam
757 1110 1020 1148 contubernii
1058 1111 1217 1161 malim)
1256 1113 1438 1151 nomine.
1498 1115 1694 1164 Hospites

87 1167 225 1203 autem
251 1165 419 1203 tametsi
442 1178 586 1203 omnes
615 1164 693 1203 tibi
722 1165 864 1202 adesse
893 1165 1079 1214 cupiunt,
1108 1168 1228 1216 teque
1259 1168 1552 1218 vnusquisque,
1587 1170 1694 1218 quod

87 1219 219 1267 video,
242 1219 285 1257 in
305 1220 426 1258 aedes
446 1233 541 1258 suas
560 1219 758 1269 proprias,
781 1219 851 1257 vbi
871 1219 1098 1265 adueneriS‚
1124 1221 1310 1271 excipere
1330 1224 1468 1270 certat,
1492 1226 1631 1261 tamen
1652 1223 1695 1262 id

87 1287 220 1312 vnum
241 1274 312 1311 abs
333 1276 373 1311 te
393 1275 664 1312 vehementer
678 1274 807 1312 etiam
827 1274 950 1323 atque
966 1273 1093 1312 etiam
1114 1277 1210 1324 peto
1230 1289 1275 1314 ac
1294 1276 1484 1325 precibus
1500 1279 1695 1316 omnibus

89 1329 303 1377 contendo,
338 1328 388 1366 ad
422 1342 488 1366 me
522 1331 569 1366 vt
600 1328 791 1375 diuertas,
830 1328 939 1377 apud
971 1341 1036 1366 me
1072 1330 1150 1367 tibi
1185 1329 1414 1379 hospitium
1444 1334 1492 1369 vt
1525 1332 1692 1382 deligaS,

88 1384 278 1421 futurum
308 1395 407 1420 sane
438 1382 647 1432 hospitem
676 1384 764 1420 tam
794 1385 958 1431 gratum
987 1385 1158 1432 tamque
1190 1384 1404 1424 liberalem
1428 1388 1474 1424 vt
1504 1386 1695 1425 fortunas

88 1438 249 1475 omneis
279 1451 392 1476 meas
426 1450 669 1475 communes
701 1436 922 1475 habiturus
955 1437 1024 1475 sis.
1082 1438 1194 1486 Quae
1226 1439 1353 1477 etiam
1384 1440 1420 1478 si
1454 1454 1539 1479 non
1573 1441 1696 1491 longe

88 1491 370 1541 amplissimae
402 1494 513 1537 sunt,
550 1494 692 1529 tamen
725 1490 927 1529 ambobus
961 1491 1097 1539 nobis,
1127 1493 1234 1542 quod
1265 1494 1365 1531 satis
1400 1495 1492 1539 erit,
1522 1495 1696 1543 victum,

88 1546 298 1593 vestitum,
328 1546 600 1589 famulitium,
629 1545 862 1595 equitatum
892 1547 934 1583 et
962 1547 1252 1586 crumenulam
1279 1548 1450 1598 insuper
1478 1563 1695 1599 nunquam

89 1613 173 1639 non
195 1614 283 1639 aere
312 1613 482 1650 grauem
508 1600 754 1639 suffecturae
777 1602 899 1638 sunt:
929 1602 975 1638 vt
1000 1600 1069 1638 hic
1097 1601 1290 1640 omittam
1316 1603 1546 1652 hortulum,
1571 1617 1696 1654 quem

89 1655 204 1693 domi
230 1667 347 1693 meae
373 1655 520 1702 habeo,
539 1657 628 1693 tam
655 1654 869 1693 mhercule
897 1667 1131 1703 amoenum,
1154 1658 1242 1695 tam
1270 1657 1578 1707 voluptuosum,
1609 1661 1696 1697 tam

90 1709 220 1748 oculis
238 1712 405 1759 gratum
431 1712 472 1747 et
497 1709 748 1749 arridentem
773 1709 830 1758 (id
851 1709 960 1759 quod
989 1709 1178 1748 Lutetiae
1204 1711 1355 1749 habere
1383 1713 1696 1761 quammaximo

88 1764 300 1802 aestimari
324 1777 407 1802 non
438 1763 586 1813 nescis)
612 1766 658 1802 vt
682 1776 779 1802 eum
802 1763 982 1801 incolere
1005 1765 1072 1802 vel
1099 1764 1251 1812 Musas,
1283 1766 1442 1816 opinor,
1469 1767 1580 1818 ipsas
1609 1781 1695 1807 non

88 1819 259 1857 tederet.

143 1872 271 1912 Porro
303 1872 402 1911 facit
431 1874 553 1911 vetus
591 1874 734 1911 nostra
772 1871 956 1911 amicitia
991 1873 1178 1912 Venetiis
1216 1875 1400 1924 primum
1438 1875 1555 1924 inita,
1597 1889 1695 1915 mox

89 1927 258 1966 Patauii
279 1927 538 1972 confirmata,
557 1929 603 1965 vt
623 1929 664 1965 te
683 1928 812 1965 etiam
831 1929 919 1965 tam
938 1927 1215 1976 familiariter,
1236 1941 1288 1967 ne
1308 1929 1441 1968 dicam
1463 1931 1693 1979 temerarie,

89 1981 140 2020 ad
160 1981 332 2032 hospitii
350 1982 514 2020 foedera
532 1994 697 2020 mecum
717 1981 794 2019 sub
810 1981 1020 2030 tuguriolo
1040 1982 1115 2020 hoc
1136 1982 1321 2022 ferienda
1341 1984 1540 2024 inuitem:
1571 1986 1696 2035 potis·

89 2037 245 2075 simum
263 2036 335 2074 vbi
355 2036 547 2074 olfaciam
565 2050 589 2075 a
609 2049 694 2074 non
714 2036 855 2086 paucis
874 2036 941 2074 hic
956 2036 1035 2074 tibi
1056 2036 1308 2075 Moecenatis
1327 2038 1471 2077 hortos
1490 2041 1531 2078 et
1551 2040 1696 2078 Lucul-

88 2091 221 2129 lianas
251 2090 373 2140 plane
406 2090 527 2129 aedes
555 2091 759 2140 apparari,
788 2090 833 2128 in
869 2090 1019 2140 quibus
1047 2091 1121 2128 illa
1155 2091 1244 2141 ipsa
1272 2106 1377 2142 quae
1411 2093 1497 2131 dixi
1530 2093 1697 2132 foedera

89 2145 350 2195 splendidius
369 2145 503 2183 multo
523 2157 568 2183 ac
594 2144 934 2194 magnificentius
957 2145 1063 2183 inire
1088 2146 1233 2195 possis.
1294 2147 1372 2185 Sed
1399 2148 1520 2186 video
1540 2149 1698 2198 Appol-

89 2200 167 2238 lini
195 2199 353 2249 placere
383 2199 516 2249 magis
545 2199 757 2238 Musarum
786 2199 1025 2237 conuictum
1054 2199 1121 2238 vel
1150 2200 1386 2250 simplicem
1420 2215 1545 2251 quam
1582 2203 1698 2241 Iouis

89 2253 345 2293 lautissimas
371 2254 521 2303 dapes:
551 2253 603 2291 ad
629 2267 730 2304 quas
750 2253 832 2301 ille,
860 2253 896 2291 si
925 2254 1023 2303 quid
1053 2253 1236 2293 Homero
1263 2256 1482 2304 credimus,
1509 2257 1698 2296 accedere

90 2322 176 2347 non
205 2308 317 2355 solet,
351 2308 432 2346 nisi
460 2308 511 2346 ab
540 2308 642 2346 Ioue
666 2308 902 2355 aduocatus,
931 2321 1026 2346 cum
1053 2322 1100 2346 eo
1125 2309 1172 2347 in
1198 2309 1367 2349 deorum
1399 2324 1547 2350 corona
1576 2313 1699 2350 anxia

89 2362 230 2412 aliqua
255 2362 304 2400 de
328 2375 382 2409 re,
413 2375 516 2412 quae
542 2362 611 2401 vel
639 2362 690 2401 ad
719 2362 897 2401 Graecos
917 2362 983 2400 vel
1003 2361 1053 2400 ad
1081 2363 1283 2402 Troianos
1309 2367 1475 2414 spectet,
1500 2369 1698 2415 querente

90 2417 258 2455 interim
282 2416 444 2454 Iunone
463 2416 782 2455 consultaturus.

145 2471 339 2520 Superest
364 2473 411 2509 vt
439 2471 546 2521 apud
574 2473 615 2509 te
637 2471 704 2509 hic
734 2471 785 2509 de
811 2470 1070 2521 typographo
1094 2473 1166 2511 tuo
1195 2473 1464 2523 expostulem,
1496 2475 1567 2524 qui
1596 2474 1698 2513 dum

91 2538 244 2563 nomen
260 2538 401 2563 meum
422 2524 629 2564 illustrius
644 2525 812 2564 reddere
828 2538 871 2563 se
891 2528 1022 2575 putat,
1038 2539 1186 2565 excusa
1205 2541 1276 2577 per
1294 2541 1391 2566 eum
1406 2529 1537 2568 altera
1557 2532 1699 2568 nostra

89 2579 143 2618 ad
162 2581 201 2618 te
217 2579 390 2629 epistola
408 2579 592 2629 idipsum
607 2579 825 2618 obscurius
840 2579 988 2618 reddit.
1032 2580 1141 2628 Quid
1163 2583 1275 2620 enim
1289 2582 1400 2620 aliud
1417 2585 1479 2621 est
1500 2583 1700 2622 Brixiana

91 2634 245 2683 scripta
278 2633 504 2672 Erasmicis
535 2636 777 2672 connectere
810 2647 935 2683 quam
969 2634 1036 2672 vel
1067 2648 1180 2674 rosae
1214 2649 1463 2675 anemonam
1496 2638 1563 2676 vel
1597 2650 1697 2676 auro

91 2687 314 2738 plumbum
351 2689 549 2727 assuere?
597 2688 845 2739 Quanquam
882 2688 926 2726 in
966 2701 1013 2726 eo
1053 2690 1359 2740 malignitatem
1405 2705 1490 2729 non
1531 2692 1695 2740 damno,

135 2821 187 2860 98.
215 2820 415 2862 promissis]
434 2820 484 2852 Cf.
506 2821 570 2861 Ep.
588 2831 663 2860 994.
687 2831 761 2853 11n.
977 2822 1048 2852 128.
1073 2822 1318 2866 Lucullianas]
1346 2825 1397 2856 Cf.
1419 2825 1506 2865 Epp.
1528 2835 1603 2865 435.
1627 2836 1695 2865 137,

139 2873 209 2903 123.
234 2862 437 2904 aestimari]
490 2864 559 2895 For
608 2875 628 2895 a
679 2866 857 2905 ‘hanging
930 2865 1003 2902 480.
1029 2867 1100 2904 156.

93 2908 228 2947 garden
242 2907 249 2919 '
263 2909 301 2938 at
315 2907 415 2938 Paris
431 2917 487 2938 see
505 2908 637 2939 Beatus
650 2907 859 2939 Rhenanus'
978 2918 1048 2947 132.
1078 2910 1250 2952 Homero]
1270 2911 1321 2942 Cf.
1343 2913 1380 2942 Il.
1402 2921 1428 2943 1.
1449 2913 1568 2951 602—4.

94 2954 154 2982 Res
183 2953 393 2991 Germanicae,
424 2951 539 2991 Basle,
561 2951 709 2993 Froben,
736 2952 859 2984 March
978 2953 1048 2991 136.
1076 2955 1313 2995 typographo]
1340 2955 1487 2996 Froben,
1516 2957 1598 2986 who
1628 2956 1698 2986 had

97 3003 190 3034 1531,
210 3004 244 3034 p.
266 2994 337 3033 183.
933 2997 1081 3036 printed
1098 2998 1159 3027 the
1176 3001 1319 3036 Farrago
1337 2999 1408 3038 (E).

141 3047 212 3077 125.
238 3035 419 3078 Venetiis]
437 3037 487 3069 cf.
505 3038 570 3079 Ep.
589 3049 663 3071 212.
687 3049 742 3072 111.
981 3041 1050 3078 138.
1075 3042 1239 3083 epistola]
1258 3042 1320 3082 Ep.
1343 3043 1418 3082 569.

856 3112 937 3138 112

1714 528 1775 549 100

1715 804 1773 835 105

1716 1074 1778 1096 110

1718 1347 1776 1377 115

1719 1618 1780 1639 120

1720 1894 1779 1925 125

1720 2158 1781 2188 130

1722 2709 1781 2738 140
