1990 3353
225 1822 242 1852 ‘1¹

205 2100 245 2121 10

208 2365 245 2397 15

257 164 337 202 292
726 163 977 202 LETTERS
1016 163 1086 201 OF
1124 162 1390 201 ERASMUS
1739 160 1864 214 [1520

257 273 353 312 quod
371 274 561 304 orauerant
578 273 743 303 futurum
760 273 861 303 esset.
909 271 1005 302 Dicit
1022 271 1111 311 ipsis
1127 271 1298 301 Erasmus
1314 280 1351 301 se
1367 280 1443 301 esse
1459 270 1511 301 ita
1528 269 1655 301 multis
1671 270 1707 301 et
1723 270 1865 310 magnis

257 316 411 356 negotiis
434 317 645 356 occupatum
661 317 702 346 vt
717 315 779 346 vix
800 315 977 355 respirare
999 324 1083 354 prae
1106 314 1183 345 illis
1206 314 1431 346 concedatur.
1481 314 1611 352 Itaque
1626 314 1771 344 veniam
1793 314 1862 344 sibi

258 360 339 391 dari
354 370 507 400 aequum
524 369 601 391 esse
619 361 646 390 si
666 369 742 390 non
757 369 798 390 ea
815 358 1006 399 diligentia
1023 359 1130 398 atque
1147 357 1433 389 consideratione
1449 367 1520 396 qua
1535 357 1729 396 debuisset,
1747 358 1863 388 totum

258 403 391 435 librum
409 404 605 444 pellegerit.
645 403 757 443 Quem
773 403 919 442 quidem
934 402 1097 441 percurri
1112 402 1157 433 ab
1174 412 1220 439 se,
1240 399 1426 444 (quando)
1437 400 1663 441 inspiciendo
1675 400 1864 440 studuerit,

257 458 374 487 neque
391 457 545 478 errorem
562 447 678 477 vllum
701 448 765 477 aut
788 447 881 486 quod
905 446 1052 477 duceret
1074 445 1344 476 emendandum
1369 455 1444 476 sese
1467 444 1758 484 deprehendisse.
1808 444 1864 476 Ad

258 491 509 522 testimonium
525 492 646 522 autem
671 500 776 521 suum
799 490 895 529 quod
918 490 1102 528 attineret,
1121 489 1172 520 ita
1200 499 1235 519 se
1262 499 1339 519 rem
1366 489 1497 519 habere
1524 490 1563 519 vt
1588 497 1705 527 neque
1724 488 1776 519 eis
1798 487 1865 519 hoc

258 538 472 566 ornamento
486 534 740 565 adiumentoue
767 544 843 565 esse
867 534 1032 564 futurum
1059 533 1264 572 arbitretur,
1281 535 1317 564 et
1341 532 1427 563 inde
1453 532 1594 571 aliquid
1620 532 1688 562 sibi
1712 532 1865 571 periculi

258 578 371 609 creari
386 589 426 609 ac
450 578 664 609 detrimenti
690 579 809 618 posset
834 577 963 608 afferri.
1013 577 1173 616 “Neque
1198 577 1324 616 putare
1341 575 1433 607 vos'⁷
1449 576 1572 615 inquit
1591 575 1763 606 “debetis
1785 585 1865 606 meo

257 622 467 653 testimonio
492 623 646 652 aliorum
673 622 773 652 vobis
800 621 1090 652 beneuolentiam
1117 622 1316 659 gratiamne
1344 620 1577 650 conciliatum
1604 619 1662 656 iri,
1678 628 1761 650 cum
1785 629 1863 651 mea

259 665 519 705 qualiscunque
562 666 736 696 autoritas
775 665 977 705 patrocinio
1011 665 1089 703 ipsa.
1123 664 1295 703 indigeat.
1357 663 1456 704 Quod
1487 663 1516 694 si
1548 665 1623 694 tam
1654 662 1726 702 piis
1756 672 1861 701 quam

259 710 420 740 honestis
437 710 586 741 caeteris
601 709 733 740 studiis
750 709 923 748 praebent
946 707 1117 739 vtilitatis
1140 708 1299 738 fructum
1327 716 1406 738 mea
1432 708 1576 747 scripta,
1597 716 1671 738 non
1696 706 1864 738 existimo

259 754 298 783 in
315 754 382 784 hoc
408 753 471 784 illa
498 753 693 784 discrimen
721 753 852 783 adduci
879 752 1087 788 consultum
1116 760 1201 790 esse,
1219 752 1260 782 vt
1287 751 1330 782 ob
1354 751 1653 782 communitatem
1679 751 1863 782 vobiscum

260 799 429 828 testatam
453 798 531 837 ipsa
553 806 694 836 quoque
719 797 970 836 improbentur
991 795 1050 826 vel
1073 794 1363 825 condemnentur
1386 795 1534 825 omnino
1557 796 1593 825 et
1614 804 1657 825 ex
1672 793 1864 826 hominum

259 841 428 872 manibus
453 842 686 872 excutiantur
697 839 726 872 ''.
776 840 1007 880 Ignoscerent
1034 839 1092 869 vel
1118 838 1242 869 timori
1267 838 1323 869 vel
1348 839 1507 869 cautioni
1534 839 1595 869 isti
1611 847 1704 877 suae,
1722 838 1863 878 sibique

258 885 518 924 persuaderent
535 895 569 916 se
585 885 636 915 eis
653 885 743 915 bene
760 894 897 924 cupere,
916 885 952 914 et
969 883 1012 913 ab
1029 892 1065 914 se
1081 881 1164 913 aliis
1180 883 1284 913 rebus
1301 881 1413 912 officia
1428 891 1492 913 sua
1508 882 1580 912 fore
1597 882 1834 921 paratissima.

307 928 491 959 ‘Seniores
518 929 576 959 his
601 928 747 968 auditis,
775 928 843 959 etsi
868 927 1147 967 expectauerant
1172 926 1282 956 aliam
1309 926 1588 965 responsionem,
1608 926 1714 956 istam
1741 928 1863 957 tamen

259 972 525 1002 excusationem
552 973 637 1003 boni
663 972 931 1008 consuluerunt,
950 980 1032 1001 cum
1060 970 1275 1010 praesertim
1301 969 1546 1000 humanorum
1571 969 1865 1000 testimoniorum

260 1015 541 1047 fundamentum
567 1025 755 1054 nunquam
782 1015 996 1046 statuissent
1023 1013 1229 1045 iaciendum
1254 1023 1362 1053 supra
1389 1013 1485 1052 quod
1512 1013 1679 1044 veritatis
1703 1013 1865 1045 coelestis

259 1059 465 1091 aedificium
481 1059 731 1090 extrueretur.'

305 1103 533 1134 Camerarius
560 1113 626 1134 can
660 1103 792 1143 hardly
822 1102 913 1133 have
940 1101 1013 1132 had
1043 1111 1115 1141 any
1145 1101 1310 1140 personal
1343 1100 1552 1140 knowledge
1583 1101 1622 1131 of
1647 1101 1709 1131 the
1740 1103 1866 1132 events

262 1147 452 1185 recorded3
475 1148 539 1177 but
556 1157 593 1177 as
609 1147 656 1177 he
671 1157 745 1177 was
769 1156 787 1176 a
805 1146 956 1177 student
980 1147 1017 1175 at
1042 1145 1169 1176 Erfurt
1191 1144 1284 1175 from
1312 1145 1396 1182 1518
1420 1145 1597 1184 onwards,
1617 1145 1663 1175 he
1680 1154 1763 1185 may
1778 1154 1865 1184 very

261 1190 375 1230 likely
392 1192 481 1221 have
499 1190 611 1221 heard
628 1191 690 1220 the
706 1192 805 1230 story
818 1190 911 1220 from
928 1189 1052 1228 Draco,
1064 1189 1147 1219 who
1163 1191 1262 1219 went
1278 1190 1314 1219 to
1325 1188 1488 1219 Louvain
1505 1190 1540 1219 to
1555 1197 1626 1228 pay
1640 1188 1700 1219 his
1716 1188 1865 1228 homage

261 1236 297 1264 to
325 1234 494 1265 Erasmus
521 1235 557 1264 at
586 1234 649 1264 the
673 1234 745 1265 end
770 1234 808 1264 of
829 1233 917 1272 July
945 1242 1028 1272 1520
1054 1233 1135 1274 (Ep.
1164 1242 1254 1271 1127.
1286 1231 1373 1272 1-2)‚
1404 1231 1546 1271 shortly
1571 1232 1665 1263 after
1689 1232 1752 1263 the
1779 1232 1864 1263 visit

261 1278 299 1308 of
310 1278 372 1308 the
389 1278 571 1308 Brethren
587 1278 661 1308 had
678 1276 924 1308 occurred—if
938 1277 968 1307 it
985 1277 1015 1307 is
1031 1276 1169 1316 rightly
1186 1276 1310 1315 placed
1327 1276 1367 1306 in
1379 1275 1474 1306 June
1490 1275 1561 1305 and
1578 1277 1641 1306 not
1657 1276 1698 1306 in
1714 1276 1863 1315 August.

306 1322 376 1352 For
391 1322 699 1352 communication
716 1323 878 1352 between
894 1321 957 1351 the
974 1320 1172 1351 Bohemian
1185 1320 1394 1358 Utraquists
1410 1319 1483 1350 and
1499 1319 1637 1350 Luther
1652 1320 1691 1350 in
1711 1328 1795 1360 1519
1809 1329 1867 1351 see

262 1365 349 1396 ΙιΕ.2
369 1375 441 1406 195,
463 1367 534 1405 196,
561 1375 635 1404 223,
662 1375 736 1404 232.
786 1365 856 1395 His
881 1365 1018 1395 verdict
1048 1374 1094 1394 on
1120 1364 1219 1394 their
1243 1363 1368 1394 letters
1397 1373 1479 1401 was,
1504 1362 1748 1394 ‘Erasmisant
1775 1364 1867 1394 miro

261 1410 377 1449 modo,
396 1411 471 1440 tam
489 1419 594 1440 sensu
611 1419 719 1449 quam
736 1409 830 1449 stylo
843 1409 850 1420 ’
869 1407 973 1449 (LE.2
989 1418 1063 1447 223.
1083 1406 1207 1448 40,1).]

487 1506 694 1537 ERASMVS
726 1505 949 1536 ROTEROD.
982 1505 1205 1535 GERMANO
1238 1504 1401 1534 BRIXIO
1433 1504 1513 1535 SVO
1547 1506 1580 1535 S.
1605 1505 1648 1535 D.

319 1594 417 1632 Dvm
433 1608 555 1632 curru
571 1594 700 1632 vehor
714 1593 1031 1642 Antuuerpiam‚
1051 1592 1155 1631 forte
1171 1592 1320 1631 obuius
1336 1606 1461 1642 eques
1478 1593 1685 1642 quispiam
1700 1593 1867 1642 Anglus

264 1649 358 1686 tuas
378 1648 485 1686 mihi
504 1648 644 1686 literas
663 1647 857 1694 reddidit,
880 1661 982 1697 quas
1002 1648 1049 1685 tu
1070 1647 1212 1685 tertias
1230 1661 1319 1685 esse
1341 1648 1563 1695 significas.
1616 1648 1866 1696 Expostulas

264 1703 372 1752 quod
412 1717 495 1741 non
533 1702 828 1751 rescripserim,
869 1702 938 1739 sed
979 1701 1148 1751 grauius
1190 1702 1317 1739 etiam
1356 1702 1466 1751 quod
1498 1698 1637 1739 isthuc
1672 1714 1738 1739 me
1778 1714 1862 1740 non

263 1758 504 1806 receperim3
525 1759 565 1794 et
581 1756 663 1795 nisi
676 1770 742 1794 1116
755 1770 927 1806 purgem
941 1756 1202 1805 grauioribus
1215 1756 1483 1806 argumentis,
1501 1755 1621 1793 visin
1635 1756 1867 1804 periculum

263 1811 406 1849 venire
445 1825 525 1857 me,
567 1824 618 1849 ne
656 1811 796 1849 videar
834 1823 978 1848 exosos
1020 1810 1171 1848 habere
1216 1810 1468 1848 Lutecianos
1510 1810 1665 1848 amicos
1707 1823 1862 1849 omnes.

264 1866 483 1904 Postremo
521 1879 605 1903 non
644 1878 806 1903 recusas
843 1878 940 1902 cum
979 1865 1095 1902 Moro
1127 1865 1261 1903 redire
1295 1865 1340 1902 in
1373 1865 1561 1914 gratiam,
1597 1877 1665 1902 me
1698 1865 1866 1914 quidem

264 1921 417 1968 autore,
448 1922 669 1958 contentus
696 1920 772 1957 1106
799 1918 1049 1969 praeiudicio
1074 1932 1179 1966 meo,
1209 1919 1317 1968 quod
1344 1919 1467 1956 illum
1498 1918 1732 1956 eruditione
1755 1932 1866 1968 prae-

264 1974 408 2012 cellas:
439 1974 497 2012 sic
517 1974 629 2012 enim
656 1973 938 2023 interpretaris
965 1973 1089 2011 verba
1116 1974 1318 2022 quaedam
1346 1986 1437 2011 mea
1464 1973 1600 2010 nescio
1627 1986 1739 2023 quae,
1763 1986 1867 2023 quae

265 2028 507 2077 scripseram
528 2029 578 2066 ad
599 2028 839 2066 Beraldum.

318 2083 386 2121 Ad
414 2096 517 2132 quae
540 2085 587 2121 vt
611 2082 751 2131 paucis
777 2082 1163 2131 respondeam—sic
1195 2082 1309 2119 enim
1335 2081 1519 2130 postulat
1540 2084 1781 2130 tempus—2
1821 2081 1867 2119 Si

265 2136 454 2185 vidisses,
474 2137 757 2175 eruditissime
777 2136 909 2181 Brixi,
933 2139 1139 2185 quantum
1161 2136 1320 2185 negocii
1339 2135 1446 2173 mihi
1465 2136 1591 2173 fuerit
1612 2136 1655 2173 in
1682 2136 1866 2173 refellen-

264 2191 329 2229 dis
349 2194 441 2230 tum
461 2191 638 2229 aliorum
658 2192 749 2229 tum
770 2190 842 2228 Lei
868 2190 1101 2238 calumniis,
1124 2190 1159 2228 si
1185 2190 1347 2228 videres
1374 2189 1552 2228 sarcinas
1577 2190 1859 2239 epistolarum,

265 2246 416 2295 quibus
449 2245 635 2295 legendis
671 2245 890 2295 aliquoties
923 2245 994 2282 vix
1031 2245 1216 2294 suppetit
1255 2244 1402 2291 ocium,
1445 2244 1482 2282 si
1520 2244 1702 2282 laborem
1740 2257 1866 2293 quem

264 2300 428 2338 assidue
447 2300 600 2338 colloco
621 2299 912 2347 describendis,
934 2299 1207 2337 emendandis
1227 2311 1271 2336 ac
1292 2298 1631 2348 recognoscendis
1651 2298 1780 2345 libris,
1803 2301 1866 2336 sat

264 2354 360 2400 scio,
384 2367 488 2403 quae
507 2356 579 2391 tua
597 2356 660 2391 est
680 2354 931 2398 humanitas,
952 2353 1072 2391 facile
1091 2353 1256 2391 veniam
1278 2353 1393 2390 dares
1413 2355 1554 2390 nostro
1572 2352 1749 2390 silentio.
1799 2352 1866 2391 Ad

266 2408 364 2446 haec
388 2408 560 2446 accessit
586 2408 759 2446 aduersa
786 2408 980 2447 valetudo
1006 2419 1055 2445 ex
1081 2409 1195 2445 aestu
1222 2408 1443 2453 contracta,
1464 2420 1566 2456 quae
1593 2419 1659 2444 me
1685 2406 1867 2456 grauiter

266 2461 422 2506 afflixit,
463 2463 505 2499 et
543 2462 676 2500 adhuc
714 2462 838 2500 habet
874 2461 1127 2499 imbecillem
1167 2464 1206 2499 et
1245 2461 1381 2510 aliqua
1415 2474 1465 2498 ex
1499 2462 1613 2510 parte
1647 2461 1713 2499 sui
1749 2460 1863 2499 iuris.

266 2516 426 2554 Deinde
446 2515 589 2554 nullus
608 2517 784 2555 occurrit
804 2516 878 2566 qui
897 2529 940 2553 se
960 2515 1112 2553 diceret
1131 2515 1239 2553 istuc
1258 2515 1429 2553 iturum.

321 2569 413 2608 Iam
442 2570 551 2619 finge
580 2570 795 2619 pigriciam
824 2571 869 2608 in
898 2583 1020 2608 causa
1048 2570 1176 2607 fuisse
1205 2582 1285 2619 quo
1314 2569 1456 2606 minus
1483 2568 1744 2618 scripserim:
1783 2581 1866 2606 non

509 2681 572 2703 TIT.
590 2682 652 2702 svo
668 2683 726 2703 om.
743 2674 787 2702 H.
905 2683 953 2704 10.
980 2675 1123 2711 tenipus
1140 2674 1168 2702 Γ
1183 2682 1190 2701 :
1215 2672 1386 2710 temporis
1403 2673 1566 2711 angustia
1584 2674 1624 2702 II.

313 2787 340 2807 1.
367 2786 474 2815 eques
491 2801 499 2808 .
527 2801 533 2807 .
563 2801 569 2807 .
595 2775 749 2818 Anglus]
775 2776 826 2808 Cf.
841 2787 874 2816 p.
892 2778 967 2815 296.
1138 2786 1168 2814 9.
1195 2775 1240 2806 ad
1263 2775 1474 2816 Ber-aldum]
1501 2775 1575 2806 The
1606 2775 1714 2806 letter
1741 2775 1772 2805 is
1802 2775 1869 2805 not

312 2831 343 2851 2.
368 2819 509 2860 literas]
535 2820 597 2859 Ep.
640 2829 733 2858 1045,
774 2820 948 2860 probably
979 2820 1041 2851 the
1095 2820 1232 2849 extant.
1282 2820 1318 2849 It
1332 2829 1406 2849 was
1422 2819 1576 2859 perhaps
1592 2819 1868 2858 contemporary

268 2864 347 2895 first
362 2864 401 2894 of
414 2864 474 2893 the
485 2863 598 2902 three,
613 2864 642 2893 is
654 2864 716 2894 the
727 2864 1040 2903 onlyoneextant.
1094 2862 1187 2893 with
1218 2862 1279 2902 Ep.
1302 2863 1394 2893 1066.
1443 2863 1612 2893 Erasmus
1638 2861 1749 2892 refers
1775 2862 1811 2892 to
1837 2861 1868 2892 it

312 2918 344 2947 3.
372 2917 428 2938 me
456 2917 529 2938 non
558 2906 767 2948 receperim]
796 2908 842 2938 In
873 2916 1041 2947 response
1094 2906 1198 2945 again
1215 2906 1254 2936 in
1271 2906 1332 2946 Ep.
1351 2916 1445 2945 1131.
1465 2915 1590 2945 11—13:
1613 2906 1656 2937 cf.
1675 2905 1750 2936 also
1763 2904 1800 2935 11.
1811 2905 1865 2944 36,

269 2953 305 2982 to
316 2951 379 2983 the
391 2950 556 2981 renewed
567 2951 780 2980 invitations
787 2950 879 2981 from
893 2951 1042 2982 Franco:
1097 2959 1137 2988 74
1154 2951 1252 2987 infra.

269 3004 326 3026 see
351 2994 438 3034 Epp.
471 3004 549 3034 994.
578 3003 657 3032 11n,
690 2995 780 3025 1080.
808 3004 865 3033 311,
896 2993 968 3025 and
998 2994 1041 3025 cf.
1143 2994 1191 3023 16.
1217 2992 1402 3034 valetudo]
1426 2993 1491 3024 See
1508 2993 1570 3032 Ep.
1592 2991 1826 3023 1112int1·0d.

269 3038 306 3070 11.
327 3048 438 3078 29-30
455 3039 546 3074 infra.
708 3053 710 3055 ·
1183 3036 1299 3077 aestu]
1325 3037 1375 3067 Cf.
1397 3037 1460 3076 Ep.
1481 3045 1577 3074 1114.
1593 3045 1668 3076 14n.
