1990 3353
77 128 199 184 1211]

581 127 652 166 ΤΟ
690 127 716 166 J
721 125 940 166 ODOCUS
978 125 1005 164 J
1010 124 1158 164 ONAS

1595 124 1673 162 521

131 241 238 280 Cum
251 253 374 279 nemo
386 239 519 289 magis
530 239 688 277 faueret
701 237 963 277 Christianae
974 236 1130 286 pietati,
1147 237 1290 274 tamen
1305 247 1400 284 erga
1412 234 1675 282 monasteria,
1698 247 1759 279 445

77 308 180 346 quae
208 307 322 333 nunc
349 294 454 333 falso
483 293 655 332 nomine
683 292 877 342 pleraque
911 291 970 330 sic
997 291 1211 337 vocantur,
1242 289 1470 328 minimum
1502 288 1680 327 habebat

77 349 271 388 affectus:
310 348 451 398 eisque
485 349 559 386 aut
591 346 700 385 nihil
733 348 805 384 aut
837 359 962 395 quam
995 345 1222 383 minimum
1256 343 1518 393 largiebatur,
1551 357 1597 381 ac
1627 356 1680 381 ne

77 404 261 442 moriens
292 402 462 453 quidem
492 401 650 451 aliquid
687 400 773 438 illis
804 399 966 438 decidit.

78 458 255 506 ordines,
277 458 345 496 sed
368 455 477 507 quod
496 455 690 494 homines
708 467 806 493 suae
825 454 1072 503 professioni
1093 467 1177 491 non
1203 453 1512 503 responderent.

1028 399 1123 438 Non
1156 399 1265 449 quod
1303 398 1463 437 inuisos
1501 397 1680 490 habssibat

1612 465 1681 490 am

77 513 158 562 ipsi
177 513 222 550 in
241 512 350 550 votis
369 513 457 549 erat
476 523 520 548 se
539 522 708 560 prorsus
726 508 778 548 ab
797 509 875 547 hoc
895 508 1055 546 mundo
1075 508 1287 556 extricare,
1309 507 1441 545 sicubi
1461 506 1680 556 reperisset
1699 522 1763 553 450

78 566 320 605 sodalitium
339 578 436 604 vere
455 564 719 603 coniuratum
739 563 785 601 in
797 563 929 602 vitam
944 562 1254 611 Euangelicam.
1295 562 1437 612 Atque
1457 561 1499 599 id
1520 560 1681 610 negocii
1722 566 1725 569 '

78 621 185 660 mihi
207 620 412 670 delegarat
432 619 603 657 Italiam
622 618 800 665 adituro,
823 629 998 655 narrans
1024 629 1113 655 sese
1139 616 1246 665 apud
1269 615 1399 654 Italos
1430 616 1680 664 comperisse

80 675 281 725 quosdam
302 674 528 712 monachos
546 686 643 711 vere
662 672 887 722 prudentes
906 685 952 710 ac
971 671 1072 721 pios.

1132 670 1217 708 Nec
1238 670 1353 708 enim
1379 670 1449 708 ille
1473 669 1682 708 iudicabat

80 743 168 768 esse
206 729 453 779 religionem
488 741 614 777 quam
646 727 798 777 vulgus
837 726 1003 771 iudicat,
1040 738 1136 764 cum
1171 725 1224 763 sit
1261 724 1483 774 aliquoties
1520 724 1680 773 ingenii

78 783 262 834 penuria.
303 783 518 821 Laudabat
539 785 580 820 et
596 782 828 821 Germanos
847 780 1022 830 aliquot,
1043 779 1153 830 apud
1175 791 1276 828 quos
1296 779 1525 817 residerent
1540 779 1680 816 etiam·
1699 795 1738 826 45
1745 794 1762 825 5

77 851 183 876 num
209 839 362 888 priscae
390 836 605 886 religionis
624 836 810 886 vestigia.

871 834 1070 874 Dictitare
1090 833 1195 872 solet
1215 847 1258 871 se
1278 846 1484 883 nusquam
1504 833 1681 882 reperire

78 893 221 931 minus
253 894 467 942 corruptos
500 904 637 929 mores
669 903 792 940 quam
826 890 937 928 inter
974 889 1225 938 coniugatos,
1259 887 1367 937 quod
1402 887 1479 925 hos
1511 888 1682 925 affectus

78 951 261 995 naturae,
283 959 380 985 cura
405 946 645 994 liberorum,
668 958 713 983 ac
740 958 804 982 res
822 944 1041 983 familiaris
1066 943 1125 981 ita
1144 942 1276 981 veluti
1301 941 1495 980 cancellis
1516 941 1682 991 quibus-

78 1002 174 1040 dam
195 1001 501 1050 distringerent,
525 1002 573 1038 vt
593 1013 677 1037 non
697 999 861 1049 possint
880 998 926 1037 in
946 1011 1070 1037 omne
1089 997 1239 1047 flagitii
1258 1010 1391 1046 genus
1411 995 1584 1046 prolabi.

132 1056 238 1095 Cum
272 1056 358 1105 ipse
392 1055 624 1093 castissime
654 1054 827 1101 viueret‚
862 1055 1003 1092 tamen
1033 1054 1144 1090 inter
1176 1051 1399 1090 illaudatos
1425 1051 1568 1089 minus
1594 1053 1681 1088 erat
1700 1056 1765 1097 460

77 1109 248 1160 iniquus
268 1110 334 1148 his
354 1111 425 1160 qui
443 1110 613 1147 tametsi
633 1109 863 1147 sacerdotes
883 1110 1020 1146 essent
1046 1109 1119 1145 aut
1146 1107 1271 1144 etiam
1298 1105 1504 1153 monachi,
1528 1117 1681 1143 venere

76 1165 278 1203 duntaxat
297 1167 534 1214 peccarent:
564 1177 649 1202 non
670 1163 780 1213 quod
800 1161 1084 1212 impudicitiae
1104 1161 1258 1200 vitium
1285 1173 1371 1198 non
1391 1160 1676 1208 detestaretur,

76 1219 147 1257 sed
169 1219 278 1269 quod
300 1219 377 1257 hos
396 1219 656 1268 experiretur
675 1218 812 1256 inulto
837 1217 980 1255 minus
1007 1215 1151 1262 malos,
1174 1215 1337 1266 quoties
1367 1228 1435 1253 eos
1464 1227 1559 1253 cum
1587 1213 1680 1253 aliis

77 1274 292 1322 conferret,
309 1273 380 1323 qui
401 1286 497 1311 cum
516 1275 655 1311 essent
675 1272 796 1310 elatis
814 1271 978 1319 animis,
995 1271 1140 1317 inuidi,
1155 1269 1356 1317 maledici,
1373 1270 1678 1315 obtrectatores,

77 1328 216 1374 fucati,
238 1328 346 1376 vani,
370 1328 541 1375 indocti,
565 1329 653 1366 toto
672 1329 835 1376 pectore
854 1326 1052 1376 pecuniae
1072 1329 1111 1363 et
1135 1324 1355 1363 ambitioni
1375 1323 1517 1370 dediti,
1539 1326 1680 1361 tamen
1699 1328 1762 1369 465

78 1383 155 1420 sibi
178 1396 378 1433 magnum
398 1382 595 1432 quiddam
616 1394 706 1420 esse
720 1381 962 1419 viderentur
977 1394 987 1428 ;
1017 1393 1113 1418 cum
1129 1379 1280 1417 alteros
1299 1378 1523 1417 infirmitas
1539 1378 1681 1427 agnita

75 1437 265 1475 redderet
293 1437 539 1475 humiliores
568 1449 613 1474 ac
643 1435 929 1474 modestiores.

986 1433 1141 1473 Aiebat
1169 1433 1302 1482 magis
1329 1433 1602 1471 execrandam
1636 1433 1680 1469 in

73 1491 282 1530 sacerdote
301 1492 523 1530 auaritiam
544 1493 586 1529 et
605 1490 841 1539 superbiam
854 1502 981 1539 quam
997 1489 1033 1527 si
1047 1492 1216 1526 centum
1232 1487 1401 1526 haberet
1416 1486 1678 1526 concubinas.

77 1546 138 1584 Ne
171 1559 269 1584 vero
302 1547 525 1596 quisquam
556 1546 659 1583 haec
690 1546 771 1583 huc
805 1546 949 1594 rapiat,
982 1546 1029 1582 vt
1062 1545 1182 1592 putet
1209 1542 1302 1580 leue
1331 1541 1491 1580 crimen
1520 1554 1607 1580 esse
1635 1542 1680 1579 in

77 1600 286 1639 sacerdote
317 1603 389 1639 aut
418 1600 622 1639 monacho
650 1599 881 1645 libidinem,
911 1598 982 1637 sed
1013 1599 1060 1636 vt
1093 1597 1303 1646 intelligat
1336 1596 1514 1635 alterum
1549 1609 1681 1646 genus
1700 1612 1765 1646 470

71 1655 236 1704 longius
255 1655 395 1694 abesse
414 1668 438 1694 a
456 1668 555 1693 vera
573 1654 737 1704 pietate.

131 1709 251 1748 Nulli
283 1710 525 1748 mortalium
556 1709 696 1758 generi
734 1709 822 1746 erat
862 1706 1068 1746 infensior
1099 1719 1226 1756 quam
1263 1704 1466 1755 episcopis
1497 1705 1569 1754 qui
1606 1718 1680 1755 pro

75 1765 310 1814 pastoribus
339 1764 460 1814 lupos
488 1763 677 1813 agebant,
702 1776 774 1801 nec
800 1762 910 1800 vllos
935 1762 1071 1811 magis
1099 1760 1391 1807 execrabatur;
1422 1760 1532 1808 quod
1561 1760 1679 1798 cultu

73 1832 200 1866 sacro,
250 1818 505 1867 ceremoniis,
551 1817 912 1856 benedictionibus
962 1829 1008 1854 ac
1055 1815 1233 1854 veniolis
1280 1827 1367 1853 sese
1416 1814 1681 1852 venditarent

74 1874 236 1924 populo,
259 1886 354 1911 cum
374 1875 462 1911 toto
482 1874 647 1923 pectore
667 1872 874 1910 seruirent
895 1859 1065 1918 mundd,
1085 1869 1162 1908 hoc
1182 1871 1244 1907 est
1264 1869 1420 1919 gloriae
1440 1874 1481 1907 et
1502 1869 1677 1919 questui.
1700 1881 1762 1913 475

74 1928 108 1965 E
131 1928 334 1978 Dionysio
360 1928 615 1976 caeterisque
634 1926 781 1976 priscis
799 1925 1004 1974 theologis
1028 1924 1232 1975 quaedam
1253 1924 1458 1962 hauserat.

1521 1923 1681 1971 Quibus

76 1995 160 2020 non
181 1983 238 2020 ita
256 1981 422 2020 fauebat
435 1983 481 2021 vt
493 1993 670 2031 vsquam
691 1979 958 2020 contenderet
980 1979 1181 2017 aduersus
1202 1979 1363 2016 decreta
1376 1977 1676 2025 Ecclesiastica,

75 2037 146 2075 sed
176 2040 318 2075 tamen
337 2039 384 2075 vt
411 2036 554 2074 minus
583 2038 690 2074 esset
717 2034 887 2085 iniquus
914 2034 967 2072 iis
987 2034 1058 2084 qui
1083 2047 1168 2072 non
1199 2033 1421 2081 probarent
1448 2032 1505 2070 sic
1525 2032 1682 2082 passim

77 2092 120 2129 in
152 2091 322 2141 templis
354 2091 516 2129 adorari
548 2091 751 2141 imagines
780 2089 921 2140 pictas,
956 2088 1123 2138 ligneas,
1157 2099 1311 2135 saxeas,
1343 2100 1490 2134 aereas,
1523 2099 1679 2134 aureas,

164 2212 238 2249 448.
265 2210 419 2241 habebat
434 2212 586 2248 FCorriy.
602 2221 608 2242 :
635 2210 765 2241 habeat
782 2212 818 2241 F.

75 2315 137 2342 out
153 2311 231 2342 that
249 2311 444 2342 elsewhere
463 2310 635 2342 Erasmus
658 2310 785 2349 speaks
809 2310 848 2340 of

76 2355 240 2395 Aquinas
269 2354 362 2385 with
389 2356 490 2394 great
513 2355 675 2394 respect:
709 2363 772 2393 e.g.
805 2353 843 2383 in

76 2403 194 2431 Armot.
219 2408 264 2430 on
293 2398 394 2429 Rom.
426 2408 452 2430 1.
481 2409 511 2437 4,
541 2408 574 2438 p.
601 2406 666 2436 413
693 2397 731 2428 of
761 2398 846 2435 1516

76 2443 225 2474 edition.
272 2441 320 2473 Of
333 2442 392 2472 his
404 2441 508 2482 style,
522 2441 698 2480 however,
716 2441 761 2472 he
775 2440 845 2470 had

78 2487 147 2518 less
163 2486 308 2527 opinion
328 2485 386 2525 (cf.
410 2486 477 2525 Ep.
493 2495 568 2525 379.
589 2486 659 2525 5,6)
676 2495 684 2515 ε
707 2484 845 2523 though

78 2531 158 2562 that
175 2539 247 2561 was
264 2531 328 2560 not
343 2529 442 2560 what
459 2529 559 2560 Colet
573 2528 765 2559 demurred
782 2530 829 2559 to.

120 2584 193 2614 451.
221 2572 449 2614 sodalitium]
474 2572 567 2604 Such
581 2572 712 2603 asthat
726 2572 846 2602 which

81 2618 163 2649 Chr.
206 2619 244 2649 of
272 2617 472 2648 Utenheim
503 2616 577 2647 and
607 2615 848 2655 WVimpfeling

77 2661 215 2692 wished
233 2663 268 2692 to
284 2659 395 2691 found
412 2662 451 2691 in
476 2660 539 2691 the
564 2659 676 2691 Black
702 2659 825 2690 Forest
841 2670 848 2698 ;

78 2715 134 2736 see
151 2705 212 2745 Ep.
233 2705 297 2744 598
315 2703 448 2735 introd.

123 2758 196 2788 452.
223 2748 315 2788 apud
332 2747 460 2789 Italos]
486 2747 614 2779 Colet's
625 2749 847 2778 movements

80 2793 119 2823 in
146 2792 244 2832 Italy
265 2794 398 2823 cannot
420 2792 463 2822 be
494 2790 640 2822 traced:
669 2791 732 2821 but
762 2791 792 2821 it
818 2791 848 2820 is

80 2836 194 2876 likely
208 2836 289 2867 that
306 2836 352 2866 he
368 2835 498 2866 visited
517 2834 651 2873 Padua,
668 2834 788 2864 where
802 2834 848 2864 he

81 2879 198 2911 would
221 2889 279 2910 see
302 2879 366 2910 the
388 2878 516 2918 Abbey
533 2878 570 2909 01¹
591 2878 640 2909 St.
659 2878 845 2916 Justina’s,

83 2923 169 2954 then
197 2923 259 2954 the
288 2925 412 2954 centre
436 2921 474 2953 of
494 2921 555 2953 the
580 2921 710 2952 reform
732 2930 848 2952 move-

81 2969 181 2998 ment
197 2967 234 2997 in
254 2967 297 2998 N.
314 2966 422 3005 Italy.

127 3020 201 3050 455.
228 3008 441 3051 Germanos]
467 3008 626 3049 Perhaps
642 3008 704 3040 the
721 3008 848 3040 Breth-

908 2218 981 2248 454.
1007 2207 1144 2238 iudicat
1160 2210 1310 2244 Fcorrzq.
1328 2217 1335 2236 :
1360 2206 1541 2237 iudicabat
1557 2208 1593 2237 F.

914 2318 977 2339 ren
1004 2308 1044 2339 of
1066 2307 1130 2338 the
1155 2307 1328 2337 Common
1355 2305 1442 2345 Life,
1461 2316 1501 2336 οι·
1526 2315 1623 2336 some
1649 2306 1687 2335 of

913 2352 975 2382 the
1003 2350 1179 2382 reformed
1207 2349 1341 2388 orders,
1360 2350 1445 2380 such
1475 2359 1513 2380 as
1540 2350 1622 2380 that
1649 2349 1688 2380 of

914 2395 1082 2427 Bursfeld
1108 2394 1167 2435 (cf.
1195 2403 1257 2433 my
1285 2396 1350 2432 Aye
1377 2395 1410 2430 of
1431 2396 1596 2432 Erasmus,
1623 2403 1679 2434 pp.

917 2439 1051 2480 79-84)‚
1082 2438 1200 2469 whom
1231 2437 1329 2468 Colet
1357 2447 1440 2477 may
1465 2438 1558 2468 have
1586 2447 1679 2468 seen.

916 2484 951 2514 It
969 2493 1042 2514 was
1057 2481 1215 2522 possibly
1230 2480 1306 2511 this
1327 2482 1474 2520 opinion
1500 2483 1537 2511 of
1560 2481 1683 2512 which

917 2527 1086 2558 Erasmus
1110 2524 1302 2556 reminded
1325 2524 1426 2555 Colet
1450 2526 1489 2555 in
1516 2525 1599 2564 1516
1624 2524 1682 2565 (cf.

917 2571 980 2611 Ep.
1007 2580 1081 2609 423.
1108 2570 1228 2609 26-8);
1254 2578 1300 2599 no
1324 2568 1436 2599 doubt
1460 2570 1499 2599 in
1523 2569 1686 2609 praising

916 2616 1098 2653 Germany
1126 2616 1162 2644 to
1182 2612 1261 2643 him
1289 2621 1328 2642 as
1352 2613 1398 2642 he
1430 2612 1502 2643 had
1529 2612 1622 2643 done
1650 2616 1686 2643 to

915 2659 1020 2689 other
1042 2657 1182 2688 friends
1205 2659 1242 2687 at
1265 2656 1327 2686 the
1348 2665 1445 2686 same
1469 2657 1556 2686 time
1582 2656 1685 2696 (Epp.

915 2711 989 2740 411.
1009 2710 1090 2740 3,4;
1116 2711 1191 2747 41-4.
1215 2710 1342 2738 10-123
1366 2701 1440 2738 416.
1458 2701 1543 2740 8,9).

960 2747 1034 2784 456.
1063 2745 1167 2784 solet]
1187 2744 1238 2775 Cf.
1256 2743 1278 2774 l.
1297 2744 1376 2783 89n.

961 2799 1037 2828 457.
1061 2787 1284 2828 coniugatos]
1310 2787 1360 2818 Cf.
1382 2787 1418 2817 ll.
1439 2787 1578 2826 368—70.

961 2833 1035 2872 476.
1060 2830 1251 2871 Dionysio]
1264 2831 1331 2862 For
1342 2830 1470 2862 Colet's
1481 2831 1631 2861 interest
1645 2832 1683 2860 in

917 2876 979 2907 the
1006 2876 1171 2915 writings
1200 2874 1399 2905 attributed
1429 2877 1466 2905 to
1491 2874 1552 2904 the
1577 2875 1683 2904 Areo-

917 2920 1035 2960 pagite
1054 2920 1113 2960 (cf.
1131 2919 1204 2949 also
1218 2918 1240 2950 l.
1254 2920 1333 2958 272)
1350 2928 1406 2949 see
1424 2918 1486 2948 the
1503 2917 1683 2948 introduc-

918 2964 995 2994 tion
1013 2966 1049 2994 to
1070 2963 1129 2993 his
1147 2965 1295 2992 Treatises
1318 2972 1356 2992 on
1378 2965 1424 2992 tlte
1440 2964 1640 2992 Hierarchies
1656 2962 1691 2997 os

918 3009 1098 3046 Dionysius,
1116 3005 1170 3037 ed.
1188 3006 1342 3046 Lupton,
1363 3006 1456 3045 1869.
