1990 3353
69 133 188 188 1223]
517 135 586 174 ΤΟ
625 134 854 174 CONRAD
893 134 1212 173 GOCLENIUS
1588 135 1667 172 553

65 244 217 294 virum,
239 247 282 283 et
300 244 492 283 sedulum
518 257 564 283 ac
593 244 838 295 diligentem
869 245 1120 294 optimarum
1142 245 1355 284 litei-amm
1375 245 1664 295 professorem.

67 298 196 338 Nulla
223 299 382 337 ratione
415 298 549 349 possis
579 298 683 337 istos
707 299 832 337 citius
860 299 912 337 ad
943 299 1215 349 suspendium
1243 299 1429 349 adigere:
1460 313 1541 350 quo
1569 313 1668 338 sane
1689 317 1727 350 25

65 353 306 403 dignissimi
325 356 434 399 sunt,
459 353 531 402 qui
550 353 731 403 publicis
752 352 874 391 bonis
896 355 1112 403 tantopere
1130 354 1446 401 discruciantur,
1470 367 1554 392 non
1574 354 1668 393 aliis

65 407 188 446 modo
225 406 501 447 verumetiam
539 407 723 457 sibiipsis
759 407 1010 446 inuidentes.
1069 408 1317 446 Excusatius
1354 409 1469 446 enim
1508 408 1669 447 inuidet

64 462 201 513 γείτονι
227 463 359 514 γείτων
380 464 447 501 Εἷς
472 463 611 510 ἅφενον
639 461 846 500 σπεύδοντι.
904 463 965 500 At
992 461 1060 500 his
1089 462 1133 500 in
1163 475 1290 499 manu
1318 467 1381 501 est
1410 462 1556 501 iisdem
1585 462 1669 500 frui

65 516 293 554 commodis
324 515 478 566 quibus
515 515 619 554 alios
648 516 782 554 iuuari
820 518 1091 554 macerantur.
1162 515 1275 554 Illud
1315 516 1524 565 imprimis
1561 516 1669 554 mihi

66 583 230 619 semper
257 570 302 609 in
328 572 500 620 vtroque
526 572 713 609 vestrum
742 569 911 619 placuit,
934 570 1042 620 quod
1066 572 1114 607 vt
1141 583 1275 608 mores
1301 571 1454 609 absunt
1477 571 1528 608 ab
1552 570 1670 609 omni
1689 582 1729 613 30

63 625 335 674 turpitudine,
358 625 418 663 ita
436 626 547 662 casta
566 627 627 663 est
647 626 689 662 et
713 624 924 674 professio,
948 637 1083 674 neque
1102 626 1214 662 casta
1234 625 1370 662 solum
1390 626 1669 663 verumetiam

63 679 264 717 modesta.
308 678 417 727 Quid
436 678 551 716 enim
571 679 734 717 sensuri
755 681 856 717 sunt
875 678 1032 717 cordati
1051 679 1141 726 viri,
1160 692 1290 728 quum
1310 679 1480 717 audient
1493 679 1669 718 Louanii

63 733 241 782 poetices
278 746 324 771 ac
358 733 583 772 rhetorices
614 733 915 783 professionem
943 746 1019 771 nec
1053 733 1346 771 obscoenitatis
1378 733 1530 772 habere
1562 734 1669 783 quic-

63 800 188 837 quam
219 800 292 825 nec
321 787 664 835 maledicentiae;
693 787 946 837 theologicas
974 787 1173 826 lectiones
1199 800 1244 825 ac
1270 800 1406 826 sacras
1433 788 1557 826 etiam
1577 801 1668 826 con-

63 841 203 880 ciones
223 841 558 880 mendacissimis
577 840 778 880 conuiciis
806 841 864 880 sic
889 855 976 880 esse
1003 842 1274 880 fermentatas
1293 844 1338 879 vt
1361 845 1606 880 execrentur
1626 844 1667 880 et
1687 854 1728 886 35

60 895 244 936 idiotae?

117 950 232 989 Moro
261 950 528 1001 depinxeram
557 950 620 989 tui
649 950 887 1000 imaginem,
919 950 1019 989 adeo
1053 950 1160 988 nihil
1189 950 1392 999 affingens
1422 949 1471 988 de
1499 963 1591 988 meo
1621 952 1668 988 vt

63 1005 266 1054 quaedam
287 1007 416 1043 etiam
442 1005 799 1054 praetermiserim.
860 1005 970 1044 Malo
996 1006 1108 1042 enim
1128 1008 1175 1043 vt
1198 1005 1274 1043 hoc
1304 1004 1473 1042 nomine
1503 1017 1668 1043 mecum

63 1059 307 1109 expostulet,
323 1059 395 1098 vbi
414 1062 561 1098 mutua
581 1060 875 1098 consuetudine
896 1063 1067 1109 vterque
1086 1059 1208 1098 alteri
1227 1060 1316 1098 noti
1334 1058 1510 1097 fueritis.
1562 1059 1668 1097 Miro

64 1113 241 1163 quodam
266 1113 467 1152 desiderio
493 1116 662 1152 tenetur
679 1114 852 1153 videndi
881 1114 955 1153 tui.
1014 1113 1120 1152 Cum
1149 1114 1303 1152 scribes
1328 1114 1378 1152 ad
1403 1126 1510 1161 eum,
1535 1116 1666 1163 gratu·
1686 1127 1732 1158 40

61 1167 214 1206 laberis
233 1168 298 1207 illi
323 1170 365 1206 et
388 1168 603 1218 dignitatis
631 1170 673 1206 et
702 1170 892 1207 fortunae
921 1169 1208 1207 accessionem.
1268 1168 1376 1207 Nam
1398 1181 1527 1217 quum
1547 1171 1669 1206 antea

65 1221 168 1272 Regi
205 1224 373 1261 tantum
411 1226 520 1261 esset
557 1235 581 1261 a
619 1223 815 1271 consiliis,
851 1236 985 1272 nuper
1022 1235 1097 1261 nec
1135 1222 1324 1261 ambiens
1361 1236 1434 1261 nec
1473 1225 1669 1272 expetens

62 1276 251 1316 vltroneo
280 1278 420 1316 fauore
449 1276 659 1328 Principis
687 1277 983 1316 humanissimi
1013 1279 1055 1315 et
1083 1290 1206 1326 eques
1234 1279 1402 1316 auratus
1428 1276 1560 1315 factus
1590 1278 1668 1324 est,

62 1332 104 1368 et
135 1344 293 1371 munus
325 1331 450 1370 habet
481 1331 592 1381 apud
621 1331 849 1370 Britannos
882 1345 979 1371 cum
1008 1331 1287 1370 honorificum
1318 1330 1542 1381 imprimis,
1575 1333 1667 1369 tum

61 1384 187 1424 etiam
208 1385 348 1425 salarii
368 1399 450 1424 non
471 1386 725 1435 poenitendi,
743 1386 853 1436 quod
872 1385 1109 1437 appellatur
1127 1398 1151 1424 a
1170 1386 1386 1425 thesauris.
1434 1385 1550 1424 Bene
1565 1384 1668 1423 vale.
1686 1398 1726 1429 45

114 1439 267 1490 Brugis
285 1441 389 1490 prid.
412 1440 477 1480 Id.
497 1441 676 1490 August.
699 1438 904 1493 [mlxxx]

504 1582 629 1623 1224.
691 1581 756 1622 To
786 1580 1020 1623 Wumm
1054 1581 1229 1622 THALE.

109 1680 301 1727 Epistolae
319 1681 367 1717 ad
383 1682 552 1718 diuersos
567 1694 603 1728 p.
623 1683 704 1727 634.
1376 1680 1529 1725 Bruges.

110 1739 204 1775 HN:
230 1739 348 1776 Lond.
365 1739 455 1777 xvii.
475 1750 517 1786 5:
545 1740 620 1776 LB.
642 1740 719 1786 586.
1293 1750 1332 1784 13
1352 1740 1496 1785 August
1519 1747 1619 1784 1521.

106 1836 196 1878 [The
212 1837 396 1877 year-date
412 1848 495 1879 may
511 1839 553 1870 be
570 1840 748 1879 accepted,
767 1839 914 1870 because
932 1839 1102 1870 Erasmus
1118 1841 1149 1870 is
1164 1842 1198 1869 at
1217 1839 1360 1878 Bruges

106 1880 153 1911 Of
164 1881 275 1912 Thale
291 1881 309 1912 I
327 1892 394 1913 can
411 1882 571 1914 discover
585 1884 740 1924 nothing
757 1883 897 1923 beyond
914 1883 989 1914 this
1007 1883 1113 1914 letter
1132 1883 1204 1913 and
1222 1883 1283 1913 the
1302 1883 1464 1912 mention
1483 1881 1520 1912 of
1533 1881 1611 1911 hini
1627 1881 1666 1911 in

62 1923 129 1955 vol.
150 1925 172 1955 i.
222 1924 279 1956 He
301 1935 375 1957 was
398 1926 489 1957 with
512 1926 601 1958 Pace
625 1930 661 1958 at
682 1926 830 1958 Ferrara
852 1927 958 1958 when
979 1927 1148 1958 Erasmus
1171 1926 1297 1967 passed
1319 1925 1478 1965 through
1502 1925 1603 1955 there
1627 1925 1666 1954 in

64 1967 144 1999 Dec.
171 1969 276 2008 1508;
310 1969 384 2000 and
409 1969 455 2000 he
479 1970 741 2010 subsequently
762 1980 861 2001 came
887 1971 966 2001 into
989 1971 1191 2011 possession
1218 1971 1255 2000 of
1276 1979 1371 2000 some
1395 1979 1522 2009 papers
1545 1967 1667 1998 which

62 2011 230 2043 Erasmus
253 2012 326 2043 had
349 2013 417 2044 left
439 2013 577 2045 behind
600 2014 693 2045 with
717 2014 818 2045 Pace.
867 2014 988 2045 When
1005 2014 1174 2045 Erasmus
1198 2014 1347 2044 hurried
1372 2013 1422 2043 off
1441 2019 1477 2043 to
1504 2011 1668 2051 England

60 2055 216 2087 without
231 2058 425 2097 returning
448 2059 484 2089 to
509 2058 658 2089 Ferrara
681 2060 717 2089 to
742 2058 888 2089 reclaim
913 2059 1014 2089 these
1031 2058 1089 2097 (cf.
1110 2058 1172 2098 Ep.
1189 2067 1241 2096 30.
1263 2058 1356 2096 16nss,
1374 2056 1485 2087 Thale
1502 2055 1666 2095 disposed

61 2098 101 2129 cf
121 2100 219 2130 them
238 2100 317 2140 (Ep.
336 2111 409 2140 244.
427 2102 529 2142 6-21)
545 2112 554 2140 3
580 2102 645 2133 but
661 2112 739 2142 one,
757 2102 819 2133 the
835 2105 878 2133 De
893 2104 1023 2133 Ratione
1040 2105 1144 2132 studii
1168 2102 1240 2141 ΧΕΡ.
1259 2102 1331 2139 66),
1351 2101 1397 2131 he
1414 2099 1577 2131 retained
1593 2099 1666 2130 and

62 2142 134 2173 had
149 2143 298 2183 printed
314 2144 352 2174 in
369 2145 471 2176 Paris
486 2145 527 2176 in
542 2155 636 2185 1511,
655 2146 894 2185 substituting
915 2146 972 2176 his
995 2156 1076 2176 own
1094 2155 1199 2176 name
1220 2146 1257 2175 in
1276 2145 1338 2175 the
1356 2144 1571 2174 dedication.
1621 2143 1666 2173 In

63 2186 156 2226 spite
172 2187 211 2218 of
223 2187 286 2218 the
302 2188 464 2228 friendly
480 2190 565 2220 tone
582 2191 620 2221 of
632 2189 707 2221 this
724 2190 842 2228 letter,
863 2190 892 2220 it
909 2199 1058 2229 appears
1073 2190 1164 2221 from
1181 2198 1205 2229 1,
1226 2199 1259 2228 p.
1279 2198 1332 2228 34.
1350 2198 1425 2218 10—1
1436 2198 1448 2218 1
1469 2187 1549 2218 that
1566 2187 1667 2218 Eras-

62 2239 144 2261 mus
159 2231 235 2262 still
252 2231 441 2263 cherished
459 2235 683 2264 resentment
699 2234 754 2264 for
768 2233 908 2264 Thale's
921 2234 1052 2265 action.

106 2274 179 2305 The
196 2284 324 2314 person
345 2275 384 2306 of
403 2276 479 2308 this
495 2286 600 2308 name
618 2277 829 2308 mentioned
843 2278 881 2308 in
896 2277 983 2317 Epp.
1007 2278 1100 2316 1256.
1118 2287 1174 2316 90,
1194 2286 1286 2315 1303.
1305 2285 1356 2314 51,
1376 2286 1448 2306 was
1472 2275 1624 2315 perhaps
1647 2284 1665 2305 a

61 2327 182 2358 young
198 2319 395 2360 kinsman.]

197 2428 404 2459 ERAsts
435 2429 536 2461 ROT.
568 2430 771 2461 CLAluss.
804 2430 847 2460 D.
881 2431 1118 2461 GVLIELMO
1149 2430 1295 2460 TALEO
1328 2430 1407 2460 ΞΥΟ
1441 2432 1473 2460 S.
1497 2429 1538 2460 D.

121 2527 297 2575 QVANDO
326 2527 488 2566 desines
517 2529 633 2578 queri
661 2541 728 2566 me
757 2530 878 2566 tuum
913 2541 1067 2566 nomen
1098 2541 1119 2565 e
1151 2527 1457 2566 Gulielmorum
1483 2527 1666 2576 catalogo

67 2581 361 2621 submouisse‘?
418 2582 698 2631 Quantumuis
724 2583 839 2621 abest
865 2595 889 2620 a
917 2583 1100 2632 catalogo
1128 2581 1288 2629 Taleus,
1312 2585 1418 2620 certe
1447 2581 1498 2620 ab
1525 2581 1666 2620 animo

112 2698 206 2729 1223.
228 2699 279 2736 46.
306 2699 458 2737 Augusti
478 2702 518 2730 N.
599 2709 721 2731 »μακε
737 2703 811 2731 add.
828 2702 871 2730 H.
954 2700 1050 2731 1224.
1075 2709 1138 2730 ΤΠ.
1184 2707 1334 2729 (laudes.
1353 2707 1386 2729 1).
1405 2711 1462 2728 ωιι.
1479 2700 1520 2727 H.
1606 2707 1666 2727 svo

59 2744 133 2772 add.
150 2744 192 2773 H.
306 2752 338 2787 2,
360 2742 486 2773 Taleus
502 2746 580 2774 add.
596 2747 638 2774 Η.

109 2830 202 2862 1223.
222 2832 272 2862 28.
298 2830 434 2872 γείτονι]
460 2831 513 2863 Cf.
530 2831 615 2862 Hes.
633 2834 687 2868 Op.
705 2841 789 2871 23,4.
900 2831 1022 2863 Greek.

106 2882 158 2911 30.
184 2878 335 2914 vti-oque
367 2873 545 2916 vestrum]
571 2874 674 2906 With
707 2875 830 2906 Goele-
943 2877 994 2913 36.
1023 2874 1172 2916 idiotae]
1199 2876 1260 2905 See
1278 2875 1340 2914 Ep.
1364 2884 1458 2913 1153.
1481 2884 1576 2913 1711).

65 2917 160 2956 nius,
201 2918 381 2949 Professor
419 2919 458 2949 of
499 2918 617 2958 Latin,
662 2919 831 2950 Erasmus
941 2929 995 2957 37.
1021 2917 1132 2958 Moro]
1151 2919 1188 2948 in
1208 2918 1269 2957 Ep.
1293 2928 1384 2949 1220.

63 2961 183 2992 would
211 2962 383 3002 probably
410 2961 535 3002 couple
566 2962 605 2992 in
637 2962 695 2993 his
728 2962 830 2993 mind
943 2975 994 3001 44.
1023 2962 1167 3003 munus]
1188 2961 1238 2992 Cf.
1257 2962 1319 3001 Ep.
1342 2972 1433 2992 1210.
1458 2972 1533 2992 ion.

63 3003 209 3036 Rescius
228 3006 306 3045 (Ep.
326 3006 391 3045 546
407 3004 571 3047 introd.)‚
595 3005 774 3037 Professor
795 3006 834 3037 of
944 3006 1039 3038 1224.
1062 3016 1087 3037 1.
1115 3004 1287 3046 catalogo]
1307 3006 1357 3037 Cf.
1379 3007 1439 3045 Ep.
1464 3015 1555 3043 1003.
1575 3014 1656 3043 34¹¹·
