1990 3353
76 96 198 152 1202]
582 97 654 135 ΤΟ
691 96 941 136 JODOOUS
978 96 1156 136 JONAS
1591 98 1672 135 487

72 211 114 248 et
134 209 236 248 olim
258 208 513 259 degenerarit
532 208 583 246 ab
608 206 883 256 Euangelicae
903 206 1097 256 puritatis
1117 207 1267 255 studio,
1290 207 1357 246 vel
1386 207 1671 256 Hieronymus
1696 223 1732 255 15

73 264 175 302 satis
194 264 343 313 arguit,
368 262 441 312 qui
469 275 560 300 eam
589 275 639 300 ex
666 262 921 310 Apocalypsi
950 261 1208 311 Babylonem
1236 260 1428 311 appellat,
1452 261 1518 300 vel
1550 261 1672 299 diuus

72 318 309 356 Bernardus
337 317 382 355 111
410 316 530 354 libris
559 316 709 366 quibus
737 315 911 353 titulum
941 315 1036 353 fecit
1065 315 1126 353 De
1155 316 1510 354 consideratione:
1544 329 1672 365 quan-

73 385 201 421 quam
231 385 316 409 non
346 371 567 409 defuerunt
595 372 638 408 et
665 383 715 407 ex
744 369 1042 407 recentioribus
1071 369 1265 408 celebrati
1293 370 1477 409 nominis
1507 372 1673 408 autores

72 426 146 476 qui
165 425 377 476 publicam
397 424 742 463 instaurationem
762 424 1058 462 ecclesiasticae
1078 424 1322 473 disciplinae
1341 425 1587 474 flagitarent.

126 481 283 519 Verum
298 479 407 518 haud
424 479 509 518 scio
526 492 579 516 an
591 492 774 528 vnquam
790 478 995 516 Ecclesiae
1015 491 1201 527 proceres
1220 481 1336 517 tanto
1353 479 1490 517 studio
1505 481 1673 528 tamque
1696 489 1736 511 20

73 535 211 584 palam
233 533 490 572 inhiauerint-
511 533 637 571 huius
654 532 802 570 mundi
821 533 1060 579 commodis,
1076 546 1180 581 quae
1200 533 1391 572 Christus
1406 533 1546 571 docuit
1561 546 1674 583 opor-

74 595 161 627 tere
180 589 406 635 contemni,
425 601 549 637 quam
565 587 686 625 hodie
702 586 905 625 videmus.
954 587 1038 624 Nec
1054 587 1196 624 minus
1211 589 1330 626 erant
1345 587 1522 636 collapsa
1537 600 1674 625 sacrae

75 634 309 692 Scripturae
337 642 475 680 studia
505 655 628 691 quam
659 653 805 679 mores.
865 641 1043 679 Diuinae
1071 641 1211 679 literae
1241 642 1395 679 seruire
1424 642 1675 691 cogebantur

74 697 273 735 humanis
301 696 608 745 cupiditatibus,
632 695 775 746 populi
799 695 1020 734 credulitas
1038 695 1083 733 in
1104 698 1321 745 quaestum
1341 709 1565 745 paucorum
1585 709 1674 733 ver-

74 752 250 790 tebatur.
308 751 375 789 Ad
397 751 499 789 haec
518 750 845 800 ingemiscebant
863 749 955 799 piae
975 752 1148 797 mentes,
1174 750 1327 799 quibus
1352 750 1461 787 nihil
1486 752 1548 788 est
1572 750 1674 787 anti·
1697 762 1736 795 25

75 806 199 855 quius
228 805 385 844 Christi
418 805 559 855 gloria.
617 805 757 854 anue
792 817 857 842 res
890 804 1026 842 effecit
1060 806 1107 842 vt
1136 804 1260 842 initio
1292 806 1460 842 tantum
1490 804 1674 853 vndique

75 860 230 898 fauoris
248 860 439 898 habuerit
460 860 670 898 Lutherus
691 861 896 909 quantum
919 872 1006 896 non
1029 858 1208 897 arbitror
1233 858 1383 896 seculis
1409 858 1493 896 iam
1519 858 1676 907 aliquot

76 915 153 953 vlli
180 914 422 952 mortalium
452 914 685 963 contigisse.
746 913 972 963 Siquidem,
994 916 1041 952 vt
1064 913 1184 951 facile
1204 913 1412 951 credimus
1431 913 1537 963 quod
1558 913 1676 950 vehe-

76 971 242 1007 menter
278 971 482 1018 optamus,
521 968 818 1006 existimabant
855 971 1044 1006 exortum
1083 968 1300 1005 hominem
1337 968 1418 1017 qui,
1458 979 1588 1017 purus
1625 967 1676 1005 ab

76 1023 272 1062 omnibus
309 1023 434 1061 huius
472 1022 619 1061 mundi
657 1022 885 1068 affectibus,
923 1023 1051 1060 tantis
1089 1022 1212 1060 malis
1246 1022 1477 1060 remedium
1509 1021 1674 1071 aliquod
1696 1040 1735 1071 30

75 1078 234 1116 adferre
267 1080 418 1127 posset.
478 1078 562 1115 Nec
589 1090 665 1126 ego
693 1090 864 1127 prorsus
893 1077 1171 1126 desperabam,
1204 1077 1286 1114 nisi
1315 1077 1423 1126 quod
1453 1077 1596 1114 statim
1625 1076 1674 1113 ad

77 1132 263 1182 primum
291 1135 461 1182 gustum
490 1132 786 1181 opusculorum
815 1145 919 1181 quae
946 1131 1121 1170 Lutheri
1150 1131 1318 1169 nomine
1347 1131 1512 1180 prodire
1542 1143 1676 1179 coepe-

78 1190 184 1232 rant,
216 1187 338 1236 plane
366 1187 536 1225 verebar
565 1200 617 1224 ne
648 1199 713 1224 res
742 1187 870 1224 exiret
900 1187 945 1224 in
974 1186 1207 1224 tumultum
1240 1199 1286 1224 ac
1319 1185 1534 1235 publicum
1565 1185 1677 1223 orbis

78 1241 312 1280 dissidium.
371 1241 517 1291 Itaque
547 1241 694 1279 monui
726 1253 798 1289 per
830 1240 970 1279 literas
1003 1243 1095 1278 tum
1130 1241 1366 1278 Lutherum
1398 1241 1548 1288 ipsum,
1584 1242 1677 1277 tum

77 1296 234 1334 amicos
262 1295 388 1342 illius,
413 1308 591 1344 quorum
610 1296 877 1334 autoritatem
896 1295 1125 1333 arbitrabar
1150 1295 1259 1344 apud
1282 1295 1406 1332 illum
1427 1294 1653 1332 valituram
1670 1307 1679 1341 ;
1698 1309 1738 1341 35

78 1350 152 1400 qui
171 1349 270 1400 quid
291 1350 355 1388 illi
374 1350 564 1388 dederint
584 1349 749 1388 consilii
768 1349 917 1397 nescio,
943 1352 1052 1388 certe
1072 1350 1131 1387 sic
1150 1351 1328 1387 tractata
1348 1362 1413 1386 res
1431 1351 1494 1387 est
1512 1351 1559 1387 vt
1578 1348 1680 1398 peri·

78 1405 222 1443 culum
242 1405 298 1443 sit
317 1418 367 1442 ne
388 1404 499 1442 male
520 1404 691 1442 tentatis
710 1404 904 1442 remediis
922 1403 1084 1442 malum
1103 1404 1224 1442 nobis
1243 1403 1568 1452 conduplicetur.

133 1461 198 1497 Ac
231 1459 502 1497 vehementer
534 1459 727 1506 demiror,
763 1459 824 1496 mi
861 1459 978 1505 Iona,
1009 1458 1101 1508 quis
1139 1459 1241 1496 deus
1278 1457 1501 1507 agitauerit
1537 1460 1680 1505 pectus

79 1513 265 1561 Lutheri,
294 1515 394 1552 dum
420 1516 539 1551 tanta
565 1513 713 1552 calami
738 1514 905 1552 licentia
932 1515 975 1551 in
1004 1513 1242 1551 Romanum
1272 1513 1411 1559 Pont.,
1444 1512 1489 1549 in
1518 1511 1681 1550 scholas

80 1581 235 1616 omnes,
251 1569 295 1606 in
310 1568 630 1618 philosophiam,
649 1568 694 1605 in
709 1568 874 1606 ordines
891 1567 1220 1606 mendicantium
1238 1567 1518 1605 inueheretur.
1561 1566 1680 1614 Quod
1699 1583 1742 1614 40

81 1623 116 1661 si
139 1636 234 1661 vera
258 1623 437 1661 fuissent
462 1623 614 1671 omnia,
637 1623 678 1660 id
705 1622 813 1672 quod
834 1622 953 1660 aiunt
973 1623 1096 1671 longe
1116 1635 1233 1660 secus
1251 1621 1401 1659 habere
1423 1621 1494 1670 qui
1514 1621 1681 1670 scripto-

82 1690 175 1716 rum
196 1677 310 1716 illius
330 1691 548 1716 censuram
572 1680 711 1727 agunt,
733 1677 967 1726 prouocatis
996 1679 1082 1714 tam
1111 1676 1257 1714 multis
1288 1675 1381 1725 quis
1410 1675 1515 1713 alius
1544 1676 1683 1713 exitus

80 1732 288 1782 expectari
307 1735 468 1782 poterat
488 1745 612 1782 quam
633 1732 702 1770 hic
723 1745 847 1780 quem
866 1731 1091 1770 videmus?
1142 1731 1317 1769 Lutheri
1336 1730 1463 1768 libros
1484 1730 1683 1767 hactenus

82 1800 167 1825 non
195 1788 357 1825 vacauit
386 1788 529 1836 legere,
554 1787 626 1825 sed
650 1800 700 1824 ex
727 1786 794 1824 his
822 1799 927 1836 quae
955 1786 1183 1835 degustaui,
1206 1798 1391 1835 quaeque
1414 1784 1683 1822 recitantibus

82 1842 176 1880 aliis
206 1854 510 1892 nonnunquam
539 1842 674 1880 obiter
701 1841 832 1889 hausi,
856 1854 1094 1891 quanquam
1115 1840 1163 1878 de
1183 1840 1359 1878 veritate
1378 1839 1682 1877 sententiarum
1702 1854 1743 1886 45

82 1909 184 1947 quas
201 1896 413 1935 adferebat
430 1897 602 1934 fortasse
621 1909 706 1933 non
723 1899 811 1934 erat
830 1908 944 1933 meae
959 1894 1258 1933 mediocritatis
1278 1894 1560 1943 pronunciare,
1575 1894 1685 1930 certe

83 1951 233 1990 modus
245 1954 288 1990 et
302 1952 406 1990 ratio
419 1950 581 2000 negocii
593 1950 859 2001 aggrediendi
873 1949 980 1987 mihi
992 1950 1238 1999 neutiquam
1251 1948 1513 1998 probabatur.
1547 1947 1684 1994 Quum

83 2006 198 2044 enim
219 2019 291 2056 per
311 2019 353 2044 se
374 2019 439 2044 res
459 2006 514 2043 sit
533 2018 672 2043 amara
692 2004 899 2054 plerisque
918 2005 1079 2051 veritas,
1104 2017 1232 2054 quum
1253 2016 1326 2052 per
1345 2015 1388 2040 se
1408 2002 1602 2040 seditiosa
1621 2014 1684 2039 res

83 2061 138 2099 sit
161 2061 285 2110 longo
312 2073 390 2099 vsu
413 2063 574 2109 recepta
600 2059 852 2106 conuellere,
872 2058 1104 2097 consultius
1132 2060 1219 2096 erat
1247 2070 1335 2095 rem
1364 2060 1506 2105 suapte
1536 2059 1686 2094 natura

84 2116 273 2154 acerbam
295 2115 502 2154 tractandi
520 2114 723 2152 ciuilitate
742 2113 873 2151 lenire
892 2126 1018 2163 quam
1039 2113 1183 2150 odium
1203 2111 1310 2150 odiis
1328 2111 1487 2149 addere.
1705 2126 1747 2157 50

140 2169 347 2218 Quorsum
367 2170 495 2220 igitur
512 2169 716 2207 attinebat
733 2168 951 2218 paradoxis
970 2180 1097 2217 agere,
1114 2170 1237 2215 atque
1252 2167 1310 2204 ita
1324 2178 1550 2215 proponere
1567 2176 1685 2213 quae-

85 2224 180 2262 dam
200 2226 248 2262 vt
265 2225 400 2274 prima
420 2223 554 2274 specie
573 2224 706 2272 magis
725 2223 850 2260 etiam
870 2222 1129 2260 offenderent
1149 2234 1272 2270 quam
1296 2222 1464 2270 propius
1489 2233 1534 2258 ac
1561 2218 1687 2257 fixius

84 2279 302 2328 inspecta?
358 2279 466 2317 Nam
492 2278 695 2328 quaedam
720 2278 847 2315 etiam
874 2277 1123 2315 obscuritate
1149 2275 1267 2313 velut
1296 2275 1482 2312 affectata
1512 2274 1687 2311 molesta

86 2335 199 2372 sunt.
239 2333 446 2381 Quorsum
465 2333 668 2371 attinebat
688 2334 775 2370 tam
795 2331 1003 2369 atrocibus
1022 2330 1220 2368 conuiciis
1240 2329 1398 2367 saeuire
1419 2329 1462 2366 in
1483 2342 1551 2366 eos
1571 2339 1685 2377 quOS,

88 2388 123 2426 si
154 2400 298 2426 sanare
332 2388 534 2437 cupiebat,
565 2386 888 2436 imprudentiae,
917 2385 984 2423 sin
1014 2385 1144 2423 totius
1172 2384 1284 2422 orbis
1312 2383 1422 2421 malo
1451 2395 1684 2432 prouocare,
1707 2397 1748 2430 55

88 2441 296 2492 impietati
328 2442 599 2481 tribuendum
633 2442 750 2479 erat‘?
807 2440 937 2478 Porro
973 2452 1103 2489 quum
1136 2438 1353 2488 prudentis
1388 2437 1599 2475 oeconomi
1633 2436 1689 2474 sit

88 2497 325 2547 dispensare
346 2497 577 2545 veritatem,
602 2496 679 2534 hoc
705 2497 767 2533 est
793 2507 980 2544 promere
1008 2507 1103 2532 cum
1130 2506 1194 2531 res
1221 2493 1414 2541 postulat,
1439 2494 1480 2530 et
1500 2503 1690 2541 promere

89 2552 198 2601 quod
229 2552 329 2590 satis
359 2554 434 2598 est,
466 2553 506 2589 et
537 2551 684 2600 cuique
712 2562 902 2599 promere
936 2550 1041 2598 quod
1075 2549 1128 2586 sit
1159 2547 1487 2589 accommodum,
1523 2546 1592 2583 ille
1627 2547 1690 2583 tot

90 2606 244 2645 libellis
282 2605 561 2655 praecipitatis
601 2604 726 2642 simul
766 2604 911 2642 effudit
946 2603 1098 2650 onmia,
1136 2601 1243 2640 nihil
1276 2615 1360 2639 non
1395 2601 1609 2650 euulgans,
1643 2612 1689 2637 ac

490 2712 542 2733 21.
569 2702 677 2732 huius
694 2700 822 2731 mundi
839 2702 989 2737 [Nm-riq.
1006 2711 1011 2729 ;
1036 2698 1243 2728 huiusmodi
1262 2699 1298 2728 F.

139 2808 187 2837 15.
214 2794 478 2836 Hieronymus]
495 2797 570 2825 αιῑιι.
589 2796 693 2824 Ioum.
713 2803 742 2823 2.
761 2794 814 2831 38.
922 2792 987 2830 976
1006 2814 1012 2820 .

143 2852 187 2880 17.
217 2839 440 2880 Bernardus]
458 2839 508 2870 Cf.
528 2838 594 2878 Ep.
614 2847 706 2876 1142.
729 2846 809 2876 45n.
969 2844 1020 2873 34.
1051 2831 1268 2873 Lutherum]
1286 2833 1349 2863 See
1367 2833 1429 2872 Ep.
1447 2833 1523 2872 980.

184 2887 235 2917 De
270 2881 576 2923 consideratione]
615 2881 730 2912 There
763 2889 856 2911 were
969 2887 1020 2916 35.
1047 2876 1195 2917 amieos]
1214 2877 1280 2907 See
1295 2876 1358 2915 Ep.
1380 2886 1470 2915 1143.
1486 2885 1564 2906 2211.

94 2940 205 2970 many
235 2929 394 2960 editions
425 2927 463 2958 of
493 2926 569 2958 this
601 2926 640 2955 in
671 2927 756 2954 xv0:
795 2924 856 2954 the
971 2931 1022 2960 57.
1050 2921 1257 2960 dispensare
1300 2919 1509 2961 veritatem]
1559 2919 1610 2949 Cf.
1656 2919 1692 2949 ll.

93 2975 236 3006 earliest
261 2976 299 3004 at.
319 2970 481 3010 Utrecht,
505 2980 533 3001 c.
561 2978 644 3008 1473
669 2968 859 3009 (Copinger
932 2966 1036 2995 126-8
1052 2965 1125 2996 and
1144 2964 1206 3004 Ep.
1233 2973 1325 3003 1119.
1346 2973 1425 3002 4011.
