1990 3353
286 126 369 164 420
754 126 1007 165 LETTERS
1046 125 1116 165 OF
1155 126 1420 166 ERASMUS
1769 126 1893 179 [1520

654 271 850 313 1¹⁴⁵1173.
913 272 976 314 To
1009 271 1210 315 FRANCIS
1241 271 1532 315 GRANEVELT.

337 379 531 424 Epistolae
548 379 595 414 ad
614 379 781 416 diuersos
798 392 833 425 p.
854 381 934 425 562.
1560 379 1737 415 Louvain.

337 437 430 473 HN:
457 438 571 472 Lond.
590 449 645 473 xv.
669 448 685 483 5
702 451 709 472 :
738 437 808 472 Lss.
828 447 905 483 550.
1458 441 1498 475 18
1519 438 1726 475 December
1745 448 1845 484 1520.

292 581 298 586 .
337 535 426 610 [IJPhIe
444 533 626 618 year-{ate
643 535 675 566 is
692 535 888 566 confirmed
906 536 953 575 by
970 536 1031 567 the
1047 537 1211 567 mention
1231 536 1267 575 (1.
1287 536 1362 569 100?¹¹
1383 535 1420 566 of
1434 536 1612 567 Erasmus’
1626 537 1710 567 visit
1728 539 1764 567 to
1777 535 1894 567 Calais

290 590 329 610 in
371 590 393 610 u
411 589 434 619 y
453 588 545 618 1520.

326 684 523 715 CLARISS.
557 684 682 714 IVRIS
712 684 967 721 VTRIVSQVE
998 685 1211 724 DOCTORI,
1244 684 1494 715 FRANCISCO
1525 682 1863 721 GRANEVELDIO,

348 753 482 783 VRBIS
514 753 762 783 BRVGENSIS
794 753 821 781 A
853 753 1087 792 CONsILHs,
1119 753 1327 783 ERASMVS
1358 752 1695 783 ROTERODAMVS
1728 752 1761 781 S.
1786 752 1828 782 D.

347 851 545 889 NIMIRVM
574 850 651 888 hoc
681 852 742 888 est
772 850 879 899 quod
910 849 1035 898 vulgo
1066 849 1147 888 dici
1181 850 1298 897 solet,
1330 851 1452 888 vnica
1487 850 1617 888 filiola
1648 849 1753 888 mihi
1788 850 1893 888 duos

292 905 511 943 conciliaui
545 918 728 954 generos.
794 904 898 953 Agis
928 904 1033 942 mihi
1063 905 1226 953 gratias,
1259 904 1377 943 cuius
1408 917 1530 954 opera
1560 905 1638 942 tibi
1673 905 1893 955 contigerit

292 960 435 998 Morus
472 961 560 997 tam
595 958 796 997 candidus
829 958 1010 996 amicus:
1064 960 1105 997 at
1139 959 1209 996 ille
1240 959 1347 996 mihi
1379 959 1563 997 vicissim
1602 958 1754 1009 gratias
1791 958 1889 1009 agit,

291 1027 362 1064 per
383 1027 505 1063 quem
528 1013 748 1062 contigerit
766 1025 885 1050 nosse
903 1012 1233 1052 Craneueldium.
1273 1013 1460 1052 Sciebam
1480 1012 1586 1060 ilico,
1603 1026 1706 1062 quae
1726 1026 1892 1051 morum

253 1085 270 1115 5
293 1070 333 1106 et
354 1068 618 1118 ingeniorum
634 1069 696 1105 est
715 1066 960 1111 similitudo,
982 1067 1230 1105 nascituram
1245 1068 1357 1105 inter
1370 1080 1444 1106 vos
1459 1067 1698 1113 amicitiam,
1713 1067 1749 1105 si
1769 1067 1892 1106 modo

291 1125 464 1172 vterque
485 1122 604 1160 alteri
625 1121 887 1160 innotuisset.
941 1121 1106 1159 Talium
1126 1122 1359 1160 amicorum
1378 1124 1424 1160 vt
1445 1124 1505 1160 est
1527 1135 1621 1160 cum
1640 1121 1788 1170 primis
1807 1135 1892 1171 pre-

292 1177 409 1224 ciosa,
434 1176 493 1215 ita
522 1175 734 1214 rarissima
763 1178 826 1213 est
854 1176 1066 1225 possessio,
1091 1175 1332 1225 praesertim
1358 1176 1470 1214 hisce
1497 1176 1782 1225 temporibus:
1813 1189 1893 1226 quo
1930 1185 1934 1187 “

292 1232 424 1281 magis
444 1232 506 1268 est
526 1230 788 1280 propaganda
807 1231 928 1279 atque
950 1230 1074 1268 etiam
1096 1231 1264 1269 tuenda.

347 1285 648 1335 Commigrauit
673 1285 810 1323 isthuc
837 1285 986 1323 Petrus
1013 1287 1291 1334 cognomento
1310 1285 1496 1331 Amicus,
1519 1285 1686 1323 iuuenis
1706 1284 1894 1323 moribus

233 1352 273 1374 10
292 1340 540 1389 ingenioque
567 1339 690 1389 longe
720 1339 1022 1378 candidissimo.
1083 1339 1325 1389 Complures
1345 1353 1475 1377 annos
1495 1339 1580 1388 egit
1599 1352 1694 1377 cum
1717 1339 1892 1388 Aegidio

292 1394 493 1441 Buslidio,
518 1394 634 1432 cuius
654 1393 807 1431 liberos
827 1393 1023 1440 instituit,
1047 1393 1113 1431 cui
1142 1407 1226 1431 non
1255 1393 1375 1431 aliter
1404 1394 1553 1432 charus
1582 1394 1660 1432 fuit
1689 1406 1734 1431 ac
1764 1394 1888 1441 filius,

292 1449 344 1487 ob
365 1449 462 1486 fidei
481 1449 675 1497 vitaeque
696 1449 999 1498 syncel-itatem.
1059 1448 1102 1485 Is
1121 1461 1233 1486 nunc
1254 1451 1430 1486 venatur
1450 1449 1656 1486 fortunam
1680 1448 1892 1497 aliquanto

293 1503 592 1552 benigniorem,
610 1516 656 1541 ac
676 1515 767 1540 mea
788 1503 993 1540 sententia
1013 1503 1164 1550 dignus
1179 1505 1241 1540 est
1255 1502 1525 1551 amplissima.
1584 1502 1660 1540 Est
1676 1503 1893 1552 vtriusque

292 1557 459 1606 linguae
485 1557 657 1606 pulchre
685 1556 851 1605 peritus,
874 1557 924 1594 ad
948 1556 1045 1594 haec
1066 1556 1109 1594 in
1129 1557 1230 1594 iuris
1250 1557 1388 1594 studio
1408 1570 1481 1594 nec
1503 1557 1644 1605 paucis
1669 1558 1791 1595 annis
1818 1571 1893 1595 nec

234 1624 271 1654 15
293 1611 514 1649 infeliciter
541 1613 739 1649 versatus.
800 1611 1017 1649 Postremo
1037 1611 1222 1649 notarius
1242 1613 1304 1649 est
1323 1611 1440 1648 haud'
1454 1611 1586 1649 malae
1607 1611 1714 1650 fidei.
1774 1611 1890 1649 Nihil

293 1666 493 1704 addubito
524 1666 626 1714 quin
655 1665 787 1714 ipsius
816 1665 930 1703 dotes
962 1665 1047 1703 sint
1077 1665 1291 1703 hominem
1323 1665 1486 1704 abunde
1518 1666 1888 1704 commendaturae.

294 1721 373 1759 Sed
394 1722 535 1758 tamen
555 1720 768 1758 existimat
789 1732 830 1757 se
851 1720 971 1757 bonis
987 1720 1180 1758 omnibus
1197 1719 1631 1771 commendabiliorem
1648 1721 1774 1757 etiam
1789 1720 1887 1767 fore,

293 1775 328 1812 si
366 1778 505 1813 vestro
539 1775 653 1824 gregi
691 1774 942 1812 asscribatur
974 1773 1142 1812 amicus.
1213 1774 1419 1824 Equidem
1454 1787 1539 1811 non
1574 1787 1716 1812 recuso
1750 1787 1891 1812 meum

294 1842 447 1867 nomen
467 1841 608 1867 rursus
629 1829 672 1865 in
695 1830 765 1866 tuo
786 1828 910 1866 scribi
932 1828 1071 1875 diario,
1097 1829 1132 1866 si
1153 1829 1250 1877 quid
1272 1828 1392 1866 officii
1413 1828 1676 1866 collocaueris
1696 1828 1740 1865 in
1760 1829 1891 1867 homi-

236 1897 274 1917 20
294 1896 392 1921 nem
413 1883 518 1921 mihi
539 1883 853 1921 charissimum:
885 1883 955 1920 sed
987 1885 1125 1921 tamen
1155 1883 1333 1921 arbitror
1360 1884 1446 1920 fore
1467 1885 1511 1920 vt
1539 1883 1891 1932 quemadmodum

294 1938 476 1984 antehac,
498 1938 556 1975 ita
576 1950 687 1975 nunc
709 1950 868 1986 quoque
888 1937 1099 1986 geminam
1119 1938 1255 1976 ineam
1275 1938 1464 1986 gratiam.

348 1991 488 2030 Amici
508 1994 669 2030 veteres
692 1991 759 2029 hic
783 2004 866 2028 non
891 1991 1087 2029 desinunt
1113 2004 1200 2029 esse
1227 1992 1292 2029 sui
1321 1992 1488 2034 similes,
1515 1991 1760 2040 conspirant,
1783 2005 1891 2030 mus-

294 2048 398 2093 sant,
422 2047 640 2087 oblatrant,
666 2046 940 2084 minitantur:
969 2045 1073 2083 mihi
1101 2046 1312 2095 imputant
1338 2046 1446 2096 quod
1475 2046 1648 2084 Lutheri
1676 2046 1890 2096 negocium

296 2114 378 2138 non
399 2103 485 2138 tam
505 2100 700 2139 atrociter
720 2100 899 2138 succedit
920 2113 1044 2149 quam
1065 2099 1231 2138 vellent.
1284 2100 1507 2138 Carmelita
1528 2100 1827 2149 Egmondanus
1846 2101 1891 2138 in

236 2172 272 2203 25
295 2156 421 2193 sacris
451 2154 729 2201 concionibus,
761 2154 806 2192 in
836 2155 1181 2204 praelectionibus
1210 2154 1398 2204 publicis,
1423 2154 1599 2192 subinde
1628 2167 1696 2192 me
1725 2154 1890 2203 lapidat,

295 2211 416 2259 atque
451 2210 621 2247 interim
656 2209 816 2246 ridetur
848 2208 973 2246 etiam
1007 2222 1030 2246 a
1064 2209 1150 2246 suis
1183 2208 1428 2247 Carmelitis.
1498 2209 1603 2248 Cum
1639 2221 1705 2246 me
1738 2209 1891 2247 citante

295 2264 593 2313 comparuisset
612 2263 772 2312 pridem
803 2264 910 2313 apud
941 2263 1157 2300 Rectorem
1188 2263 1311 2301 huius
1331 2263 1589 2302 Academiae.
1612 2265 1780 2301 tantum
1800 2276 1890 2301 con-

295 2318 495 2356 uiciorum
523 2317 939 2355 mendacissimorum
963 2317 1169 2366 congessit
1188 2317 1231 2354 in
1253 2330 1297 2355 os
1317 2330 1470 2364 meum,
1495 2319 1541 2354 vt
1570 2320 1737 2367 paratus
1765 2317 1891 2355 fuerit

294 2386 360 2410 me
393 2372 637 2421 sacrilegum
670 2374 743 2409 aut
776 2371 1019 2421 paricidam,
1052 2373 1124 2410 aut
1161 2372 1441 2420 peculatorem
1475 2374 1546 2410 aut
1580 2371 1744 2421 quiduis
1777 2371 1889 2410 aliud

234 2443 275 2474 30
294 2426 434 2473 facere,
458 2427 493 2464 si
512 2426 574 2464 illi
595 2426 777 2464 venisset
798 2426 841 2463 in
863 2426 1046 2463 buccam.
1086 2427 1227 2475 Atque
1247 2426 1305 2464 ita
1325 2426 1404 2464 sibi
1425 2426 1489 2464 vir
1508 2426 1629 2464 fortis
1648 2425 1865 2464 videbatur
1882 2441 1890 2473 ;

295 2480 459 2518 Rectori
487 2493 532 2519 ac
562 2480 678 2526 mihi,
711 2480 751 2518 id
781 2480 889 2529 quod
920 2482 1017 2527 erat,
1050 2479 1230 2517 furiosus
1258 2480 1491 2519 videbatur.
1550 2480 1583 2518 O
1612 2479 1889 2530 prodigiosam

293 2533 459 2583 linguae
481 2534 755 2584 petulantiam
776 2534 819 2572 in
840 2533 1046 2583 theologo,
1071 2534 1113 2571 in
1141 2534 1354 2583 monacho,
1379 2534 1424 2573 in
1445 2537 1563 2572 sene!
1612 2534 1680 2572 Ad
1710 2534 1888 2584 primam

524 2646 586 2668 T1T.
604 2645 753 2667 CLARISS.
772 2660 779 2667 .
798 2660 805 2667 .
827 2660 835 2667 .
854 2645 1001 2666 Docrom
1018 2646 1075 2665 om.
1092 2638 1133 2667 H.
1269 2645 1521 2667 uo'rssRonAMvs
1536 2640 1608 2667 aad.
1629 2639 1670 2668 H.

337 2755 365 2783 9.
391 2743 557 2784 Amicus]
598 2746 756 2784 (†1556).
798 2756 815 2775 a
863 2745 985 2775 native
1025 2745 1062 2775 of
1126 2745 1262 2775 timein
1277 2745 1339 2775 the
1352 2745 1888 2785 ChapterSchoolatTournay;

292 2788 429 2818 Tholen
453 2789 488 2818 in
507 2788 685 2819 Zeeland:
709 2788 827 2818 LL.D.
845 2790 882 2818 at
900 2788 1057 2819 Louvain
1126 2798 1183 2818 see
1204 2788 1245 2820 A.
1266 2788 1444 2829 Hocquet,
1464 2792 1602 2820 Tem-naz·
1618 2793 1643 2820 ef
1665 2793 1689 2821 Ie
1710 2793 1891 2821 Tourmtise‘s

298 2841 335 2870 13
363 2832 458 2871 Sept.
490 2840 582 2869 1530.
614 2832 796 2862 Professor
822 2832 861 2862 of
881 2832 963 2862 Law
986 2832 1057 2862 and
1124 2842 1168 2862 au
1185 2833 1250 2862 :cvie
1266 2834 1362 2872 siecle,
1385 2833 1478 2872 1906,
1498 2843 1531 2873 p.
1550 2834 1625 2873 283.

298 2878 306 2892 ⁶
320 2876 481 2906 Dictator
493 2875 500 2885 ’
513 2874 552 2904 of
561 2874 623 2905 the
640 2875 850 2914 University
869 2884 961 2914 1533.
994 2875 1058 2906 See
1173 2885 1220 2906 11.
1248 2876 1427 2917 Buslidio]
1453 2876 1517 2908 See
1535 2877 1597 2917 Ep.
1616 2877 1682 2917 689
1699 2876 1830 2908 introd.

294 2919 369 2949 Val.
396 2917 570 2955 Andreas,
594 2927 650 2958 pp.
680 2920 750 2957 156,
782 2919 896 2957 185-6,
917 2918 989 2949 and
1012 2918 1054 2950 cf.
1169 2929 1221 2957 24.
1248 2918 1516 2961 Egmondanus]
1534 2920 1599 2951 See
1617 2921 1680 2961 Ep.
1697 2921 1771 2960 878.
1788 2930 1865 2961 1311.

295 2962 391 2992 ΥΖΕ.
412 2971 464 3000 33.
507 2961 576 2992 His
593 2964 737 3001 present
755 2962 915 2993 fortunes
932 2972 998 2992 can
1017 2962 1057 2992 be
1169 2972 1221 3001 27.
1246 2962 1341 3002 apud
1358 2963 1558 3004 Rectorem]
1576 2964 1641 2994 See
1658 2964 1720 3004 Ep.
1744 2965 1833 2996 1162.

292 3005 457 3036 followed
474 3005 511 3036 in
530 3005 592 3044 Ep.
611 3014 702 3036 1212.
752 3005 807 3036 He
825 3006 952 3045 taught
969 3006 1022 3036 for
1038 3015 1059 3036 a
1168 3016 1220 3044 32.
1244 3006 1344 3047 sene]
1363 3006 1413 3038 Cf.
1435 3007 1496 3047 Ep.
1520 3008 1614 3038 1166.
1631 3016 1711 3046 2311.
