1990 3353
296 103 377 142 410
767 102 1019 142 LETTERS
1058 102 1127 142 OF
1165 103 1433 143 ERASMUS

1772 102 1898 157 [1520

300 213 458 252 interea
487 213 633 252 dicam.
692 214 812 253 Vnus
841 216 928 252 erat
957 213 1135 252 Louanii
1164 214 1239 262 vir,
1263 213 1527 253 scholasticae
1554 212 1787 264 theologiae
1814 227 1899 252 non

218 276 282 309 4¹0
302 267 529 317 vulgariter
557 267 746 307 eruditus
775 281 851 306 nec
871 268 1025 307 veteris
1052 268 1167 307 illius
1196 268 1323 317 rudis,
1345 267 1514 306 nomine
1542 268 1724 307 Ioannes
1745 269 1899 307 Turen-

302 322 418 360 hout.
468 322 513 360 Is
532 322 698 372 publice
718 322 866 361 multis
887 321 1032 361 diebus
1051 322 1282 372 disputauit
1301 322 1502 361 aduersus
1520 321 1678 372 aliquot
1697 323 1902 361 axiomata

302 376 490 425 Lutheri,
514 379 555 415 et
580 376 811 427 disputauit
831 378 877 415 vt
896 376 1137 426 theologum
1157 377 1312 424 decuit,
1331 376 1486 426 absque
1514 376 1724 415 conuiciis.
1781 377 1902 415 Idem

303 430 468 480 scripsit
492 444 616 480 super
640 431 717 469 hoc
743 433 989 480 argumento
1012 431 1206 470 libellum
1226 445 1235 479 ;
1265 444 1341 470 nec
1360 430 1505 469 dubito
1525 431 1628 481 quin
1650 443 1698 469 ea
1722 431 1904 470 modera-

303 485 416 523 tione
435 485 644 535 scripserit
665 498 746 534 qua
766 485 1010 535 disputauit.
1070 485 1204 524 Nemo
1223 485 1515 524 vehementius
1533 484 1703 523 adnisus
1722 488 1782 522 est
1804 489 1850 523 vt
1869 485 1905 523 is

220 550 284 583 415
303 538 475 577 libellus
494 539 776 589 publicaretur
795 553 920 589 quam
940 553 1027 589 ego.
1086 539 1203 578 Haec
1230 539 1433 578 nimirum
1461 541 1601 588 ageret
1629 539 1702 589 qui
1730 538 1906 578 Lutheri

304 593 462 631 faueret
481 594 691 632 erroribus
703 594 724 632 ⁶?
762 593 872 642 Quid
892 594 999 632 mihi
1018 593 1337 633 necessitudinis
1352 607 1449 632 cum
1469 593 1652 632 Luthero
1665 594 1686 632 ἵ)
1714 595 1786 631 aut
1806 592 1905 643 quid

306 648 356 685 ab
377 647 449 686 illo
474 661 636 698 sperem
662 648 952 698 praemiorum,
975 650 1022 687 vt
1041 649 1092 686 ab
1112 662 1160 686 eo
1179 651 1290 687 stare
1309 648 1437 686 velim
1457 648 1655 686 aduersus
1674 646 1906 686 doctrinam

306 701 636 751 Euangelicam‘?
675 704 746 741 aut
776 703 976 741 aduersus
1009 702 1237 741 Ecclesiam
1271 702 1517 750 Romanam,
1549 715 1675 752 quam
1705 702 1852 751 opinor
1884 714 1908 739 a

306 756 508 794 catholica
530 770 616 795 non
645 757 862 795 dissentire
878 758 899 796 ‘?
940 759 1011 795 aut
1030 757 1230 795 aduersus
1250 757 1498 795 Pontificem
1519 757 1757 794 Romanum
1778 755 1908 794 totius

223 822 286 853 420
307 810 512 849 Ecclesiae
533 810 784 861 Principem,
801 811 873 861 qui
892 824 967 850 nec
986 812 1177 861 episcopo
1196 824 1286 849 meo
1306 810 1501 861 peculiari
1516 810 1646 848 velim
1665 809 1909 849 aduersari?

307 865 403 903 Non
433 878 527 903 sum
556 867 643 904 tam
672 865 827 915 impius
846 868 892 904 vt
911 866 1153 904 dissentiam
1178 865 1229 904 ab
1256 865 1439 904 Ecclesia
1465 864 1676 911 catholica,
1700 878 1784 903 non
1813 877 1909 903 sum

305 921 393 958 tam
413 919 601 970 ingratus
615 922 662 958 vt
676 919 921 958 dissentiam
941 933 965 958 a
984 920 1134 968 Leone,
1153 919 1272 958 cuius
1287 922 1328 958 et
1344 920 1529 958 fauorem
1545 921 1586 957 et
1601 918 1909 968 indulgentiam

306 974 350 1012 in
370 987 437 1012 me
459 987 543 1013 non
563 975 780 1023 vulgarem
800 987 894 1012 sum
916 976 1121 1024 expertus.
1183 973 1402 1012 Postremo
1421 987 1506 1011 non
1526 986 1621 1011 sum
1641 976 1729 1011 tam
1753 973 1908 1022 impru-

307 1028 409 1066 dens
425 1030 471 1066 vt
491 1029 692 1068 obsistam
712 1028 749 1066 ei
770 1028 836 1067 cui
856 1041 930 1066 nec
952 1029 1117 1078 regibus
1132 1030 1273 1067 tutum
1289 1030 1351 1066 est
1368 1028 1577 1076 obsistere,
1593 1027 1718 1066 etiam
1738 1027 1776 1065 si
1794 1026 1911 1065 illius

225 1095 287 1128 425
308 1095 428 1120 causa
448 1083 555 1121 mihi
574 1096 723 1133 parum
742 1083 1011 1133 probaretur3
1041 1083 1282 1132 praesertim
1307 1095 1402 1120 cum
1429 1082 1548 1120 nulla
1566 1095 1661 1132 spes
1680 1084 1785 1120 esset
1810 1080 1911 1119 boni

308 1137 479 1176 fructus.

363 1191 408 1229 Si
439 1191 621 1241 corrupti
653 1204 790 1230 mores
819 1191 1032 1230 Romanae
1066 1191 1199 1230 curiae
1233 1190 1448 1241 postulant
1482 1190 1632 1241 ingens
1666 1189 1832 1240 aliquod
1866 1202 1911 1227 ac

309 1259 502 1295 praesens
530 1246 774 1294 remedium,
798 1249 906 1284 certe
926 1259 1068 1284 meum
1088 1249 1160 1284 aut
1183 1246 1267 1284 mei
1287 1244 1491 1283 similium
1511 1258 1597 1283 non
1617 1247 1678 1283 est
1699 1245 1804 1282 hanc
1823 1256 1912 1294 pro·

309 1299 493 1338 uinciam
507 1299 585 1338 sibi
600 1312 778 1338 sumere.
826 1300 935 1338 Malo
950 1300 1074 1347 hunc,
1092 1300 1227 1350 qualis
1240 1299 1373 1350 qualis
1385 1302 1459 1347 est,
1477 1313 1616 1338 rerum
1630 1299 1912 1337 humanarum

225 1369 292 1399 430
310 1357 467 1392 statum
497 1367 622 1404 quam
652 1367 783 1393 nouos
809 1354 980 1392 excitari
1006 1354 1228 1403 tumultus,
1252 1354 1323 1404 qui
1349 1366 1646 1403 saepenumero
1665 1354 1841 1402 vergunt
1866 1352 1913 1390 in

311 1408 524 1447 diuersum
543 1411 670 1459 atque
690 1409 924 1458 putabatur.
986 1409 1066 1458 Qui
1094 1421 1207 1447 mare
1236 1407 1467 1447 admittunt
1495 1408 1541 1446 in
1572 1420 1702 1446 nouas
1729 1407 1910 1454 lacunas,

311 1475 431 1512 saepe
458 1463 674 1511 falluntur,
699 1464 809 1514 quod
839 1463 967 1502 semel
994 1463 1224 1501 admissum
1252 1476 1336 1501 non
1360 1476 1407 1501 ea
1433 1462 1566 1501 fertur
1587 1475 1666 1512 qua
1685 1461 1914 1500 destinarat

312 1517 526 1565 admissor,
547 1518 618 1556 sed
639 1531 721 1568 quo
742 1518 879 1556 lubuit
899 1517 1073 1567 proripit
1089 1531 1175 1556 sese
1191 1530 1343 1566 magno
1363 1517 1472 1555 malo
1492 1516 1783 1555 finitimorum.
1825 1515 1915 1564 Ego

313 1572 447 1610 sciens
471 1584 545 1610 nec
570 1572 633 1610 fui
660 1585 735 1611 nec
762 1585 831 1610 ero
858 1572 1059 1621 magister
1084 1572 1246 1619 erroris,
1270 1584 1344 1609 nec
1365 1570 1494 1609 vllius
1515 1570 1723 1609 tumultus
1742 1569 1810 1608 vel
1830 1569 1915 1608 dux

230 1639 291 1672 435
314 1625 380 1664 vel
405 1639 542 1664 comes
565 1639 659 1665 sum
683 1626 857 1665 futurus.
918 1627 1128 1665 Affectent
1148 1626 1221 1664 alii
1241 1625 1501 1674 martyrium,
1525 1638 1598 1675 ego
1618 1638 1686 1663 1110
1706 1637 1791 1662 11011
1813 1623 1916 1661 arbi-

313 1682 401 1718 tror
430 1680 506 1718 hoc
536 1680 691 1718 honore
721 1681 908 1730 dignum.
968 1680 1061 1719 Scio
1091 1694 1158 1718 me
1179 1680 1426 1730 quibusdam
1447 1679 1775 1717 inuisum—non
1805 1678 1915 1728 quod

313 1734 578 1773 Lutheranus
596 1734 677 1773 sim
694 1749 703 1783 ;
735 1748 831 1773 nam
852 1734 928 1773 hoc
954 1734 1093 1784 ipsum
1113 1733 1524 1784 indignantur,.quod
1545 1733 1811 1772 Lutheranus
1831 1745 1916 1770 non

314 1789 462 1837 sim—‚
495 1789 566 1827 sed
596 1788 648 1827 iis
677 1789 749 1839 qui
779 1788 886 1827 nulli
915 1790 1080 1839 placent
1110 1789 1192 1827 nisi
1224 1788 1368 1827 stultis
1401 1787 1672 1835 mulierculis,
1706 1787 1847 1825 idiotis
1875 1788 1915 1825 et

314 1843 622 1892 superstitiosis.
669 1843 752 1881 Nec
772 1857 941 1893 prorsus
961 1843 1054 1882 aliis
1074 1843 1263 1893 displicet
1284 1843 1483 1880 Erasmus
1504 1841 1586 1880 nisi
1606 1842 1758 1891 quibus
1778 1840 1915 1890 displi-

232 1911 296 1942 440
315 1899 409 1936 cent
439 1898 568 1936 bonae
596 1897 740 1936 literae
768 1900 810 1936 et
839 1898 1090 1947 Euangelica
1118 1897 1282 1943 veritas,
1306 1896 1383 1935 hoc
1413 1899 1473 1935 est
1505 1908 1608 1946 quos
1636 1896 1711 1934 alit
1736 1908 1782 1933 ac
1811 1895 1918 1934 ditat

314 1951 459 2001 populi
479 1951 671 1991 stultitia.

370 2005 483 2044 Haec
503 2005 695 2056 pluribus
715 2006 766 2045 ad
786 2008 828 2044 te
847 2006 1005 2056 scripsi,
1021 2008 1077 2053 vt,
1096 2006 1131 2045 si
1152 2006 1222 2056 qui
1242 2005 1348 2044 forte
1367 2007 1467 2043 sunt
1487 2004 1580 2042 istic
1596 2004 1668 2054 qui
1688 2017 1754 2042 me
1770 2005 1919 2042 vocant

315 2061 360 2098 in
381 2061 668 2110 suspicionem,
686 2074 738 2099 ne
752 2060 851 2110 quid
872 2061 1171 2099 commouearis
1191 2060 1367 2098 istorum
1384 2059 1631 2106 calumniis;
1660 2058 1766 2096 illud
1785 2058 1920 2096 certis-

317 2114 470 2153 simum
504 2115 664 2153 habens
697 2128 742 2154 ac
774 2115 1151 2164 persuasissimum,
1190 2115 1411 2153 Erasmum
1445 2117 1487 2151 et
1521 2114 1650 2151 fuisse
1681 2126 1845 2162 semper
1877 2114 1919 2150 et

235 2184 296 2214 445
317 2182 484 2219 semper
521 2170 712 2208 futurum
751 2169 963 2207 Romanae
1005 2169 1126 2217 sedis,
1161 2170 1228 2207 cui
1265 2168 1349 2207 scio
1389 2181 1456 2206 me
1494 2168 1639 2206 multis
1678 2165 1921 2205 nominibus

317 2223 680 2274 obligatissimum‚
712 2237 808 2262 cum
841 2223 989 2273 primis
1023 2223 1268 2269 studiosum,
1302 2222 1545 2260 habiturum
1578 2234 1652 2271 pro
1685 2220 1920 2259 aduersario

319 2278 508 2328 quisquis
541 2278 604 2316 illi
637 2279 889 2317 aduersatur.
949 2279 1089 2328 Atque
1119 2277 1280 2316 vtinam
1315 2275 1516 2315 Germani
1548 2275 1796 2314 maluissent
1829 2287 1922 2324 pru-

361 2401 436 2429 410.
453 2391 718 2423 TurenhoutF:
743 2392 1001 2423 Turenholtius
1013 2394 1055 2423 H.

1125 2401 1198 2430 433.
1218 2391 1278 2422 sed
1292 2394 1321 2421 F
1332 2394 1467 2430 Cory-ign:
1492 2401 1527 2422 se
1538 2394 1574 2423 F.
1666 2390 1740 2430 438.
1760 2389 1872 2421 nullis
1884 2393 1923 2422 N.

312 2502 442 2537 populos
460 2502 655 2539 Germaniae,
676 2499 797 2537 Rome,
814 2499 846 2530 J.
869 2498 1082 2538 Mazochius,

318 2544 408 2582 Aug.
447 2551 530 2582 1520
546 2554 553 2581 ;
592 2543 713 2573 which
750 2543 887 2574 Luther
925 2543 997 2573 and
1028 2542 1087 2573 his

318 2585 456 2617 friends
472 2588 508 2616 at
525 2586 602 2617 first
619 2587 773 2626 thought
788 2588 824 2617 10
841 2587 882 2617 be
899 2587 946 2626 by
961 2587 1088 2617 Emser

320 2629 506 2669 «11111355,
522 2630 611 2670 &c.).
654 2630 911 2661 Melanchthon
927 2629 1087 2669 rejoined

320 2673 412 2703 with
451 2682 497 2703 an
538 2676 640 2704 Oratio
679 2684 736 2711 pro
780 2676 917 2704 Μαντίηο
955 2676 1088 2704 ΙΛιίΙιενο

321 2715 597 2759 <wittenberg),
631 2727 655 2747 s.
669 2728 719 2756 u„
747 2727 840 2757 1521,
875 2717 992 2748 under
1025 2717 1087 2747 the

321 2769 427 2790 name
444 2760 482 2790 of
497 2760 676 2799 Didymus
697 2760 920 2792 Fauentinus
944 2760 1002 2801 [cf.
1021 2761 1086 2800 Ep.

324 2813 416 2842 1199.
450 2803 505 2843 24)
523 2814 531 2842 ;
562 2803 634 2834 and
666 2806 701 2834 to
732 2804 806 2835 this
831 2804 1000 2839 Radinus,
1027 2814 1087 2835 en·

319 2847 490 2887 couraged
505 2848 550 2886 by
564 2847 632 2878 Leo
643 2856 675 2887 x,
687 2847 823 2887 replied
834 2848 923 2879 with
935 2849 1089 2878 another

321 2893 435 2927 Oratio,
457 2891 575 2929 Rome,
602 2891 811 2931 Mazochius,
842 2901 855 2922 1
886 2891 967 2931 May
994 2901 1087 2930 1522,

321 2934 442 2964 which
459 2934 575 2965 ended
593 2934 654 2965 the
667 2935 905 2974 controversy.
947 2935 1002 2966 He
1020 2935 1087 2966 lost

320 2978 377 3008 his
394 2978 455 3008 life
474 2978 512 3008 in
530 2977 591 3008 the
608 2978 696 3009 Sack
714 2978 752 3009 of
764 2978 883 3009 Rome.

1199 2499 1263 2530 See
1287 2498 1322 2530 F.
1347 2499 1535 2539 Lauchert,
1552 2502 1625 2531 Ital.
1648 2502 1762 2538 Gegmer
1783 2502 1923 2540 Lutlzers,

1158 2552 1251 2582 1912,
1270 2552 1327 2582 pp.
1346 2553 1481 2583 177-99‚
1494 2544 1587 2575 with
1598 2553 1618 2574 a
1631 2543 1789 2574 detailed
1801 2543 1925 2583 analy-

1155 2586 1203 2617 sis
1220 2586 1258 2617 of
1277 2586 1339 2617 the
1361 2587 1463 2617 three
1484 2588 1592 2618 books
1610 2587 1679 2618 last
1701 2586 1922 2618 mentioned.

1155 2629 1229 2660 The
1253 2630 1330 2660 first
1355 2632 1427 2660 two
1448 2630 1486 2661 of
1507 2631 1607 2661 them
1631 2640 1693 2662 are
1716 2630 1863 2670 printed
1887 2640 1925 2661 as

1156 2673 1232 2705 ME.
1249 2673 1293 2703 86
1302 2673 1374 2704 and
1392 2683 1460 2713 103.
1501 2675 1575 2705 The
1592 2683 1700 2705 name
1711 2673 1751 2705 of
1762 2673 1926 2705 Radinus

1155 2726 1221 2748 can
1246 2717 1377 2757 hardly
1394 2717 1485 2748 have
1506 2718 1596 2749 been
1620 2717 1779 2748 familiar
1801 2719 1862 2758 yet
1885 2718 1925 2749 111

1156 2761 1218 2791 1110
1258 2760 1383 2791 North.
1444 2761 1518 2792 The
1557 2761 1648 2792 form
1686 2760 1799 2792 found
1840 2761 1925 2792 here

1156 2804 1310 2843 perhaps
1334 2814 1428 2835 owes
1457 2805 1662 2844 something
1686 2806 1722 2835 to
1750 2803 1925 2835 Erasmus'

1157 2848 1414 2886 acquaintance
1432 2848 1521 2879 with
1546 2848 1684 2880 Caelius
1700 2848 1926 2888 Rhodiginus

1158 2891 1236 2932 (Ep.
1253 2893 1329 2931 469.
1347 2891 1419 2931 8n).

1202 2944 1275 2973 410.
1301 2934 1526 2976 Turenhout]
1545 2935 1608 2965 See
1632 2934 1693 2974 Ep.
1714 2936 1805 2974 1163.
1828 2944 1904 2967 1011.

1203 2979 1277 3017 438.
1301 2978 1441 3020 idiotis]
1460 2978 1512 3011 Cf.
1532 2979 1593 3018 Ep.
1615 2987 1707 3018 1153.
1729 2988 1828 3019 17111.
