1990 3353
237 419 298 442 100

235 689 293 721 105

234 960 294 982 110

231 1232 289 1264 115

230 1503 290 1524 120

227 1773 284 1804 125

226 2043 286 2074 130

320 133 370 171 16
790 132 1039 171 LETTERS
1078 132 1147 171 OF
1185 131 1452 171 ERASMUS

372 242 439 280 Ad
464 242 691 281 amicitiam
716 243 840 280 natus
867 242 1083 291 factusque
1102 241 1279 281 videtur.
1305 240 1422 278 cuius
1444 243 1483 278 et
1511 240 1830 289 syncel-issimus
1856 243 1918 280 est

318 296 452 335 cultor
489 299 528 335 et
567 297 689 346 longe
726 296 1018 334 tenacissimus
1055 298 1130 333 est.
1190 295 1272 333 Nec
1304 295 1375 333 ille
1410 295 1560 333 metuit
1596 295 1831 342 πολυφιλίαν
1867 295 1918 334 ab

318 350 502 389 Hesiodo
521 364 668 400 parum
690 350 912 389 laudatam.
973 349 1010 387 N
1014 349 1090 387 ulli
1111 362 1195 387 non
1215 350 1325 398 patet
1348 348 1398 387 ad
1423 349 1742 387 necessitudinis
1761 349 1914 388 foedus.

317 405 587 455 Nequaquam
618 417 805 443 morosus
833 405 877 442 in
907 403 1137 453 deligendo,
1171 403 1532 442 commodissimus
1562 403 1607 441 in
1636 403 1797 448 alendo,
1829 416 1919 442 con·

316 459 601 498 stantissimus
620 459 665 496 in
691 458 918 496 retinendo.
977 457 1021 495 Si
1048 458 1134 496 fors
1159 457 1305 495 incidit
1330 457 1374 495 in
1399 458 1635 507 quempiam
1663 458 1780 496 cuius
1798 457 1917 496 viciis

318 514 475 552 mederi
495 527 580 551 non
596 513 739 565 possit,
757 512 869 550 hunc
890 525 962 561 per
981 511 1238 550 occasionem
1255 511 1445 558 dimittit,
1464 511 1654 550 dissuens
1673 511 1912 558 amicitiam,

316 581 399 606 non
436 567 700 616 abrumpens.
768 566 880 614 Quos
917 579 1112 616 synceros
1148 565 1327 615 repperit
1369 568 1409 603 et
1447 566 1497 604 ad
1535 566 1753 615 ingenium
1792 579 1916 605 suum

315 621 539 672 appositos,
571 622 720 659 horum
753 620 1053 659 consuetudine
1085 619 1318 669 fabulisque
1352 619 1409 658 sic
1443 619 1671 658 delectatur
1698 622 1744 658 vt
1777 620 1843 658 his
1871 620 1916 659 in

314 676 436 714 rebus
471 675 728 725 praecipuam
758 675 868 713 vitae
896 674 1155 723 voluptatem
1190 687 1339 723 ponere
1370 674 1570 712 videatur.
1629 673 1738 712 Nam
1767 687 1790 712 a
1818 673 1911 724 pila,

313 729 417 776 alea,
447 730 600 768 chartis
629 729 876 779 caeterisque
905 728 1077 775 lusibus,
1109 728 1260 777 quibus
1290 727 1440 776 vulgus
1469 741 1685 777 procerum
1715 728 1915 777 temporis

313 784 497 822 taedium
517 783 622 822 solet
642 782 793 830 fallere,
817 796 987 832 prorsus
1012 782 1216 821 abhorret.
1276 782 1406 820 Porro
1425 784 1469 820 vt
1496 782 1754 831 propriarum
1776 796 1915 821 rerum

313 841 377 876 est
398 838 688 888 negligentior,
708 838 766 875 ita
786 851 908 875 nemo
927 837 1166 887 diligentior
1185 836 1229 875 in
1249 836 1442 875 curandis
1467 836 1695 875 amicorum
1720 836 1913 886 negociis.

314 892 420 941 Quid
442 892 622 931 multis?
669 891 714 931 Si
732 891 824 941 quis
847 891 1084 930 absolutum
1104 904 1222 929 verae
1249 890 1455 929 amicitiae
1479 890 1660 940 requirat
1688 891 1909 940 exemplar,

312 960 335 984 a
355 947 523 985 nemine
542 946 694 985 rectius
713 946 879 995 petierit
899 959 1024 995 quam
1044 959 1066 983 a
1087 945 1216 983 Moro.

367 1000 419 1038 In
449 1001 642 1039 conuictu
670 1003 757 1038 tam
786 1013 875 1038 rara
903 1000 1078 1038 comitas
1106 1012 1151 1037 ac
1179 1012 1343 1037 morum
1373 998 1574 1045 suauitas,
1603 1001 1647 1037 vt
1676 1012 1799 1037 nemo
1825 1001 1913 1039 tam

310 1055 424 1093 tristi
456 1054 510 1092 sit
542 1054 709 1105 ingenio
742 1067 865 1103 quem
896 1067 981 1092 non
1014 1053 1224 1099 exhilaret,
1262 1052 1377 1090 nulla
1416 1065 1480 1090 res
1518 1055 1605 1091 tam
1643 1054 1760 1092 atrox
1798 1054 1913 1092 cuius

311 1110 497 1148 taedium
517 1122 600 1147 non
627 1107 834 1147 discutiat.
894 1108 984 1146 Iam
1011 1107 1109 1145 inde
1130 1121 1151 1145 a
1173 1120 1300 1157 puero
1321 1106 1377 1144 sic
1401 1106 1503 1145 iocis
1530 1109 1591 1145 est
1617 1106 1847 1146 delectatus
1868 1111 1912 1146 vt

311 1164 360 1201 ad
382 1163 459 1201 hos
478 1165 602 1201 natus
622 1162 755 1201 videri
774 1162 918 1211 possit,
943 1163 1012 1201 sed
1034 1162 1077 1199 in
1098 1163 1166 1200 his
1186 1175 1260 1199 nec
1280 1161 1330 1199 ad
1357 1160 1655 1199 scurrilitatem
1674 1174 1804 1211 vsque
1824 1175 1911 1212 pro-

309 1230 474 1266 gressus
500 1219 576 1262 est,
602 1230 676 1254 nec
703 1216 1017 1254 mordacitatem
1036 1229 1221 1265 vnquam
1248 1215 1415 1254 amauit.
1475 1215 1729 1253 Adolescens
1755 1229 1911 1255 comoe-

311 1271 440 1310 diolas
469 1274 509 1309 et
543 1271 707 1320 scripsit
740 1274 779 1309 et
813 1271 909 1320 egit.
970 1270 1014 1309 Si
1044 1270 1152 1320 quod
1182 1269 1341 1308 dictum
1369 1271 1475 1307 esset
1510 1269 1670 1315 salsius,
1707 1270 1833 1308 etiam
1866 1271 1910 1310 in

309 1325 448 1374 ipsum
475 1327 645 1371 tortum,
675 1327 815 1363 tamen
843 1325 1032 1372 ainabat3
1066 1324 1298 1374 vsqueadeo
1323 1323 1472 1373 gaudet
1501 1323 1655 1362 salibus
1684 1324 1843 1372 argutis
1871 1327 1911 1363 et

309 1379 528 1429 ingenium
566 1378 859 1418 redolentibus.
920 1379 1041 1417 Vnde
1080 1381 1119 1417 et
1157 1379 1471 1428 epigrammatis
1511 1377 1611 1415 lusit
1652 1378 1828 1423 iuuenis,
1870 1382 1910 1417 et

307 1433 491 1472 Luciano
507 1447 601 1472 cum
617 1433 765 1483 primis
779 1435 841 1472 est
856 1433 1082 1472 delectatus
1098 1447 1107 1481 ;
1137 1432 1238 1483 quin
1253 1434 1292 1470 et
1309 1432 1416 1470 mihi
1430 1435 1475 1469 vt
1493 1432 1645 1470 Morias
1662 1432 1911 1472 Encomium

308 1488 542 1536 scriberem.
567 1489 642 1526 hoc
662 1490 723 1526 est
743 1490 790 1525 vt
811 1487 993 1526 camelus
1013 1487 1221 1533 saltarem,
1244 1486 1323 1524 fuit
1343 1488 1472 1524 autor.

364 1541 479 1580 Nihil
501 1544 640 1580 autem
667 1541 712 1579 in
732 1541 856 1579 rebus
883 1542 1079 1580 humanis
1105 1542 1277 1580 obuium
1303 1542 1365 1579 est
1395 1541 1504 1579 vnde
1526 1540 1596 1578 ille
1623 1553 1707 1578 non
1735 1543 1910 1580 venetur

307 1595 576 1645 voluptatem,
594 1595 719 1634 etiam
737 1596 781 1634 in
796 1596 918 1634 rebus
935 1596 1116 1634 maxime
1132 1595 1261 1634 seriis.
1310 1594 1354 1632 Si
1370 1608 1465 1633 cum
1480 1594 1655 1632 eruditis
1674 1595 1715 1633 et
1730 1595 1908 1634 cordatis

308 1663 371 1689 res
391 1652 463 1697 est,
487 1650 711 1688 delectatur
730 1650 898 1699 ingenio
914 1665 923 1698 3
953 1650 987 1689 si
1007 1663 1103 1689 cum
1123 1649 1303 1688 indoctis
1322 1662 1366 1687 ac
1386 1648 1538 1699 stultis,
1563 1648 1718 1687 fruitur
1739 1648 1908 1688 illorum

306 1704 502 1744 stulticia.
562 1704 645 1742 Nec
675 1704 898 1742 offenditur
929 1703 1198 1749 morionibus,
1232 1703 1338 1742 mira
1367 1703 1609 1741 dexteritate
1637 1703 1687 1741 ad
1717 1704 1907 1743 omnium

306 1759 476 1797 affectus
502 1772 590 1797 sese
615 1759 941 1797 accommodans.
1001 1760 1106 1798 Cum
1132 1757 1378 1797 mulieribus
1398 1758 1482 1795 fere
1509 1759 1634 1807 atque
1660 1757 1787 1795 etiam
1811 1771 1906 1797 cum

306 1826 431 1851 vxore
464 1826 547 1850 non
582 1812 663 1851 nisi
696 1812 813 1850 lusus
846 1814 1039 1863 iocosque
1072 1814 1231 1851 tractat.
1292 1811 1458 1850 Diceres
1490 1811 1667 1849 alterum
1698 1812 1906 1861 quendam

305 1880 392 1905 esse
417 1866 713 1912 Democritum,
740 1870 811 1905 aut
840 1867 978 1916 potius
1006 1866 1330 1917 Pythagoricum
1357 1865 1478 1904 illum
1505 1865 1812 1916 philosophum,
1837 1867 1906 1916 qui

304 1934 460 1960 vacuus
496 1921 637 1959 animo
675 1933 747 1970 per
785 1923 1014 1960 mercatum
1046 1921 1319 1960 obambulans
1356 1919 1661 1969 contemplatur
1696 1920 1905 1959 tumultus

305 1975 577 2014 vendentium
606 1977 729 2024 atque
763 1975 1003 2014 ementium.
1065 1976 1196 2014 Nemo
1225 1975 1368 2013 minus
1402 1974 1566 2013 ducitur
1593 1974 1710 2023 vulgi
1737 1974 1901 2014 iudicio.

305 2030 373 2068 sed
394 2042 536 2068 rursus
557 2042 678 2067 nemo
698 2028 839 2067 minus
858 2030 975 2068 abest
993 2043 1016 2068 a
1035 2043 1159 2068 sensu
1180 2028 1404 2067 communi.

361 2083 586 2133 Praecipua
618 2082 682 2121 illi
714 2083 907 2133 voluptas
940 2087 1001 2122 est
1036 2087 1218 2134 spectare
1251 2083 1413 2129 formas.
1450 2081 1620 2132 ingenia
1653 2084 1694 2120 et
1733 2083 1904 2122 affectus

349 2180 420 2202 100.
446 2173 527 2201 ELB
543 2182 549 2201 z
572 2170 754 2210 diligendo
772 2173 868 2201 Loml.
996 2181 1068 2203 101.
1094 2170 1165 2201 fors
1181 2168 1254 2200 EX2
1271 2181 1278 2200 :
1303 2168 1390 2199 foris
1407 2166 1499 2198 HN3.
1619 2176 1692 2205 103.
1717 2167 1848 2207 reperit
1866 2170 1902 2198 F.

307 2222 377 2251 104.
402 2215 440 2245 in
459 2215 515 2244 his
532 2216 568 2244 F.
705 2215 775 2246 116.
795 2213 923 2245 salsius
939 2217 1011 2245 add.
1029 2217 1070 2246 H.

346 2321 398 2350 99.
426 2310 599 2351 Hesiodo]
626 2314 678 2348 Op.
699 2319 772 2348 713.

350 2363 362 2383 1
371 2363 419 2392 15.
445 2353 694 2395 comoediolas]
708 2354 824 2393 Roper
838 2354 919 2394 (szsv
932 2355 1067 2391 ofMore,

1140 2318 1174 2346 17
1191 2308 1239 2346 ff.‚
1258 2306 1520 2342 unnumbered,
1541 2309 1577 2337 at
1595 2307 1656 2337 the
1675 2306 1754 2344 end,
1775 2306 1863 2337 with
1883 2317 1902 2338 a

1135 2361 1215 2382 new
1234 2350 1406 2389 colophon
1428 2359 1465 2387 13
1484 2349 1570 2381 Nov.
1591 2351 1672 2388 1506
1689 2361 1696 2380 :
1720 2350 1899 2380 Erasmus·

1792 131 1916 185 [1519
1966 185 1970 188 ,

303 2396 358 2428 ed.
384 2396 539 2437 Hem-no,
568 2399 660 2437 1716,
686 2407 720 2436 p.
745 2407 779 2437 3)
813 2397 955 2427 records
986 2397 1066 2427 that

303 2440 412 2480 More,
431 2441 536 2471 when
554 2451 573 2471 a
590 2441 657 2481 boy
674 2441 713 2472 in
729 2440 792 2471 the
816 2440 1015 2470 household
1033 2440 1071 2471 of

303 2483 474 2514 Cardinal
490 2484 642 2523 Morton,
659 2483 776 2514 would
797 2484 852 2514 ‘at
867 2483 1066 2514 Christmas

302 2527 365 2566 tyd
383 2527 532 2566 sodenly
545 2530 759 2567 sometymes
769 2528 872 2567 stepp
885 2528 924 2557 in
937 2537 1066 2566 among

301 2570 365 2600 the
381 2571 533 2610 players,
548 2571 619 2601 and
637 2579 744 2602 never
756 2571 922 2609 studiuge
935 2570 989 2601 for
1005 2571 1066 2600 the

300 2615 443 2653 matter,
463 2614 564 2645 make
580 2624 600 2645 a
615 2616 716 2655 parte
728 2613 767 2644 of
779 2614 837 2644 his
849 2624 950 2644 owne
963 2613 1064 2644 thert-

301 2657 485 2696 presently
507 2667 657 2697 amonge
682 2658 795 2694 them,
818 2657 938 2688 which
961 2657 1065 2687 made

301 2701 360 2731 the
380 2700 519 2732 lookers
537 2711 582 2732 on
600 2711 696 2731 more
712 2702 807 2740 sport
831 2701 918 2731 then
936 2700 983 2730 all
1002 2700 1063 2730 the

300 2743 442 2783 players
459 2745 556 2775 besid
572 2745 591 2775 ’.

347 2797 360 2817 1
370 2788 417 2818 18.
442 2787 725 2828 epigrammatis]
739 2787 790 2818 Cf.
803 2787 866 2826 Ep.
880 2788 953 2826 635.
967 2797 1063 2825 9-10.

346 2839 415 2869 119.
442 2831 614 2871 Luciano]
631 2831 679 2861 To
693 2831 857 2869 thejoint
873 2830 1016 2860 volume
1030 2830 1066 2861 of

303 2875 385 2913 1506
403 2874 482 2914 (Ep.
501 2875 576 2914 187)
591 2875 687 2905 More
703 2874 929 2904 contributed
948 2876 1062 2903 trans-

299 2918 431 2948 lations
456 2918 493 2948 of
518 2919 617 2948 three
642 2918 824 2956 dialogues
847 2918 918 2947 and
944 2918 980 2947 of
1001 2917 1061 2947 th(-

299 2963 508 2998 Tyrannicida
522 2961 610 2992 with
624 2971 642 2992 a
653 2961 893 2991 declamation
906 2961 944 2990 in
960 2959 1061 3000 reply

300 3006 356 3042 (cf.
376 3004 412 3036 ll.
432 3014 538 3044 2535
561 3004 631 3035 and
659 3005 718 3044 Ep.
742 3006 827 3043 1912·
875 3004 986 3034 These
1010 3004 1059 3033 till

1134 2396 1275 2434 portion
1308 2395 1457 2433 bearing
1480 2392 1563 2423 date
1592 2403 1605 2423 1
1638 2394 1727 2424 Nov.
1775 2393 1900 2424 More‘s

1135 2439 1231 2468 work
1250 2439 1280 2468 is
1297 2435 1485 2468 dedicated
1502 2439 1538 2466 to
1557 2436 1705 2467 Ruthall
1725 2436 1804 2476 (Ep.
1824 2439 1899 2476 192)

1134 2482 1225 2512 with
1236 2491 1280 2512 an
1297 2479 1455 2511 undated
1468 2479 1606 2518 preface
1621 2480 1707 2521 (LB.
1722 2480 1811 2520 App.
1824 2490 1897 2520 475.

1134 2526 1233 2564 quite
1264 2524 1426 2563 wrongly
1453 2523 1611 2553 ascribed
1646 2526 1681 2554 to
1712 2523 1894 2564 Erasmus·

1133 2568 1254 2599 which
1277 2568 1382 2598 offers
1407 2567 1462 2598 for
1485 2565 1664 2597 Ruthall’s
1686 2570 1897 2606 acceptance

1135 2612 1222 2642 ‘has
1239 2612 1276 2642 in
1294 2610 1438 2642 Graecis
1463 2609 1595 2641 litteris
1612 2611 1723 2641 studii
1740 2611 1810 2641 mei
1828 2612 1898 2650 pri-

1134 2656 1256 2686 mitias
1270 2655 1289 2685 ’.
1338 2654 1400 2685 Sec
1417 2653 1490 2684 also
1508 2653 1570 2695 Ep.
1587 2663 1652 2693 550
1670 2653 1804 2685 introd.
1824 2654 1895 2685 ancl

1132 2708 1155 2738 1⁷
1175 2709 1209 2738 p.
1232 2699 1280 2728 18.
1299 2699 1393 2737 26-9.

1179 2752 1251 2772 120.
1278 2741 1349 2772 fuit
1365 2738 1484 2779 autor]
1502 2740 1576 2771 The
1593 2741 1726 2780 precise
1742 2740 1845 2771 value
1859 2742 1895 2771 to

1132 2785 1173 2815 be
1190 2784 1358 2816 attached
1376 2787 1411 2814 to
1427 2784 1501 2815 this
1526 2785 1719 2814 statement
1742 2786 1838 2815 must
1853 2784 1894 2815 be

1131 2828 1356 2859 determined
1383 2828 1428 2867 by
1449 2828 1670 2867 comparison
1695 2827 1780 2858 with
1806 2827 1892 2868 Epp.

1132 2882 1206 2903 222.
1227 2871 1320 2903 148.
1339 2880 1411 2910 337.
1436 2872 1572 2910 126-39.

1179 2925 1246 2951 127.
1276 2915 1538 2955 Democritum]
1557 2914 1609 2946 Cf.
1630 2914 1692 2954 Ep.
1711 2923 1785 2944 222.
1805 2913 1890 2953 17‚8.

1219 2957 1511 2998 Pytlmgoricum]
1552 2957 1602 2988 Cf.
1642 2957 1738 2997 Diog.
1774 2958 1889 2988 Laert.

1130 3003 1160 3032 8.
1183 3012 1208 3032 1.
1226 3004 1256 3033 6.
