1990 3353
105 149 150 177 12
158 152 178 188 3
186 135 228 191 3]
563 137 633 176 To
671 135 936 176 WILLIAM
975 134 1247 175 BUDAEUs
1631 131 1711 169 579

109 267 250 292 amore
287 252 578 303 proficiscatur,
620 250 753 288 multo
791 249 1067 288 tenacioribus
1106 249 1286 288 vinculis
1323 249 1566 299 iunguntur,
1609 260 1713 296 quos

106 307 372 358 ingeniorum
410 318 572 356 quoque
609 304 787 343 charitas
820 304 995 354 copulat.
1064 304 1276 353 Magisque
1313 306 1478 341 veretur
1514 301 1713 340 maritum

108 375 213 400 vxor
251 374 376 412 quem
413 359 600 409 agnoscit
637 361 678 396 et
716 360 1037 408 praeceptorem.
1109 358 1194 396 Nec
1238 358 1329 395 ideo
1368 357 1510 395 minus
1547 355 1715 394 habebit

109 416 289 466 pietatis,
312 415 409 466 quia
436 414 579 452 minus
607 412 729 451 habet
757 412 1074 462 superstitionis.
1124 411 1342 462 Equidem
1371 411 1481 449 malo
1509 410 1714 449 talentum

110 471 201 509 auri
220 471 313 520 puri
332 482 457 519 quam
477 468 557 506 tria
577 467 734 505 talenta
752 467 887 505 multo
907 466 1081 515 plumbo
1100 467 1311 516 scoriaque
1331 466 1491 504 viciata.

165 524 378 562 Audimus
410 522 564 573 passim
598 521 699 559 alias
732 520 998 559 mulierculas
1028 521 1086 558 sic
1118 533 1141 558 a
1173 521 1368 558 concione
1406 519 1635 565 redeuntes,
1670 519 1717 557 vt

111 579 351 629 praedicent
369 576 545 616 mirifice
568 575 697 614 fuisse
718 576 1009 613 concionatum
1030 574 1102 624 qui
1122 575 1227 612 dixit
1245 589 1253 621 ;
1283 587 1329 612 ac
1348 573 1514 612 vultum
1534 573 1718 611 hominis

112 633 306 683 graphice
323 632 565 681 depingunt.
594 630 814 668 Caeterum
830 642 963 679 neque
975 628 1074 679 quid
1091 629 1243 666 dixerit
1258 641 1392 678 neque
1406 628 1524 678 quale
1539 627 1594 666 sit
1611 626 1718 676 quod

113 687 219 725 dixit
240 699 451 725 recensere
471 686 657 735 possunt.
710 683 802 722 Hae
821 684 899 722 tibi
918 685 1051 722 totam
1072 695 1178 732 pene
1199 683 1437 721 concionem
1458 682 1601 719 ordine
1621 681 1719 718 refe-

114 744 226 789 runt,
245 754 329 779 non
345 741 437 779 sine
452 739 614 778 delectu
630 753 638 777 :
669 739 704 776 si
719 738 819 788 quid
835 737 976 785 stulte,
996 738 1030 775 si
1047 737 1145 786 quid
1167 737 1305 786 impie,
1324 736 1360 774 si
1376 736 1474 785 quid
1495 738 1611 774 extra
1630 747 1720 772 rem

113 795 267 834 effutiit
286 792 949 843 ecclesiastes—quemadmodum
976 792 1099 829 hodie
1125 805 1210 829 non
1237 804 1330 829 raro
1354 791 1442 828 fieri
1463 790 1718 836 videmus—,

117 851 158 888 id
180 853 335 887 norunt
353 848 421 887 vel
450 848 584 886 ridere
603 847 670 885 vel
701 847 911 897 negligere
930 846 998 885 vel
1028 845 1236 883 detestari.
1295 846 1436 895 Atque
1456 845 1532 882 hoc
1554 844 1722 881 demum

117 908 178 943 est
199 904 339 942 audire
360 902 740 941 sacrasconciones.
800 902 907 940 Cum
928 899 1169 938 huiusmodi
1189 900 1360 937 demum
1378 912 1475 937 vere
1495 898 1724 936 iucundum

117 961 180 997 est
199 958 434 996 conuiuere.
472 955 484 994 ‘x
531 957 734 994 lurimum
762 955 876 994 enim
905 955 956 993 ab
985 955 1077 993 istis
1101 955 1299 992 dissentio
1325 954 1395 1003 qui
1424 953 1619 1002 coniuges
1640 964 1724 989 non

120 1014 164 1051 in
184 1013 316 1051 alium
336 1025 460 1050 vsum
517 1011 642 1049 abent
663 1023 788 1060 quam
814 1010 865 1048 ad
895 1009 1140 1060 obsequium
1160 1008 1395 1058 voluptatis,
1420 1020 1544 1057 quam
1565 1007 1615 1045 ad
1636 1018 1723 1044 rem

119 1067 253 1117 magis
272 1066 483 1116 appositae
508 1068 610 1104 sunt
637 1065 896 1103 semifatuae.
953 1064 1106 1102 Pectus
1125 1064 1272 1102 habeat
1294 1064 1466 1112 oportet,
1488 1074 1590 1111 quae
1609 1060 1724 1098 fami—

119 1122 221 1160 liam
241 1121 451 1159 contineat
472 1122 516 1158 in
537 1119 679 1164 officio,
703 1132 806 1169 quae
825 1118 1051 1158 liberorum
1071 1130 1208 1156 mores
1227 1117 1358 1166 fingat
1377 1129 1424 1154 ac
1444 1117 1605 1161 formet,
1623 1128 1727 1164 quae

120 1176 271 1214 marito
309 1188 382 1224 per
420 1175 562 1213 omnia
601 1173 838 1212 satisfaciat.
913 1173 1132 1212 Caeterum
1165 1185 1261 1210 cum
1298 1171 1488 1221 proximo
1523 1169 1726 1218 colloquio

121 1230 228 1269 illud
258 1229 500 1268 obiecissem
526 1229 654 1276 Moro,
684 1224 831 1281 [quod]
861 1229 896 1266 si
925 1227 1025 1277 quid
1053 1226 1298 1265 humanitus
1325 1225 1536 1270 accideret,
1568 1225 1655 1262 fore
1681 1225 1729 1262 vt

122 1284 292 1334 grauius
307 1284 624 1322 discruciaretur
643 1296 785 1321 earum
805 1282 1016 1329 desiderio,
1041 1282 1085 1319 in
1106 1281 1258 1331 quibus
1276 1279 1545 1318 instituendis
1560 1280 1728 1316 tantum

123 1339 418 1388 insumpsisset
437 1351 605 1388 operae,
635 1337 848 1386 respondit
877 1338 1157 1383 incontanter,
1184 1335 1251 1373 ‘Si
1275 1334 1374 1384 quid
1404 1333 1594 1371 acciderit
1618 1332 1728 1382 quod

124 1393 249 1431 vitari
270 1405 355 1431 non
376 1395 520 1442 potest,
544 1392 690 1430 malim
720 1405 788 1430 eas
816 1392 922 1429 mori
951 1391 1091 1428 doctas
1119 1403 1243 1439 quam
1270 1389 1456 1427 indoctas
1473 1390 1492 1426 ⁷.
1553 1388 1731 1436 Moxque

126 1447 231 1486 mihi
252 1448 369 1486 venit
396 1447 441 1484 in
470 1449 655 1484 mentem
676 1446 928 1495 Phocyonis,
957 1445 1003 1483 ni
1031 1444 1168 1491 fallor,
1194 1444 1514 1493 apophthegma,
1535 1442 1600 1479 cui
1626 1440 1731 1479 bibi-

126 1506 220 1540 turo
253 1501 431 1539 cicutam
462 1514 554 1539 curn
590 1513 696 1539 vxor
733 1500 988 1546 acclamaret,
1025 1499 1108 1536 ‘Mi
1144 1499 1223 1546 vir,
1257 1498 1457 1535 innocens
1490 1494 1731 1534 morieris':

132 1561 140 1576 ⁶
157 1556 266 1604 Quid
283 1558 291 1572 ’
313 1555 463 1605 inquit,
491 1559 499 1573 ⁴
515 1555 585 1603 ais,
611 1555 746 1593 vxor?
801 1556 872 1592 An
893 1567 959 1592 me
981 1553 1128 1591 malles
1147 1555 1364 1591 nocentem
1385 1551 1492 1589 mori
1505 1551 1525 1588 ‘?
1542 1551 1550 1565 '

181 1610 360 1649 Interim
381 1610 454 1648 illa
474 1610 668 1659 cogitatio
688 1609 817 1648 subiit
843 1608 1032 1646 animum
1059 1620 1211 1655 meum,
1237 1609 1280 1644 vt
1299 1619 1373 1644 vos
1393 1606 1496 1643 duos
1516 1618 1588 1642 ceu
1610 1604 1735 1642 duces

129 1665 330 1714 quosdam
362 1664 537 1702 eximios
568 1664 611 1701 in
642 1664 720 1702 hoc
751 1663 887 1702 laudis
925 1675 1073 1712 genere
1111 1674 1370 1710 componam,
1408 1659 1540 1698 veluti
1574 1659 1609 1696 si
1643 1658 1735 1708 quis

132 1719 359 1758 Camillum
379 1719 617 1758 committat
642 1731 738 1756 cum
759 1718 951 1767 Scipione
973 1717 1186 1755 Africano.
1244 1716 1307 1753 Tu
1337 1719 1378 1752 et
1406 1714 1594 1763 pluribus
1614 1712 1736 1750 annis

131 1776 171 1812 et
197 1773 401 1823 iniquiore
424 1773 560 1812 seculo
581 1786 677 1811 cum
697 1772 914 1811 literarum
941 1771 1133 1815 hostibus
1159 1783 1203 1808 es
1233 1769 1509 1815 conflictatus,
1529 1768 1605 1806 hoc
1629 1770 1736 1805 cer-te

133 1828 287 1867 calculo
304 1828 418 1866 Mox-0
434 1827 629 1877 superior.
674 1827 894 1866 Caeterum
910 1826 1018 1876 quod
1040 1828 1087 1863 tu
1108 1825 1153 1862 in
1174 1824 1273 1862 filiis
1294 1827 1461 1862 tantum
1480 1836 1524 1860 ac
1540 1821 1737 1860 fratribus

133 1896 258 1921 ausus
285 1895 330 1921 es
359 1882 510 1930 moliri,
541 1882 619 1920 hoc
647 1881 719 1919 ille
749 1894 833 1919 non
863 1881 1030 1919 dubitat
1058 1882 1099 1917 et
1128 1880 1171 1916 in
1201 1878 1399 1916 vxoribus
1429 1882 1469 1915 et
1497 1878 1542 1915 in
1571 1876 1738 1914 filiabus

133 1937 274 1985 facere,
296 1937 459 1974 fortiter
476 1938 716 1986 contempta
744 1936 843 1974 noui
872 1934 1054 1984 exempli
1082 1933 1255 1971 inuidia.
1315 1933 1404 1980 Quo
1431 1931 1600 1969 nomine
1620 1930 1739 1967 vicis-

134 1992 213 2030 sim
236 1992 309 2030 ille
328 1994 368 2029 te
388 1990 609 2040 praecellit.
670 1991 733 2028 Tu
763 2003 931 2028 rursum
958 1988 1078 2026 libris
1098 1988 1245 2026 aeditis
1264 1987 1483 2035 vtriusque
1503 1985 1740 2023 literaturae

135 2049 389 2095 prouentum
409 2044 542 2095 magis
561 2044 714 2083 auxisti
735 2057 859 2094 quam
886 2044 957 2081 ille
977 2058 985 2090 3
1015 2043 1219 2092 copiosius
1240 2041 1377 2088 etiam,
1399 2041 1461 2078 vti
1482 2039 1603 2077 nobis
1623 2039 1740 2087 polli-

136 2113 286 2146 cemur,
310 2101 355 2138 in
383 2102 595 2149 posterum
623 2102 832 2146 aucturus,
855 2098 893 2136 si
921 2098 1044 2135 modo
1072 2097 1254 2146 coeperis
1283 2108 1378 2145 opes
1405 2097 1497 2132 tuas
1526 2107 1547 2131 e
1577 2092 1740 2131 scriniis

138 2155 402 2205 depromptas
435 2153 481 2192 in
513 2154 718 2204 populum
749 2152 927 2202 elargiri.
988 2152 1234 2200 Quanquam
1265 2154 1306 2188 et
1339 2163 1362 2188 a
1393 2149 1508 2186 Moro
1539 2160 1740 2197 magnum

137 2209 294 2259 aliquid
315 2210 502 2258 expectat
520 2208 726 2256 iuuentus,
750 2208 859 2257 quod
887 2206 958 2244 ille
985 2206 1168 2244 multum
1194 2205 1327 2242 adhuc
1347 2203 1456 2242 absit
1475 2216 1498 2240 a
1517 2204 1738 2247 senectute,

143 2268 184 2301 et
204 2266 364 2313 patrem
384 2262 510 2301 habet
530 2275 616 2301 non
636 2262 852 2309 minorem,
875 2261 1058 2308 arbitror,
1082 2260 1204 2298 annis
1223 2259 1444 2308 octoginta,
1465 2256 1570 2295 mire
1590 2255 1743 2295 virenti

141 2320 368 2364 senectute,
392 2319 439 2355 vt
468 2317 541 2356 vix
567 2317 699 2355 alium
727 2316 906 2365 reperias
935 2316 1006 2365 qui
1036 2315 1188 2352 bellius
1216 2316 1349 2363 gestet
1377 2314 1566 2350 aetatem.
1623 2310 1744 2348 Vnde

140 2372 238 2410 licet
266 2374 309 2410 et
341 2371 458 2410 Moro
489 2371 812 2421 longaeuitatem
846 2370 1037 2408 ominari.
1094 2367 1223 2407 Video
1255 2380 1335 2417 qua
1366 2366 1410 2405 in
1445 2379 1487 2404 re
1515 2365 1744 2415 plurimum

142 2426 373 2465 adiumenti
393 2425 526 2476 possis
545 2426 704 2464 adferre
725 2425 986 2463 Graecanicis
1007 2422 1166 2470 studiis,
1184 2423 1386 2460 nimirum
1406 2421 1442 2458 si
1463 2419 1745 2469 copiosissimo

143 2481 293 2519 Lexico
314 2480 433 2519 nobis
454 2493 538 2518 non
557 2481 727 2518 tantum
746 2492 956 2517 recenseas
968 2477 1179 2524 vocabula,
1195 2475 1469 2515 verumetiam
1487 2474 1687 2512 idiomata
1705 2474 1746 2510 et

410 2605 480 2632 140.
506 2594 618 2635 magis
634 2596 783 2632 Peon-[q.
801 2604 809 2624 z
834 2593 938 2633 nugis
955 2594 991 2622 F.
1115 2599 1186 2629 149.
1211 2591 1262 2620 ais
1278 2591 1332 2619 H:
1357 2589 1431 2628 agis
1447 2591 1480 2618 Γ.

193 2716 263 2745 133.
290 2705 385 2747 Hac]
406 2705 531 2737 More's
547 2705 751 2745 daughters.
983 2701 1149 2732 Budaeus
1165 2699 1227 2729 did
1245 2700 1307 2728 not-
1323 2697 1489 2728 overlook
1513 2696 1587 2727 this
1611 2705 1748 2735 sugges-

196 2752 267 2781 162.
294 2749 486 2790 octoginta]
502 2749 576 2779 But
592 2750 634 2779 cf.
655 2748 717 2788 Ep.
732 2758 806 2787 999.
824 2749 891 2777 6111
907 2758 914 2784 ;
983 2747 1072 2776 tion.
1119 2743 1266 2773 Besides
1283 2743 1345 2772 the
1363 2742 1555 2771 assistance
1568 2740 1686 2770 which
1706 2739 1749 2768 he

148 2794 230 2829 and,
246 2796 299 2824 for
310 2803 330 2824 a
343 2793 414 2824 like
425 2793 601 2828 estimate,
614 2792 676 2832 Ep.
689 2802 746 2821 121
757 2802 783 2822 1.
793 2792 911 2830 538-9.
983 2798 1069 2829 gave
1081 2787 1299 2818 toDumaine
1312 2785 1388 2824 (ΕΡ.
1398 2782 1753 2824 146011),hehi1nsclf

197 2838 268 2868 166.
294 2836 438 2878 Lexico]
470 2836 539 2867 For
569 2836 631 2866 the
670 2835 825 2866 demand
861 2834 916 2864 for
987 2830 1167 2872 produced
1197 2831 1414 2860 Commentarii
1446 2831 1572 2864 linquae
1608 2829 1746 2863 Graecae,

152 2881 268 2913 Greek
295 2881 454 2911 lexicons
481 2884 518 2911 at
545 2879 620 2910 this
645 2881 736 2909 time
766 2889 822 2909 sec
855 2878 916 2908 the
988 2876 1098 2909 Paris,
1114 2873 1259 2911 Badius,
1275 2873 1478 2912 Sept.1529.
1496 2871 1617 2908 These,
1629 2869 1747 2899 which

152 2926 290 2965 preface
319 2922 549 2955 contributed
574 2923 620 2960 by
641 2923 809 2953 Erasmus
834 2921 913 2961 (Ep.
987 2919 1110 2950 served
1130 2927 1166 2947 as
1184 2917 1246 2947 the
1264 2915 1382 2946 model
1399 2916 1453 2946 for
1466 2914 1600 2945 Dolet’s
1613 2912 1752 2942 similar

157 2970 255 3007 1460)
285 2968 338 2998 for
366 2967 541 2998 Froben’s.
589 2966 734 3005 Despite
759 2965 821 2996 the
851 2965 917 2994 im·
986 2963 1083 2993 work
1117 2963 1153 2992 in
1182 2961 1299 2992 Latin.
1330 2959 1458 2998 Lyons,
1492 2959 1525 2988 S.
1555 2956 1749 2996 Gryphius,

155 3012 312 3051 mensity
325 3011 362 3042 of
373 3011 434 3042 the
451 3010 528 3041 task
540 3010 597 3050 (cf.
612 3010 673 3049 Ep.
687 3019 778 3048 1325.
793 3008 915 3047 46-53)
991 3006 1128 3045 1536-8,
1162 3004 1294 3034 consist
1324 3003 1362 3033 of
1391 3001 1685 3041 interpretatione}
1717 2999 1755 3029 of

892 3074 1016 3112 Pp2

1733 263 1796 295 1²5

1746 1071 1807 1102 140

1751 1343 1808 1374 145

1756 1615 1817 1647 150

1761 2148 1824 2179 160

1766 2418 1826 2459 165
