<?xml version="1.0" encoding="UTF-8"?>
<!DOCTYPE html PUBLIC "-//W3C//DTD XHTML 1.0 Transitional//EN"
    "http://www.w3.org/TR/xhtml1/DTD/xhtml1-transitional.dtd">
<html xmlns="http://www.w3.org/1999/xhtml" xml:lang="en" lang="en">
 <head>
  <title>
</title>
<meta http-equiv="Content-Type" content="text/html;charset=utf-8" />
  <meta name='ocr-system' content='tesseract 3.04.00' />
  <meta name='ocr-capabilities' content='ocr_page ocr_carea ocr_par ocr_line ocrx_word'/>
</head>
<body>
  <div class='ocr_page' id='page_1' title='image "./opusepistolarumd04erasuoft_0451.png"; bbox 0 0 1990 3353; ppageno 0'>
   <div class='ocr_carea' id='block_1_1' title="bbox 51 129 1647 183">
    <p class='ocr_par' dir='ltr' id='par_1_1' title="bbox 51 129 1647 183">
     <span class='ocr_line' id='line_1_1' title="bbox 51 129 1647 183; baseline 0.003 -14"><span class='ocrx_word' id='word_1_1' title='bbox 51 145 66 170; x_wconf 96' lang='lat'>1</span> <span class='ocrx_word' id='word_1_2' title='bbox 79 129 173 183; x_wconf 89' lang='lat'>167]</span> <span class='ocrx_word' id='word_1_3' title='bbox 498 131 568 170; x_wconf 89' lang='grc' dir='ltr'>ΤΟ</span> <span class='ocrx_word' id='word_1_4' title='bbox 607 129 867 170; x_wconf 90' lang='lat' dir='ltr'>LORENZO</span> <span class='ocrx_word' id='word_1_5' title='bbox 905 132 1199 172; x_wconf 83' lang='lat' dir='ltr'>CAMPEGIO</span> <span class='ocrx_word' id='word_1_6' title='bbox 1567 135 1647 174; x_wconf 85' lang='lat'>403</span> 
     </span>
    </p>
   </div>
   <div class='ocr_carea' id='block_1_2' title="bbox 0 241 1729 2738">
    <p class='ocr_par' dir='ltr' id='par_1_2' title="bbox 39 241 1729 1432">
     <span class='ocr_line' id='line_1_2' title="bbox 100 241 1647 292; baseline -0.001 -12"><span class='ocrx_word' id='word_1_7' title='bbox 100 241 226 290; x_wconf 86' lang='lat' dir='ltr'>Haec,</span> <span class='ocrx_word' id='word_1_8' title='bbox 246 241 403 291; x_wconf 85' lang='lat' dir='ltr'>opinor,</span> <span class='ocrx_word' id='word_1_9' title='bbox 422 255 507 281; x_wconf 91' lang='lat' dir='ltr'>non</span> <span class='ocrx_word' id='word_1_10' title='bbox 526 242 774 291; x_wconf 77' lang='lat' dir='ltr'>ignorabant</span> <span class='ocrx_word' id='word_1_11' title='bbox 793 241 887 280; x_wconf 90' lang='lat' dir='ltr'>isti:</span> <span class='ocrx_word' id='word_1_12' title='bbox 916 241 987 280; x_wconf 90' lang='lat' dir='ltr'>sed</span> <span class='ocrx_word' id='word_1_13' title='bbox 1009 241 1277 292; x_wconf 73' lang='lat' dir='ltr'>quaerebatur</span> <span class='ocrx_word' id='word_1_14' title='bbox 1295 253 1396 280; x_wconf 86' lang='lat' dir='ltr'>ansa</span> <span class='ocrx_word' id='word_1_15' title='bbox 1417 254 1496 291; x_wconf 89' lang='lat' dir='ltr'>qua</span> <span class='ocrx_word' id='word_1_16' title='bbox 1515 241 1647 291; x_wconf 91' lang='lat' dir='ltr'>priua-</span> 
     </span>
     <span class='ocr_line' id='line_1_3' title="bbox 45 295 1648 347; baseline 0.001 -13"><span class='ocrx_word' id='word_1_17' title='bbox 45 297 139 334; x_wconf 93' lang='lat' dir='ltr'>tum</span> <span class='ocrx_word' id='word_1_18' title='bbox 165 296 307 334; x_wconf 91' lang='lat' dir='ltr'>odium</span> <span class='ocrx_word' id='word_1_19' title='bbox 334 309 459 335; x_wconf 92' lang='lat' dir='ltr'>suum</span> <span class='ocrx_word' id='word_1_20' title='bbox 479 299 646 347; x_wconf 78' lang='lat' dir='ltr'>possent</span> <span class='ocrx_word' id='word_1_21' title='bbox 665 296 817 335; x_wconf 81' lang='lat' dir='ltr'>vlcisci.</span> <span class='ocrx_word' id='word_1_22' title='bbox 876 296 938 333; x_wconf 87' lang='lat' dir='ltr'>Ea</span> <span class='ocrx_word' id='word_1_23' title='bbox 967 295 1166 346; x_wconf 87' lang='lat' dir='ltr'>quoniam</span> <span class='ocrx_word' id='word_1_24' title='bbox 1195 309 1280 334; x_wconf 90' lang='lat' dir='ltr'>non</span> <span class='ocrx_word' id='word_1_25' title='bbox 1309 295 1403 334; x_wconf 89' lang='lat' dir='ltr'>data</span> <span class='ocrx_word' id='word_1_26' title='bbox 1432 298 1505 343; x_wconf 85' lang='lat' dir='ltr'>est,</span> <span class='ocrx_word' id='word_1_27' title='bbox 1529 308 1648 346; x_wconf 83' lang='lat' dir='ltr'>aegre</span> 
     </span>
     <span class='ocr_line' id='line_1_4' title="bbox 44 349 1646 400; baseline 0 -12"><span class='ocrx_word' id='word_1_28' title='bbox 44 350 208 399; x_wconf 82' lang='lat' dir='ltr'>ferunt3</span> <span class='ocrx_word' id='word_1_29' title='bbox 239 353 281 388; x_wconf 90' lang='lat' dir='ltr'>et</span> <span class='ocrx_word' id='word_1_30' title='bbox 299 350 408 389; x_wconf 86' lang='lat' dir='ltr'>nihil</span> <span class='ocrx_word' id='word_1_31' title='bbox 428 364 513 389; x_wconf 90' lang='lat' dir='ltr'>non</span> <span class='ocrx_word' id='word_1_32' title='bbox 534 350 920 398; x_wconf 86' lang='lat' dir='ltr'>comminiscuntur,</span> <span class='ocrx_word' id='word_1_33' title='bbox 940 363 1021 400; x_wconf 90' lang='lat' dir='ltr'>quo</span> <span class='ocrx_word' id='word_1_34' title='bbox 1040 363 1108 388; x_wconf 91' lang='lat' dir='ltr'>me</span> <span class='ocrx_word' id='word_1_35' title='bbox 1127 350 1236 400; x_wconf 88' lang='lat' dir='ltr'>apud</span> <span class='ocrx_word' id='word_1_36' title='bbox 1256 350 1421 400; x_wconf 87' lang='lat' dir='ltr'>ignaros</span> <span class='ocrx_word' id='word_1_37' title='bbox 1440 349 1498 388; x_wconf 89' lang='lat' dir='ltr'>rei</span> <span class='ocrx_word' id='word_1_38' title='bbox 1515 350 1582 388; x_wconf 87' lang='lat' dir='ltr'>vel</span> <span class='ocrx_word' id='word_1_39' title='bbox 1603 351 1646 388; x_wconf 91' lang='lat' dir='ltr'>in</span> 
     </span>
     <span class='ocr_line' id='line_1_5' title="bbox 45 403 1729 458; baseline 0 -16"><span class='ocrx_word' id='word_1_40' title='bbox 45 405 188 443; x_wconf 93' lang='lat' dir='ltr'>odium</span> <span class='ocrx_word' id='word_1_41' title='bbox 208 405 277 443; x_wconf 89' lang='lat' dir='ltr'>vel</span> <span class='ocrx_word' id='word_1_42' title='bbox 302 405 346 442; x_wconf 92' lang='lat' dir='ltr'>in</span> <span class='ocrx_word' id='word_1_43' title='bbox 373 405 651 454; x_wconf 83' lang='lat' dir='ltr'>suspicionem</span> <span class='ocrx_word' id='word_1_44' title='bbox 675 405 896 443; x_wconf 84' lang='lat' dir='ltr'>adducant.</span> <span class='ocrx_word' id='word_1_45' title='bbox 954 403 1148 442; x_wconf 91' lang='lat' dir='ltr'>Primum</span> <span class='ocrx_word' id='word_1_46' title='bbox 1167 417 1250 442; x_wconf 85' lang='lat' dir='ltr'>vna</span> <span class='ocrx_word' id='word_1_47' title='bbox 1277 406 1351 442; x_wconf 90' lang='lat' dir='ltr'>aut</span> <span class='ocrx_word' id='word_1_48' title='bbox 1378 404 1508 443; x_wconf 88' lang='lat' dir='ltr'>altera</span> <span class='ocrx_word' id='word_1_49' title='bbox 1535 417 1646 454; x_wconf 87' lang='lat' dir='ltr'>prae·</span> <span class='ocrx_word' id='word_1_50' title='bbox 1669 425 1729 458; x_wconf 85' lang='lat'>¹05</span> 
     </span>
     <span class='ocr_line' id='line_1_6' title="bbox 43 457 1646 508; baseline 0.001 -12"><span class='ocrx_word' id='word_1_51' title='bbox 43 458 143 497; x_wconf 78' lang='lat' dir='ltr'>satio</span> <span class='ocrx_word' id='word_1_52' title='bbox 163 459 337 497; x_wconf 90' lang='lat' dir='ltr'>Lutheri</span> <span class='ocrx_word' id='word_1_53' title='bbox 357 459 475 498; x_wconf 87' lang='lat' dir='ltr'>libris</span> <span class='ocrx_word' id='word_1_54' title='bbox 493 459 689 507; x_wconf 83' lang='lat' dir='ltr'>admixta,</span> <span class='ocrx_word' id='word_1_55' title='bbox 712 458 832 508; x_wconf 90' lang='lat' dir='ltr'>paulo</span> <span class='ocrx_word' id='word_1_56' title='bbox 853 458 1055 506; x_wconf 83' lang='lat' dir='ltr'>Latinior,</span> <span class='ocrx_word' id='word_1_57' title='bbox 1073 458 1177 497; x_wconf 90' lang='lat' dir='ltr'>satis</span> <span class='ocrx_word' id='word_1_58' title='bbox 1196 460 1283 496; x_wconf 89' lang='lat' dir='ltr'>erat-</span> <span class='ocrx_word' id='word_1_59' title='bbox 1303 457 1388 496; x_wconf 90' lang='lat' dir='ltr'>illis</span> <span class='ocrx_word' id='word_1_60' title='bbox 1407 459 1646 508; x_wconf 88' lang='lat' dir='ltr'>argumenti</span> 
     </span>
     <span class='ocr_line' id='line_1_7' title="bbox 44 512 1644 564; baseline 0.001 -14"><span class='ocrx_word' id='word_1_61' title='bbox 44 512 276 551; x_wconf 90' lang='lat' dir='ltr'>Lutherum</span> <span class='ocrx_word' id='word_1_62' title='bbox 298 526 390 551; x_wconf 90' lang='lat' dir='ltr'>mea</span> <span class='ocrx_word' id='word_1_63' title='bbox 409 527 530 564; x_wconf 86' lang='lat' dir='ltr'>opera</span> <span class='ocrx_word' id='word_1_64' title='bbox 549 514 743 552; x_wconf 88' lang='lat' dir='ltr'>adiutum</span> <span class='ocrx_word' id='word_1_65' title='bbox 757 512 885 551; x_wconf 87' lang='lat' dir='ltr'>fuisse</span> <span class='ocrx_word' id='word_1_66' title='bbox 901 513 947 551; x_wconf 91' lang='lat' dir='ltr'>in</span> <span class='ocrx_word' id='word_1_67' title='bbox 962 512 1270 551; x_wconf 90' lang='lat' dir='ltr'>conscribendis</span> <span class='ocrx_word' id='word_1_68' title='bbox 1285 512 1373 551; x_wconf 91' lang='lat' dir='ltr'>suis</span> <span class='ocrx_word' id='word_1_69' title='bbox 1392 512 1547 551; x_wconf 87' lang='lat' dir='ltr'>libellis</span> <span class='ocrx_word' id='word_1_70' title='bbox 1563 527 1570 551; x_wconf 92' lang='lat'>:</span> <span class='ocrx_word' id='word_1_71' title='bbox 1600 513 1644 551; x_wconf 93' lang='lat' dir='ltr'>in</span> 
     </span>
     <span class='ocr_line' id='line_1_8' title="bbox 44 566 1646 617; baseline 0 -12"><span class='ocrx_word' id='word_1_72' title='bbox 44 567 195 616; x_wconf 89' lang='lat' dir='ltr'>quibus</span> <span class='ocrx_word' id='word_1_73' title='bbox 214 581 266 605; x_wconf 92' lang='lat' dir='ltr'>ne</span> <span class='ocrx_word' id='word_1_74' title='bbox 284 567 471 616; x_wconf 87' lang='lat' dir='ltr'>apiculus</span> <span class='ocrx_word' id='word_1_75' title='bbox 486 567 656 617; x_wconf 89' lang='lat' dir='ltr'>quidem</span> <span class='ocrx_word' id='word_1_76' title='bbox 670 569 734 606; x_wconf 91' lang='lat' dir='ltr'>est</span> <span class='ocrx_word' id='word_1_77' title='bbox 753 580 881 606; x_wconf 90' lang='lat' dir='ltr'>meus.</span> <span class='ocrx_word' id='word_1_78' title='bbox 923 566 1050 615; x_wconf 78' lang='lat' dir='ltr'>Quasi</span> <span class='ocrx_word' id='word_1_79' title='bbox 1063 580 1159 605; x_wconf 88' lang='lat' dir='ltr'>vero</span> <span class='ocrx_word' id='word_1_80' title='bbox 1171 567 1308 605; x_wconf 85' lang='lat' dir='ltr'>desint</span> <span class='ocrx_word' id='word_1_81' title='bbox 1321 567 1646 617; x_wconf 88' lang='lat' dir='ltr'>Vuittenbergae</span> 
     </span>
     <span class='ocr_line' id='line_1_9' title="bbox 43 621 1645 671; baseline 0.001 -12"><span class='ocrx_word' id='word_1_82' title='bbox 43 621 114 670; x_wconf 93' lang='lat' dir='ltr'>qui</span> <span class='ocrx_word' id='word_1_83' title='bbox 129 623 293 671; x_wconf 87' lang='lat' dir='ltr'>possint</span> <span class='ocrx_word' id='word_1_84' title='bbox 312 622 461 660; x_wconf 86' lang='lat' dir='ltr'>Latine</span> <span class='ocrx_word' id='word_1_85' title='bbox 476 621 674 661; x_wconf 87' lang='lat' dir='ltr'>scribere:</span> <span class='ocrx_word' id='word_1_86' title='bbox 705 635 758 660; x_wconf 90' lang='lat' dir='ltr'>ne</span> <span class='ocrx_word' id='word_1_87' title='bbox 774 621 872 671; x_wconf 90' lang='lat' dir='ltr'>quid</span> <span class='ocrx_word' id='word_1_88' title='bbox 890 621 1026 660; x_wconf 92' lang='lat' dir='ltr'>dicam</span> <span class='ocrx_word' id='word_1_89' title='bbox 1042 621 1092 659; x_wconf 92' lang='lat' dir='ltr'>de</span> <span class='ocrx_word' id='word_1_90' title='bbox 1107 621 1267 671; x_wconf 88' lang='lat' dir='ltr'>reliqua</span> <span class='ocrx_word' id='word_1_91' title='bbox 1282 621 1518 660; x_wconf 85' lang='lat' dir='ltr'>Germania.</span> <span class='ocrx_word' id='word_1_92' title='bbox 1562 622 1645 661; x_wconf 91' lang='lat' dir='ltr'>Hic</span> 
     </span>
     <span class='ocr_line' id='line_1_10' title="bbox 42 675 1729 726; baseline 0.001 -13"><span class='ocrx_word' id='word_1_93' title='bbox 42 675 123 725; x_wconf 91' lang='lat' dir='ltr'>ipsi</span> <span class='ocrx_word' id='word_1_94' title='bbox 145 676 285 714; x_wconf 89' lang='lat' dir='ltr'>sciunt</span> <span class='ocrx_word' id='word_1_95' title='bbox 310 689 376 714; x_wconf 93' lang='lat' dir='ltr'>me</span> <span class='ocrx_word' id='word_1_96' title='bbox 403 676 512 714; x_wconf 91' lang='lat' dir='ltr'>nihil</span> <span class='ocrx_word' id='word_1_97' title='bbox 540 676 788 725; x_wconf 88' lang='lat' dir='ltr'>confingere,</span> <span class='ocrx_word' id='word_1_98' title='bbox 811 677 851 714; x_wconf 88' lang='lat' dir='ltr'>et</span> <span class='ocrx_word' id='word_1_99' title='bbox 871 675 1008 714; x_wconf 90' lang='lat' dir='ltr'>multa</span> <span class='ocrx_word' id='word_1_100' title='bbox 1027 675 1194 714; x_wconf 89' lang='lat' dir='ltr'>silentio</span> <span class='ocrx_word' id='word_1_101' title='bbox 1213 675 1447 725; x_wconf 84' lang='lat' dir='ltr'>praeterire,</span> <span class='ocrx_word' id='word_1_102' title='bbox 1471 688 1523 714; x_wconf 88' lang='lat' dir='ltr'>ne</span> <span class='ocrx_word' id='word_1_103' title='bbox 1544 689 1646 726; x_wconf 86' lang='lat' dir='ltr'>quos</span> <span class='ocrx_word' id='word_1_104' title='bbox 1668 692 1729 717; x_wconf 91' lang='lat'>110</span> 
     </span>
     <span class='ocr_line' id='line_1_11' title="bbox 42 729 1645 780; baseline 0.001 -12"><span class='ocrx_word' id='word_1_105' title='bbox 42 730 250 768; x_wconf 86' lang='lat' dir='ltr'>offendam</span> <span class='ocrx_word' id='word_1_106' title='bbox 284 730 413 768; x_wconf 89' lang='lat' dir='ltr'>nimis</span> <span class='ocrx_word' id='word_1_107' title='bbox 440 730 676 769; x_wconf 88' lang='lat' dir='ltr'>irritabiles.</span> <span class='ocrx_word' id='word_1_108' title='bbox 736 729 822 769; x_wconf 86' lang='lat' dir='ltr'>Sub</span> <span class='ocrx_word' id='word_1_109' title='bbox 851 730 951 768; x_wconf 88' lang='lat' dir='ltr'>haec</span> <span class='ocrx_word' id='word_1_110' title='bbox 980 729 1136 779; x_wconf 83' lang='lat' dir='ltr'>prodiit</span> <span class='ocrx_word' id='word_1_111' title='bbox 1164 729 1342 779; x_wconf 89' lang='lat' dir='ltr'>epistola</span> <span class='ocrx_word' id='word_1_112' title='bbox 1365 730 1564 780; x_wconf 86' lang='lat' dir='ltr'>quaedam</span> <span class='ocrx_word' id='word_1_113' title='bbox 1594 730 1645 769; x_wconf 88' lang='lat' dir='ltr'>ad</span> 
     </span>
     <span class='ocr_line' id='line_1_12' title="bbox 42 783 1646 834; baseline 0.001 -12"><span class='ocrx_word' id='word_1_114' title='bbox 42 783 273 823; x_wconf 90' lang='lat' dir='ltr'>Lutherum</span> <span class='ocrx_word' id='word_1_115' title='bbox 303 798 423 831; x_wconf 86' lang='lat' dir='ltr'>mea;</span> <span class='ocrx_word' id='word_1_116' title='bbox 452 798 550 823; x_wconf 84' lang='lat' dir='ltr'>mox</span> <span class='ocrx_word' id='word_1_117' title='bbox 579 784 711 823; x_wconf 85' lang='lat' dir='ltr'>altera</span> <span class='ocrx_word' id='word_1_118' title='bbox 740 784 790 822; x_wconf 92' lang='lat' dir='ltr'>ad</span> <span class='ocrx_word' id='word_1_119' title='bbox 821 784 870 823; x_wconf 83' lang='lat' dir='ltr'>R.</span> <span class='ocrx_word' id='word_1_120' title='bbox 898 785 948 823; x_wconf 93' lang='lat' dir='ltr'>D.</span> <span class='ocrx_word' id='word_1_121' title='bbox 980 783 1097 822; x_wconf 86' lang='lat' dir='ltr'>Card.</span> <span class='ocrx_word' id='word_1_122' title='bbox 1130 784 1438 833; x_wconf 88' lang='lat' dir='ltr'>Moguntinum,</span> <span class='ocrx_word' id='word_1_123' title='bbox 1472 788 1646 834; x_wconf 79' lang='lat' dir='ltr'>vti-aque</span> 
     </span>
     <span class='ocr_line' id='line_1_13' title="bbox 39 838 1645 889; baseline 0.001 -13"><span class='ocrx_word' id='word_1_124' title='bbox 39 839 152 888; x_wconf 87' lang='lat' dir='ltr'>typis</span> <span class='ocrx_word' id='word_1_125' title='bbox 179 852 341 878; x_wconf 81' lang='lat' dir='ltr'>excusa.</span> <span class='ocrx_word' id='word_1_126' title='bbox 401 839 490 887; x_wconf 78' lang='lat' dir='ltr'>Qua</span> <span class='ocrx_word' id='word_1_127' title='bbox 510 839 679 889; x_wconf 90' lang='lat' dir='ltr'>quidem</span> <span class='ocrx_word' id='word_1_128' title='bbox 700 839 745 876; x_wconf 90' lang='lat' dir='ltr'>in</span> <span class='ocrx_word' id='word_1_129' title='bbox 770 852 812 876; x_wconf 90' lang='lat' dir='ltr'>re</span> <span class='ocrx_word' id='word_1_130' title='bbox 833 852 917 877; x_wconf 91' lang='lat' dir='ltr'>non</span> <span class='ocrx_word' id='word_1_131' title='bbox 937 851 1041 888; x_wconf 94' lang='lat' dir='ltr'>queo</span> <span class='ocrx_word' id='word_1_132' title='bbox 1065 838 1167 876; x_wconf 88' lang='lat' dir='ltr'>satis</span> <span class='ocrx_word' id='word_1_133' title='bbox 1193 838 1391 877; x_wconf 85' lang='lat' dir='ltr'>admirari</span> <span class='ocrx_word' id='word_1_134' title='bbox 1419 839 1645 877; x_wconf 89' lang='lat' dir='ltr'>consilium</span> 
     </span>
     <span class='ocr_line' id='line_1_14' title="bbox 41 892 1644 944; baseline 0.001 -14"><span class='ocrx_word' id='word_1_135' title='bbox 41 893 302 942; x_wconf 91' lang='lat' dir='ltr'>quorundam</span> <span class='ocrx_word' id='word_1_136' title='bbox 323 893 394 943; x_wconf 92' lang='lat' dir='ltr'>qui</span> <span class='ocrx_word' id='word_1_137' title='bbox 414 893 558 932; x_wconf 90' lang='lat' dir='ltr'>statim</span> <span class='ocrx_word' id='word_1_138' title='bbox 578 893 830 943; x_wconf 89' lang='lat' dir='ltr'>euulgarunt</span> <span class='ocrx_word' id='word_1_139' title='bbox 849 893 958 943; x_wconf 89' lang='lat' dir='ltr'>quod</span> <span class='ocrx_word' id='word_1_140' title='bbox 979 906 1054 943; x_wconf 91' lang='lat' dir='ltr'>ego</span> <span class='ocrx_word' id='word_1_141' title='bbox 1074 905 1166 931; x_wconf 89' lang='lat' dir='ltr'>cera</span> <span class='ocrx_word' id='word_1_142' title='bbox 1185 892 1451 942; x_wconf 86' lang='lat' dir='ltr'>obsignatum</span> <span class='ocrx_word' id='word_1_143' title='bbox 1478 893 1644 944; x_wconf 91' lang='lat' dir='ltr'>scripse-</span> 
     </span>
     <span class='ocr_line' id='line_1_15' title="bbox 41 947 1727 998; baseline 0.002 -14"><span class='ocrx_word' id='word_1_144' title='bbox 41 960 131 985; x_wconf 90' lang='lat' dir='ltr'>ram</span> <span class='ocrx_word' id='word_1_145' title='bbox 152 947 226 985; x_wconf 90' lang='lat' dir='ltr'>vni</span> <span class='ocrx_word' id='word_1_146' title='bbox 246 948 482 997; x_wconf 91' lang='lat' dir='ltr'>legendum.</span> <span class='ocrx_word' id='word_1_147' title='bbox 541 948 663 987; x_wconf 91' lang='lat' dir='ltr'>Vnde</span> <span class='ocrx_word' id='word_1_148' title='bbox 686 947 792 985; x_wconf 89' lang='lat' dir='ltr'>mihi</span> <span class='ocrx_word' id='word_1_149' title='bbox 820 947 1000 997; x_wconf 90' lang='lat' dir='ltr'>suspicio</span> <span class='ocrx_word' id='word_1_150' title='bbox 1029 949 1091 985; x_wconf 89' lang='lat' dir='ltr'>est</span> <span class='ocrx_word' id='word_1_151' title='bbox 1119 947 1161 985; x_wconf 93' lang='lat' dir='ltr'>id</span> <span class='ocrx_word' id='word_1_152' title='bbox 1191 947 1348 985; x_wconf 89' lang='lat' dir='ltr'>factum</span> <span class='ocrx_word' id='word_1_153' title='bbox 1378 947 1644 986; x_wconf 88' lang='lat' dir='ltr'>inimicorum</span> <span class='ocrx_word' id='word_1_154' title='bbox 1667 966 1727 998; x_wconf 89' lang='lat'>115</span> 
     </span>
     <span class='ocr_line' id='line_1_16' title="bbox 41 1001 1643 1052; baseline 0.001 -13"><span class='ocrx_word' id='word_1_155' title='bbox 41 1014 169 1050; x_wconf 90' lang='lat' dir='ltr'>opera,</span> <span class='ocrx_word' id='word_1_156' title='bbox 211 1002 393 1052; x_wconf 87' lang='lat' dir='ltr'>vndique</span> <span class='ocrx_word' id='word_1_157' title='bbox 432 1002 690 1052; x_wconf 83' lang='lat' dir='ltr'>captantium</span> <span class='ocrx_word' id='word_1_158' title='bbox 724 1002 834 1040; x_wconf 86' lang='lat' dir='ltr'>vnde</span> <span class='ocrx_word' id='word_1_159' title='bbox 867 1002 1029 1051; x_wconf 85' lang='lat' dir='ltr'>possint</span> <span class='ocrx_word' id='word_1_160' title='bbox 1061 1001 1235 1039; x_wconf 88' lang='lat' dir='ltr'>laedere.</span> <span class='ocrx_word' id='word_1_161' title='bbox 1296 1001 1403 1040; x_wconf 89' lang='lat' dir='ltr'>Nam</span> <span class='ocrx_word' id='word_1_162' title='bbox 1437 1015 1483 1040; x_wconf 91' lang='lat' dir='ltr'>ea</span> <span class='ocrx_word' id='word_1_163' title='bbox 1517 1015 1643 1052; x_wconf 87' lang='lat' dir='ltr'>quam</span> 
     </span>
     <span class='ocr_line' id='line_1_17' title="bbox 39 1056 1643 1106; baseline 0.001 -13"><span class='ocrx_word' id='word_1_164' title='bbox 39 1056 281 1105; x_wconf 85' lang='lat' dir='ltr'>scripseram</span> <span class='ocrx_word' id='word_1_165' title='bbox 322 1056 438 1095; x_wconf 88' lang='lat' dir='ltr'>Card.</span> <span class='ocrx_word' id='word_1_166' title='bbox 480 1056 740 1106; x_wconf 89' lang='lat' dir='ltr'>Moguntino,</span> <span class='ocrx_word' id='word_1_167' title='bbox 783 1056 898 1106; x_wconf 88' lang='lat' dir='ltr'>prius</span> <span class='ocrx_word' id='word_1_168' title='bbox 936 1069 1084 1095; x_wconf 84' lang='lat' dir='ltr'>excusa</span> <span class='ocrx_word' id='word_1_169' title='bbox 1123 1056 1476 1094; x_wconf 86' lang='lat' dir='ltr'>circunferebatur</span> <span class='ocrx_word' id='word_1_170' title='bbox 1516 1056 1643 1106; x_wconf 87' lang='lat' dir='ltr'>vulgo</span> 
     </span>
     <span class='ocr_line' id='line_1_18' title="bbox 40 1110 1645 1160; baseline 0.001 -12"><span class='ocrx_word' id='word_1_171' title='bbox 40 1123 166 1159; x_wconf 89' lang='lat' dir='ltr'>quam</span> <span class='ocrx_word' id='word_1_172' title='bbox 186 1111 401 1160; x_wconf 85' lang='lat' dir='ltr'>obsignata</span> <span class='ocrx_word' id='word_1_173' title='bbox 421 1110 470 1149; x_wconf 90' lang='lat' dir='ltr'>ad</span> <span class='ocrx_word' id='word_1_174' title='bbox 492 1111 608 1149; x_wconf 91' lang='lat' dir='ltr'>illius</span> <span class='ocrx_word' id='word_1_175' title='bbox 626 1124 776 1150; x_wconf 87' lang='lat' dir='ltr'>manus</span> <span class='ocrx_word' id='word_1_176' title='bbox 796 1111 1042 1160; x_wconf 89' lang='lat' dir='ltr'>perueniret.</span> <span class='ocrx_word' id='word_1_177' title='bbox 1094 1110 1216 1148; x_wconf 90' lang='lat' dir='ltr'>Prior</span> <span class='ocrx_word' id='word_1_178' title='bbox 1236 1110 1308 1149; x_wconf 87' lang='lat' dir='ltr'>illa</span> <span class='ocrx_word' id='word_1_179' title='bbox 1328 1110 1514 1160; x_wconf 91' lang='lat' dir='ltr'>primum</span> <span class='ocrx_word' id='word_1_180' title='bbox 1533 1111 1645 1149; x_wconf 88' lang='lat' dir='ltr'>inter</span> 
     </span>
     <span class='ocr_line' id='line_1_19' title="bbox 39 1163 1642 1215; baseline 0.001 -13"><span class='ocrx_word' id='word_1_181' title='bbox 39 1163 251 1213; x_wconf 90' lang='lat' dir='ltr'>episcopos</span> <span class='ocrx_word' id='word_1_182' title='bbox 271 1168 311 1203; x_wconf 88' lang='lat' dir='ltr'>et</span> <span class='ocrx_word' id='word_1_183' title='bbox 331 1165 487 1204; x_wconf 85' lang='lat' dir='ltr'>aulicos</span> <span class='ocrx_word' id='word_1_184' title='bbox 507 1166 575 1203; x_wconf 91' lang='lat' dir='ltr'>hic</span> <span class='ocrx_word' id='word_1_185' title='bbox 595 1165 972 1204; x_wconf 79' lang='lat' dir='ltr'>circunferebatur:</span> <span class='ocrx_word' id='word_1_186' title='bbox 1003 1178 1107 1215; x_wconf 88' lang='lat' dir='ltr'>quae</span> <span class='ocrx_word' id='word_1_187' title='bbox 1121 1164 1317 1203; x_wconf 88' lang='lat' dir='ltr'>videlicet</span> <span class='ocrx_word' id='word_1_188' title='bbox 1332 1164 1455 1214; x_wconf 86' lang='lat' dir='ltr'>plane</span> <span class='ocrx_word' id='word_1_189' title='bbox 1476 1166 1642 1203; x_wconf 91' lang='lat' dir='ltr'>conuin-</span> 
     </span>
     <span class='ocr_line' id='line_1_20' title="bbox 39 1219 1726 1262; baseline 0.004 -6"><span class='ocrx_word' id='word_1_190' title='bbox 39 1221 149 1257; x_wconf 87' lang='lat' dir='ltr'>ceret</span> <span class='ocrx_word' id='word_1_191' title='bbox 164 1219 389 1258; x_wconf 87' lang='lat' dir='ltr'>Erasmum</span> <span class='ocrx_word' id='word_1_192' title='bbox 406 1220 669 1258; x_wconf 89' lang='lat' dir='ltr'>Lutheranae</span> <span class='ocrx_word' id='word_1_193' title='bbox 684 1220 894 1258; x_wconf 88' lang='lat' dir='ltr'>doctrinae</span> <span class='ocrx_word' id='word_1_194' title='bbox 909 1219 1114 1258; x_wconf 82' lang='lat' dir='ltr'>fautorem</span> <span class='ocrx_word' id='word_1_195' title='bbox 1130 1232 1232 1257; x_wconf 90' lang='lat' dir='ltr'>esse.</span> <span class='ocrx_word' id='word_1_196' title='bbox 1276 1219 1435 1257; x_wconf 87' lang='lat' dir='ltr'>Deinde</span> <span class='ocrx_word' id='word_1_197' title='bbox 1452 1219 1642 1258; x_wconf 83' lang='lat' dir='ltr'>Romano</span> <span class='ocrx_word' id='word_1_198' title='bbox 1665 1239 1726 1262; x_wconf 90' lang='lat'>120</span> 
     </span>
     <span class='ocr_line' id='line_1_21' title="bbox 40 1273 1642 1324; baseline 0.001 -13"><span class='ocrx_word' id='word_1_199' title='bbox 40 1273 165 1311; x_wconf 89' lang='lat' dir='ltr'>etiam</span> <span class='ocrx_word' id='word_1_200' title='bbox 191 1273 389 1312; x_wconf 90' lang='lat' dir='ltr'>Pontifici</span> <span class='ocrx_word' id='word_1_201' title='bbox 409 1274 587 1312; x_wconf 88' lang='lat' dir='ltr'>delatam</span> <span class='ocrx_word' id='word_1_202' title='bbox 615 1287 665 1312; x_wconf 84' lang='lat' dir='ltr'>ex</span> <span class='ocrx_word' id='word_1_203' title='bbox 692 1274 943 1323; x_wconf 85' lang='lat' dir='ltr'>Hieronymi</span> <span class='ocrx_word' id='word_1_204' title='bbox 968 1274 1171 1312; x_wconf 88' lang='lat' dir='ltr'>Aleandri</span> <span class='ocrx_word' id='word_1_205' title='bbox 1196 1273 1328 1312; x_wconf 87' lang='lat' dir='ltr'>literis</span> <span class='ocrx_word' id='word_1_206' title='bbox 1354 1274 1642 1324; x_wconf 84' lang='lat' dir='ltr'>colloquioque</span> 
     </span>
     <span class='ocr_line' id='line_1_22' title="bbox 39 1328 1642 1379; baseline 0.001 -14"><span class='ocrx_word' id='word_1_207' title='bbox 39 1329 239 1379; x_wconf 67' lang='lat' dir='ltr'>cognouig</span> <span class='ocrx_word' id='word_1_208' title='bbox 270 1341 365 1367; x_wconf 90' lang='lat' dir='ltr'>cum</span> <span class='ocrx_word' id='word_1_209' title='bbox 385 1342 432 1367; x_wconf 91' lang='lat' dir='ltr'>ea</span> <span class='ocrx_word' id='word_1_210' title='bbox 451 1329 584 1378; x_wconf 89' lang='lat' dir='ltr'>magis</span> <span class='ocrx_word' id='word_1_211' title='bbox 603 1329 780 1367; x_wconf 86' lang='lat' dir='ltr'>declaret</span> <span class='ocrx_word' id='word_1_212' title='bbox 800 1342 867 1366; x_wconf 92' lang='lat' dir='ltr'>me</span> <span class='ocrx_word' id='word_1_213' title='bbox 889 1341 975 1367; x_wconf 92' lang='lat' dir='ltr'>non</span> <span class='ocrx_word' id='word_1_214' title='bbox 994 1329 1132 1367; x_wconf 89' lang='lat' dir='ltr'>fauere</span> <span class='ocrx_word' id='word_1_215' title='bbox 1156 1328 1322 1378; x_wconf 86' lang='lat' dir='ltr'>scriptis</span> <span class='ocrx_word' id='word_1_216' title='bbox 1348 1329 1536 1377; x_wconf 89' lang='lat' dir='ltr'>Lutheri,</span> <span class='ocrx_word' id='word_1_217' title='bbox 1561 1329 1642 1367; x_wconf 89' lang='lat' dir='ltr'>nisi</span> 
     </span>
     <span class='ocr_line' id='line_1_23' title="bbox 39 1381 848 1432; baseline 0.002 -13"><span class='ocrx_word' id='word_1_218' title='bbox 39 1381 131 1431; x_wconf 87' lang='lat' dir='ltr'>quis</span> <span class='ocrx_word' id='word_1_219' title='bbox 151 1395 365 1432; x_wconf 86' lang='lat' dir='ltr'>perperam</span> <span class='ocrx_word' id='word_1_220' title='bbox 385 1383 679 1432; x_wconf 81' lang='lat' dir='ltr'>interpretetur</span> <span class='ocrx_word' id='word_1_221' title='bbox 698 1383 848 1421; x_wconf 82' lang='lat' dir='ltr'>omnia.</span> 
     </span>
    </p>

    <p class='ocr_par' dir='ltr' id='par_1_3' title="bbox 35 1437 1724 2411">
     <span class='ocr_line' id='line_1_24' title="bbox 92 1437 1641 1487; baseline 0.001 -13"><span class='ocrx_word' id='word_1_222' title='bbox 92 1437 156 1474; x_wconf 85' lang='lat' dir='ltr'>Ex</span> <span class='ocrx_word' id='word_1_223' title='bbox 175 1437 383 1475; x_wconf 89' lang='lat' dir='ltr'>vniuersis</span> <span class='ocrx_word' id='word_1_224' title='bbox 412 1437 585 1475; x_wconf 89' lang='lat' dir='ltr'>Lutheri</span> <span class='ocrx_word' id='word_1_225' title='bbox 613 1437 732 1476; x_wconf 91' lang='lat' dir='ltr'>libris</span> <span class='ocrx_word' id='word_1_226' title='bbox 760 1449 846 1476; x_wconf 93' lang='lat' dir='ltr'>non</span> <span class='ocrx_word' id='word_1_227' title='bbox 873 1437 1027 1486; x_wconf 87' lang='lat' dir='ltr'>perlegi</span> <span class='ocrx_word' id='word_1_228' title='bbox 1055 1437 1274 1475; x_wconf 90' lang='lat' dir='ltr'>duodecim</span> <span class='ocrx_word' id='word_1_229' title='bbox 1299 1437 1493 1487; x_wconf 82' lang='lat' dir='ltr'>pagellas,</span> <span class='ocrx_word' id='word_1_230' title='bbox 1518 1439 1641 1487; x_wconf 85' lang='lat' dir='ltr'>atque</span> 
     </span>
     <span class='ocr_line' id='line_1_25' title="bbox 39 1491 1724 1544; baseline 0.003 -16"><span class='ocrx_word' id='word_1_231' title='bbox 39 1503 106 1529; x_wconf 88' lang='lat' dir='ltr'>eas</span> <span class='ocrx_word' id='word_1_232' title='bbox 130 1491 257 1529; x_wconf 87' lang='lat' dir='ltr'>etiam</span> <span class='ocrx_word' id='word_1_233' title='bbox 281 1491 478 1541; x_wconf 79' lang='lat' dir='ltr'>carptim;</span> <span class='ocrx_word' id='word_1_234' title='bbox 509 1494 550 1530; x_wconf 90' lang='lat' dir='ltr'>et</span> <span class='ocrx_word' id='word_1_235' title='bbox 578 1494 722 1530; x_wconf 92' lang='lat' dir='ltr'>tamen</span> <span class='ocrx_word' id='word_1_236' title='bbox 751 1505 800 1529; x_wconf 84' lang='lat' dir='ltr'>ex</span> <span class='ocrx_word' id='word_1_237' title='bbox 829 1491 895 1529; x_wconf 90' lang='lat' dir='ltr'>his</span> <span class='ocrx_word' id='word_1_238' title='bbox 925 1491 1155 1541; x_wconf 83' lang='lat' dir='ltr'>degustatis</span> <span class='ocrx_word' id='word_1_239' title='bbox 1183 1491 1323 1529; x_wconf 88' lang='lat' dir='ltr'>verius</span> <span class='ocrx_word' id='word_1_240' title='bbox 1352 1503 1478 1541; x_wconf 88' lang='lat' dir='ltr'>quam</span> <span class='ocrx_word' id='word_1_241' title='bbox 1506 1491 1637 1537; x_wconf 79' lang='lat' dir='ltr'>lectis,</span> <span class='ocrx_word' id='word_1_242' title='bbox 1664 1512 1724 1544; x_wconf 81' lang='lat'>125</span> 
     </span>
     <span class='ocr_line' id='line_1_26' title="bbox 37 1545 1641 1595; baseline 0.001 -13"><span class='ocrx_word' id='word_1_243' title='bbox 37 1545 208 1584; x_wconf 85' lang='lat' dir='ltr'>videbar</span> <span class='ocrx_word' id='word_1_244' title='bbox 227 1545 334 1583; x_wconf 92' lang='lat' dir='ltr'>mihi</span> <span class='ocrx_word' id='word_1_245' title='bbox 355 1546 661 1595; x_wconf 86' lang='lat' dir='ltr'>deprehendere</span> <span class='ocrx_word' id='word_1_246' title='bbox 681 1546 797 1584; x_wconf 87' lang='lat' dir='ltr'>dotes</span> <span class='ocrx_word' id='word_1_247' title='bbox 818 1548 987 1584; x_wconf 87' lang='lat' dir='ltr'>naturae</span> <span class='ocrx_word' id='word_1_248' title='bbox 1008 1558 1132 1593; x_wconf 89' lang='lat' dir='ltr'>raras,</span> <span class='ocrx_word' id='word_1_249' title='bbox 1155 1547 1196 1584; x_wconf 88' lang='lat' dir='ltr'>et</span> <span class='ocrx_word' id='word_1_250' title='bbox 1222 1545 1440 1595; x_wconf 90' lang='lat' dir='ltr'>ingenium</span> <span class='ocrx_word' id='word_1_251' title='bbox 1469 1546 1641 1595; x_wconf 87' lang='lat' dir='ltr'>pulchre</span> 
     </span>
     <span class='ocr_line' id='line_1_27' title="bbox 35 1599 1637 1650; baseline 0.001 -13"><span class='ocrx_word' id='word_1_252' title='bbox 35 1600 348 1638; x_wconf 86' lang='lat' dir='ltr'>accommodum</span> <span class='ocrx_word' id='word_1_253' title='bbox 368 1601 417 1638; x_wconf 92' lang='lat' dir='ltr'>ad</span> <span class='ocrx_word' id='word_1_254' title='bbox 437 1600 730 1650; x_wconf 86' lang='lat' dir='ltr'>explicandum</span> <span class='ocrx_word' id='word_1_255' title='bbox 749 1601 866 1638; x_wconf 83' lang='lat' dir='ltr'>iuxta</span> <span class='ocrx_word' id='word_1_256' title='bbox 890 1602 1080 1638; x_wconf 87' lang='lat' dir='ltr'>veterum</span> <span class='ocrx_word' id='word_1_257' title='bbox 1104 1612 1262 1637; x_wconf 90' lang='lat' dir='ltr'>morem</span> <span class='ocrx_word' id='word_1_258' title='bbox 1289 1613 1457 1638; x_wconf 90' lang='lat' dir='ltr'>arcanas</span> <span class='ocrx_word' id='word_1_259' title='bbox 1482 1599 1637 1648; x_wconf 86' lang='lat' dir='ltr'>literas,</span> 
     </span>
     <span class='ocr_line' id='line_1_28' title="bbox 37 1653 1641 1704; baseline 0.001 -13"><span class='ocrx_word' id='word_1_260' title='bbox 37 1653 88 1692; x_wconf 93' lang='lat' dir='ltr'>ad</span> <span class='ocrx_word' id='word_1_261' title='bbox 119 1654 405 1693; x_wconf 88' lang='lat' dir='ltr'>suscitandum</span> <span class='ocrx_word' id='word_1_262' title='bbox 432 1654 708 1704; x_wconf 87' lang='lat' dir='ltr'>Euangelicae</span> <span class='ocrx_word' id='word_1_263' title='bbox 737 1654 948 1693; x_wconf 84' lang='lat' dir='ltr'>doctrinae</span> <span class='ocrx_word' id='word_1_264' title='bbox 977 1654 1228 1692; x_wconf 88' lang='lat' dir='ltr'>scintillam:</span> <span class='ocrx_word' id='word_1_265' title='bbox 1258 1667 1281 1692; x_wconf 87' lang='lat' dir='ltr'>a</span> <span class='ocrx_word' id='word_1_266' title='bbox 1308 1667 1388 1704; x_wconf 88' lang='lat' dir='ltr'>qua</span> <span class='ocrx_word' id='word_1_267' title='bbox 1415 1656 1455 1692; x_wconf 91' lang='lat' dir='ltr'>et</span> <span class='ocrx_word' id='word_1_268' title='bbox 1483 1655 1641 1704; x_wconf 89' lang='lat' dir='ltr'>publici</span> 
     </span>
     <span class='ocr_line' id='line_1_29' title="bbox 38 1709 1640 1759; baseline 0.001 -13"><span class='ocrx_word' id='word_1_269' title='bbox 38 1721 172 1747; x_wconf 86' lang='lat' dir='ltr'>mores</span> <span class='ocrx_word' id='word_1_270' title='bbox 202 1709 324 1757; x_wconf 88' lang='lat' dir='ltr'>orbis,</span> <span class='ocrx_word' id='word_1_271' title='bbox 348 1711 390 1747; x_wconf 92' lang='lat' dir='ltr'>et</span> <span class='ocrx_word' id='word_1_272' title='bbox 409 1709 572 1748; x_wconf 90' lang='lat' dir='ltr'>scholae</span> <span class='ocrx_word' id='word_1_273' title='bbox 591 1709 772 1748; x_wconf 83' lang='lat' dir='ltr'>nimium</span> <span class='ocrx_word' id='word_1_274' title='bbox 791 1709 876 1747; x_wconf 90' lang='lat' dir='ltr'>iam</span> <span class='ocrx_word' id='word_1_275' title='bbox 897 1709 1163 1758; x_wconf 90' lang='lat' dir='ltr'>indulgentes</span> <span class='ocrx_word' id='word_1_276' title='bbox 1182 1709 1339 1758; x_wconf 87' lang='lat' dir='ltr'>argutis</span> <span class='ocrx_word' id='word_1_277' title='bbox 1359 1709 1494 1758; x_wconf 90' lang='lat' dir='ltr'>magis</span> <span class='ocrx_word' id='word_1_278' title='bbox 1515 1722 1640 1759; x_wconf 89' lang='lat' dir='ltr'>quam</span> 
     </span>
     <span class='ocr_line' id='line_1_30' title="bbox 37 1763 1724 1813; baseline 0.001 -13"><span class='ocrx_word' id='word_1_279' title='bbox 37 1763 278 1801; x_wconf 88' lang='lat' dir='ltr'>necessariis</span> <span class='ocrx_word' id='word_1_280' title='bbox 315 1763 650 1813; x_wconf 87' lang='lat' dir='ltr'>quaestiunculis,</span> <span class='ocrx_word' id='word_1_281' title='bbox 683 1764 953 1802; x_wconf 87' lang='lat' dir='ltr'>vehementer</span> <span class='ocrx_word' id='word_1_282' title='bbox 989 1763 1203 1813; x_wconf 85' lang='lat' dir='ltr'>prolapsae</span> <span class='ocrx_word' id='word_1_283' title='bbox 1236 1763 1498 1802; x_wconf 86' lang='lat' dir='ltr'>videbantur.</span> <span class='ocrx_word' id='word_1_284' title='bbox 1559 1765 1642 1802; x_wconf 87' lang='lat' dir='ltr'>Au·</span> <span class='ocrx_word' id='word_1_285' title='bbox 1664 1780 1724 1811; x_wconf 77' lang='lat'>130</span> 
     </span>
     <span class='ocr_line' id='line_1_31' title="bbox 36 1817 1642 1868; baseline 0.001 -13"><span class='ocrx_word' id='word_1_286' title='bbox 36 1817 200 1856; x_wconf 87' lang='lat' dir='ltr'>diebam</span> <span class='ocrx_word' id='word_1_287' title='bbox 230 1818 407 1856; x_wconf 83' lang='lat' dir='ltr'>eximios</span> <span class='ocrx_word' id='word_1_288' title='bbox 427 1818 538 1857; x_wconf 92' lang='lat' dir='ltr'>viros</span> <span class='ocrx_word' id='word_1_289' title='bbox 567 1818 759 1867; x_wconf 87' lang='lat' dir='ltr'>probatae</span> <span class='ocrx_word' id='word_1_290' title='bbox 783 1818 996 1856; x_wconf 87' lang='lat' dir='ltr'>doctrinae</span> <span class='ocrx_word' id='word_1_291' title='bbox 1022 1817 1298 1868; x_wconf 85' lang='lat' dir='ltr'>probataeque</span> <span class='ocrx_word' id='word_1_292' title='bbox 1324 1817 1536 1867; x_wconf 86' lang='lat' dir='ltr'>religionis</span> <span class='ocrx_word' id='word_1_293' title='bbox 1564 1818 1642 1856; x_wconf 89' lang='lat' dir='ltr'>sibi</span> 
     </span>
     <span class='ocr_line' id='line_1_32' title="bbox 36 1871 1641 1922; baseline 0.001 -13"><span class='ocrx_word' id='word_1_294' title='bbox 36 1871 237 1920; x_wconf 88' lang='lat' dir='ltr'>gratulari</span> <span class='ocrx_word' id='word_1_295' title='bbox 266 1873 375 1922; x_wconf 89' lang='lat' dir='ltr'>quod</span> <span class='ocrx_word' id='word_1_296' title='bbox 404 1873 449 1911; x_wconf 91' lang='lat' dir='ltr'>in</span> <span class='ocrx_word' id='word_1_297' title='bbox 477 1872 604 1911; x_wconf 88' lang='lat' dir='ltr'>huius</span> <span class='ocrx_word' id='word_1_298' title='bbox 631 1872 714 1912; x_wconf 86' lang='lat' dir='ltr'>viri</span> <span class='ocrx_word' id='word_1_299' title='bbox 742 1872 870 1911; x_wconf 91' lang='lat' dir='ltr'>libros</span> <span class='ocrx_word' id='word_1_300' title='bbox 898 1872 1155 1911; x_wconf 88' lang='lat' dir='ltr'>incidissent.</span> <span class='ocrx_word' id='word_1_301' title='bbox 1215 1872 1421 1910; x_wconf 91' lang='lat' dir='ltr'>Videbam</span> <span class='ocrx_word' id='word_1_302' title='bbox 1455 1875 1500 1910; x_wconf 91' lang='lat' dir='ltr'>vt</span> <span class='ocrx_word' id='word_1_303' title='bbox 1533 1873 1641 1922; x_wconf 91' lang='lat' dir='ltr'>quis-</span> 
     </span>
     <span class='ocr_line' id='line_1_33' title="bbox 37 1926 1641 1977; baseline 0.001 -13"><span class='ocrx_word' id='word_1_304' title='bbox 37 1939 115 1975; x_wconf 90' lang='lat' dir='ltr'>que</span> <span class='ocrx_word' id='word_1_305' title='bbox 136 1929 241 1965; x_wconf 89' lang='lat' dir='ltr'>esset</span> <span class='ocrx_word' id='word_1_306' title='bbox 261 1927 542 1977; x_wconf 85' lang='lat' dir='ltr'>integerrimis</span> <span class='ocrx_word' id='word_1_307' title='bbox 562 1927 749 1965; x_wconf 87' lang='lat' dir='ltr'>moribus</span> <span class='ocrx_word' id='word_1_308' title='bbox 775 1929 816 1965; x_wconf 93' lang='lat' dir='ltr'>et</span> <span class='ocrx_word' id='word_1_309' title='bbox 846 1926 1120 1976; x_wconf 90' lang='lat' dir='ltr'>Euangelicae</span> <span class='ocrx_word' id='word_1_310' title='bbox 1141 1926 1312 1976; x_wconf 88' lang='lat' dir='ltr'>puritati</span> <span class='ocrx_word' id='word_1_311' title='bbox 1332 1927 1559 1975; x_wconf 85' lang='lat' dir='ltr'>proximus,</span> <span class='ocrx_word' id='word_1_312' title='bbox 1583 1927 1641 1965; x_wconf 90' lang='lat' dir='ltr'>ita</span> 
     </span>
     <span class='ocr_line' id='line_1_34' title="bbox 37 1979 1639 2031; baseline 0 -13"><span class='ocrx_word' id='word_1_313' title='bbox 37 1979 210 2019; x_wconf 91' lang='lat' dir='ltr'>minime</span> <span class='ocrx_word' id='word_1_314' title='bbox 229 1981 442 2019; x_wconf 90' lang='lat' dir='ltr'>infensum</span> <span class='ocrx_word' id='word_1_315' title='bbox 472 1981 667 2020; x_wconf 89' lang='lat' dir='ltr'>Luthero.</span> <span class='ocrx_word' id='word_1_316' title='bbox 729 1981 859 2019; x_wconf 90' lang='lat' dir='ltr'>Porro</span> <span class='ocrx_word' id='word_1_317' title='bbox 878 1982 967 2020; x_wconf 86' lang='lat' dir='ltr'>vita</span> <span class='ocrx_word' id='word_1_318' title='bbox 997 1981 1310 2030; x_wconf 86' lang='lat' dir='ltr'>praedicabatur</span> <span class='ocrx_word' id='word_1_319' title='bbox 1337 1983 1379 2018; x_wconf 87' lang='lat' dir='ltr'>et</span> <span class='ocrx_word' id='word_1_320' title='bbox 1408 1981 1458 2019; x_wconf 85' lang='lat' dir='ltr'>ab</span> <span class='ocrx_word' id='word_1_321' title='bbox 1488 1981 1539 2019; x_wconf 89' lang='lat' dir='ltr'>iis</span> <span class='ocrx_word' id='word_1_322' title='bbox 1569 1981 1639 2031; x_wconf 88' lang='lat' dir='ltr'>qui</span> 
     </span>
     <span class='ocr_line' id='line_1_35' title="bbox 37 2035 1721 2085; baseline 0.001 -13"><span class='ocrx_word' id='word_1_323' title='bbox 37 2035 269 2074; x_wconf 86' lang='lat' dir='ltr'>doctrinam</span> <span class='ocrx_word' id='word_1_324' title='bbox 290 2048 376 2074; x_wconf 90' lang='lat' dir='ltr'>non</span> <span class='ocrx_word' id='word_1_325' title='bbox 395 2035 591 2074; x_wconf 89' lang='lat' dir='ltr'>ferebant.</span> <span class='ocrx_word' id='word_1_326' title='bbox 634 2036 853 2074; x_wconf 89' lang='lat' dir='ltr'>Caeterum</span> <span class='ocrx_word' id='word_1_327' title='bbox 876 2036 924 2073; x_wconf 92' lang='lat' dir='ltr'>de</span> <span class='ocrx_word' id='word_1_328' title='bbox 944 2035 1094 2084; x_wconf 89' lang='lat' dir='ltr'>spiritu</span> <span class='ocrx_word' id='word_1_329' title='bbox 1113 2035 1205 2083; x_wconf 88' lang='lat' dir='ltr'>viri,</span> <span class='ocrx_word' id='word_1_330' title='bbox 1226 2036 1274 2073; x_wconf 91' lang='lat' dir='ltr'>de</span> <span class='ocrx_word' id='word_1_331' title='bbox 1294 2048 1374 2085; x_wconf 91' lang='lat' dir='ltr'>quo</span> <span class='ocrx_word' id='word_1_332' title='bbox 1395 2035 1508 2073; x_wconf 88' lang='lat' dir='ltr'>solus</span> <span class='ocrx_word' id='word_1_333' title='bbox 1528 2035 1641 2074; x_wconf 92' lang='lat' dir='ltr'>Deus</span> <span class='ocrx_word' id='word_1_334' title='bbox 1663 2052 1721 2083; x_wconf 83' lang='lat'>135</span> 
     </span>
     <span class='ocr_line' id='line_1_36' title="bbox 37 2090 1638 2139; baseline 0 -12"><span class='ocrx_word' id='word_1_335' title='bbox 37 2091 172 2138; x_wconf 87' lang='lat' dir='ltr'>potest</span> <span class='ocrx_word' id='word_1_336' title='bbox 205 2092 315 2128; x_wconf 87' lang='lat' dir='ltr'>certo</span> <span class='ocrx_word' id='word_1_337' title='bbox 349 2090 539 2137; x_wconf 87' lang='lat' dir='ltr'>iudicare,</span> <span class='ocrx_word' id='word_1_338' title='bbox 576 2090 718 2138; x_wconf 89' lang='lat' dir='ltr'>malui,</span> <span class='ocrx_word' id='word_1_339' title='bbox 751 2090 858 2129; x_wconf 89' lang='lat' dir='ltr'>sicut</span> <span class='ocrx_word' id='word_1_340' title='bbox 887 2104 961 2139; x_wconf 91' lang='lat' dir='ltr'>par</span> <span class='ocrx_word' id='word_1_341' title='bbox 989 2092 1064 2137; x_wconf 88' lang='lat' dir='ltr'>est,</span> <span class='ocrx_word' id='word_1_342' title='bbox 1097 2090 1143 2128; x_wconf 91' lang='lat' dir='ltr'>in</span> <span class='ocrx_word' id='word_1_343' title='bbox 1174 2090 1325 2127; x_wconf 87' lang='lat' dir='ltr'>bonam</span> <span class='ocrx_word' id='word_1_344' title='bbox 1357 2092 1515 2139; x_wconf 86' lang='lat' dir='ltr'>partem</span> <span class='ocrx_word' id='word_1_345' title='bbox 1550 2103 1638 2128; x_wconf 89' lang='lat' dir='ltr'>esse</span> 
     </span>
     <span class='ocr_line' id='line_1_37' title="bbox 37 2143 1638 2194; baseline 0.001 -13"><span class='ocrx_word' id='word_1_346' title='bbox 37 2156 264 2193; x_wconf 88' lang='lat' dir='ltr'>propensus</span> <span class='ocrx_word' id='word_1_347' title='bbox 285 2157 410 2194; x_wconf 83' lang='lat' dir='ltr'>quam</span> <span class='ocrx_word' id='word_1_348' title='bbox 430 2144 476 2182; x_wconf 92' lang='lat' dir='ltr'>in</span> <span class='ocrx_word' id='word_1_349' title='bbox 496 2143 662 2183; x_wconf 91' lang='lat' dir='ltr'>malam.</span> <span class='ocrx_word' id='word_1_350' title='bbox 723 2144 943 2183; x_wconf 88' lang='lat' dir='ltr'>Postremo</span> <span class='ocrx_word' id='word_1_351' title='bbox 963 2144 1159 2192; x_wconf 90' lang='lat' dir='ltr'>mundus,</span> <span class='ocrx_word' id='word_1_352' title='bbox 1183 2144 1315 2182; x_wconf 90' lang='lat' dir='ltr'>veluti</span> <span class='ocrx_word' id='word_1_353' title='bbox 1341 2144 1424 2182; x_wconf 89' lang='lat' dir='ltr'>iam</span> <span class='ocrx_word' id='word_1_354' title='bbox 1451 2146 1638 2192; x_wconf 86' lang='lat' dir='ltr'>pertesus</span> 
     </span>
     <span class='ocr_line' id='line_1_38' title="bbox 37 2197 1640 2249; baseline 0.001 -13"><span class='ocrx_word' id='word_1_355' title='bbox 37 2197 163 2237; x_wconf 91' lang='lat' dir='ltr'>huius</span> <span class='ocrx_word' id='word_1_356' title='bbox 183 2199 393 2237; x_wconf 89' lang='lat' dir='ltr'>doctrinae</span> <span class='ocrx_word' id='word_1_357' title='bbox 412 2199 592 2237; x_wconf 90' lang='lat' dir='ltr'>nimium</span> <span class='ocrx_word' id='word_1_358' title='bbox 608 2199 794 2249; x_wconf 90' lang='lat' dir='ltr'>vrgentis</span> <span class='ocrx_word' id='word_1_359' title='bbox 813 2199 863 2237; x_wconf 89' lang='lat' dir='ltr'>ad</span> <span class='ocrx_word' id='word_1_360' title='bbox 884 2199 1090 2236; x_wconf 87' lang='lat' dir='ltr'>humanas</span> <span class='ocrx_word' id='word_1_361' title='bbox 1105 2198 1173 2236; x_wconf 85' lang='lat' dir='ltr'>vel</span> <span class='ocrx_word' id='word_1_362' title='bbox 1193 2198 1640 2237; x_wconf 88' lang='lat' dir='ltr'>commentatiunculas</span> 
     </span>
     <span class='ocr_line' id='line_1_39' title="bbox 36 2252 1639 2302; baseline 0 -12"><span class='ocrx_word' id='word_1_363' title='bbox 36 2253 103 2291; x_wconf 88' lang='lat' dir='ltr'>vel</span> <span class='ocrx_word' id='word_1_364' title='bbox 132 2253 540 2301; x_wconf 85' lang='lat' dir='ltr'>constitutiuneulas,</span> <span class='ocrx_word' id='word_1_365' title='bbox 572 2253 689 2291; x_wconf 91' lang='lat' dir='ltr'>sitire</span> <span class='ocrx_word' id='word_1_366' title='bbox 718 2253 936 2291; x_wconf 85' lang='lat' dir='ltr'>videbatur</span> <span class='ocrx_word' id='word_1_367' title='bbox 965 2253 1111 2291; x_wconf 90' lang='lat' dir='ltr'>viuum</span> <span class='ocrx_word' id='word_1_368' title='bbox 1140 2252 1262 2291; x_wconf 91' lang='lat' dir='ltr'>illum</span> <span class='ocrx_word' id='word_1_369' title='bbox 1291 2265 1337 2291; x_wconf 90' lang='lat' dir='ltr'>ac</span> <span class='ocrx_word' id='word_1_370' title='bbox 1365 2252 1639 2302; x_wconf 88' lang='lat' dir='ltr'>purissimum</span> 
     </span>
     <span class='ocr_line' id='line_1_40' title="bbox 36 2306 1722 2359; baseline 0.001 -16"><span class='ocrx_word' id='word_1_371' title='bbox 36 2306 201 2345; x_wconf 87' lang='lat' dir='ltr'>laticem</span> <span class='ocrx_word' id='word_1_372' title='bbox 220 2320 270 2345; x_wconf 82' lang='lat' dir='ltr'>ex</span> <span class='ocrx_word' id='word_1_373' title='bbox 298 2307 562 2356; x_wconf 89' lang='lat' dir='ltr'>Euangelicis</span> <span class='ocrx_word' id='word_1_374' title='bbox 582 2309 623 2345; x_wconf 84' lang='lat' dir='ltr'>et</span> <span class='ocrx_word' id='word_1_375' title='bbox 643 2307 895 2358; x_wconf 88' lang='lat' dir='ltr'>Apostolicis</span> <span class='ocrx_word' id='word_1_376' title='bbox 915 2307 1114 2346; x_wconf 88' lang='lat' dir='ltr'>haustum</span> <span class='ocrx_word' id='word_1_377' title='bbox 1134 2307 1264 2346; x_wconf 80' lang='lat' dir='ltr'>venis.</span> <span class='ocrx_word' id='word_1_378' title='bbox 1324 2307 1391 2345; x_wconf 94' lang='lat' dir='ltr'>Ad</span> <span class='ocrx_word' id='word_1_379' title='bbox 1421 2307 1499 2345; x_wconf 88' lang='lat' dir='ltr'>hoc</span> <span class='ocrx_word' id='word_1_380' title='bbox 1527 2320 1639 2356; x_wconf 87' lang='lat' dir='ltr'>prae·</span> <span class='ocrx_word' id='word_1_381' title='bbox 1659 2327 1722 2359; x_wconf 86' lang='lat'>140</span> 
     </span>
     <span class='ocr_line' id='line_1_41' title="bbox 36 2361 1634 2411; baseline 0.001 -13"><span class='ocrx_word' id='word_1_382' title='bbox 36 2361 235 2399; x_wconf 87' lang='lat' dir='ltr'>standum</span> <span class='ocrx_word' id='word_1_383' title='bbox 257 2361 361 2399; x_wconf 90' lang='lat' dir='ltr'>mihi</span> <span class='ocrx_word' id='word_1_384' title='bbox 379 2361 600 2400; x_wconf 86' lang='lat' dir='ltr'>videbatur</span> <span class='ocrx_word' id='word_1_385' title='bbox 619 2361 690 2400; x_wconf 89' lang='lat' dir='ltr'>ille</span> <span class='ocrx_word' id='word_1_386' title='bbox 711 2364 751 2400; x_wconf 91' lang='lat' dir='ltr'>et</span> <span class='ocrx_word' id='word_1_387' title='bbox 771 2364 918 2400; x_wconf 88' lang='lat' dir='ltr'>natura</span> <span class='ocrx_word' id='word_1_388' title='bbox 938 2362 1192 2411; x_wconf 91' lang='lat' dir='ltr'>compositus</span> <span class='ocrx_word' id='word_1_389' title='bbox 1211 2363 1253 2399; x_wconf 93' lang='lat' dir='ltr'>et</span> <span class='ocrx_word' id='word_1_390' title='bbox 1272 2373 1465 2400; x_wconf 87' lang='lat' dir='ltr'>accensus</span> <span class='ocrx_word' id='word_1_391' title='bbox 1485 2361 1634 2400; x_wconf 90' lang='lat' dir='ltr'>studio.</span> 
     </span>
    </p>

    <p class='ocr_par' dir='ltr' id='par_1_4' title="bbox 0 2415 1716 2738">
     <span class='ocr_line' id='line_1_42' title="bbox 90 2415 1637 2466; baseline 0.001 -13"><span class='ocrx_word' id='word_1_392' title='bbox 90 2415 157 2454; x_wconf 88' lang='lat' dir='ltr'>Sic</span> <span class='ocrx_word' id='word_1_393' title='bbox 185 2415 313 2465; x_wconf 90' lang='lat' dir='ltr'>igitur</span> <span class='ocrx_word' id='word_1_394' title='bbox 341 2416 425 2454; x_wconf 88' lang='lat' dir='ltr'>faui</span> <span class='ocrx_word' id='word_1_395' title='bbox 455 2416 640 2455; x_wconf 87' lang='lat' dir='ltr'>Luthero</span> <span class='ocrx_word' id='word_1_396' title='bbox 657 2430 666 2464; x_wconf 87' lang='lat'>;</span> <span class='ocrx_word' id='word_1_397' title='bbox 696 2416 817 2455; x_wconf 92' lang='lat' dir='ltr'>bonis</span> <span class='ocrx_word' id='word_1_398' title='bbox 836 2416 952 2455; x_wconf 87' lang='lat' dir='ltr'>illius</span> <span class='ocrx_word' id='word_1_399' title='bbox 973 2416 1058 2454; x_wconf 88' lang='lat' dir='ltr'>faui</span> <span class='ocrx_word' id='word_1_400' title='bbox 1078 2429 1179 2466; x_wconf 88' lang='lat' dir='ltr'>quae</span> <span class='ocrx_word' id='word_1_401' title='bbox 1201 2416 1245 2453; x_wconf 92' lang='lat' dir='ltr'>in</span> <span class='ocrx_word' id='word_1_402' title='bbox 1265 2415 1339 2454; x_wconf 90' lang='lat' dir='ltr'>illo</span> <span class='ocrx_word' id='word_1_403' title='bbox 1359 2416 1426 2454; x_wconf 89' lang='lat' dir='ltr'>vel</span> <span class='ocrx_word' id='word_1_404' title='bbox 1446 2415 1637 2454; x_wconf 86' lang='lat' dir='ltr'>videbam</span> 
     </span>
     <span class='ocr_line' id='line_1_43' title="bbox 36 2469 1636 2520; baseline 0.001 -13"><span class='ocrx_word' id='word_1_405' title='bbox 36 2469 102 2507; x_wconf 91' lang='lat' dir='ltr'>vel</span> <span class='ocrx_word' id='word_1_406' title='bbox 122 2482 212 2508; x_wconf 88' lang='lat' dir='ltr'>esse</span> <span class='ocrx_word' id='word_1_407' title='bbox 232 2470 445 2508; x_wconf 86' lang='lat' dir='ltr'>credebam</span> <span class='ocrx_word' id='word_1_408' title='bbox 463 2485 472 2509; x_wconf 91' lang='lat'>:</span> <span class='ocrx_word' id='word_1_409' title='bbox 500 2470 586 2509; x_wconf 93' lang='lat' dir='ltr'>imo</span> <span class='ocrx_word' id='word_1_410' title='bbox 606 2483 690 2508; x_wconf 91' lang='lat' dir='ltr'>non</span> <span class='ocrx_word' id='word_1_411' title='bbox 711 2470 775 2509; x_wconf 91' lang='lat' dir='ltr'>illi</span> <span class='ocrx_word' id='word_1_412' title='bbox 794 2471 892 2517; x_wconf 84' lang='lat' dir='ltr'>faui,</span> <span class='ocrx_word' id='word_1_413' title='bbox 917 2470 989 2508; x_wconf 88' lang='lat' dir='ltr'>sed</span> <span class='ocrx_word' id='word_1_414' title='bbox 1009 2470 1162 2520; x_wconf 90' lang='lat' dir='ltr'>gloriae</span> <span class='ocrx_word' id='word_1_415' title='bbox 1183 2469 1353 2509; x_wconf 87' lang='lat' dir='ltr'>Christi.</span> <span class='ocrx_word' id='word_1_416' title='bbox 1410 2470 1467 2508; x_wconf 89' lang='lat' dir='ltr'>Et</span> <span class='ocrx_word' id='word_1_417' title='bbox 1496 2472 1636 2508; x_wconf 90' lang='lat' dir='ltr'>tamen</span> 
     </span>
     <span class='ocr_line' id='line_1_44' title="bbox 36 2523 1637 2575; baseline 0 -13"><span class='ocrx_word' id='word_1_418' title='bbox 36 2523 79 2562; x_wconf 90' lang='lat' dir='ltr'>in</span> <span class='ocrx_word' id='word_1_419' title='bbox 91 2524 235 2562; x_wconf 90' lang='lat' dir='ltr'>eodem</span> <span class='ocrx_word' id='word_1_420' title='bbox 255 2524 448 2562; x_wconf 89' lang='lat' dir='ltr'>videbam</span> <span class='ocrx_word' id='word_1_421' title='bbox 468 2538 547 2574; x_wconf 91' lang='lat' dir='ltr'>que</span> <span class='ocrx_word' id='word_1_422' title='bbox 568 2524 674 2563; x_wconf 90' lang='lat' dir='ltr'>mihi</span> <span class='ocrx_word' id='word_1_423' title='bbox 688 2524 937 2563; x_wconf 89' lang='lat' dir='ltr'>nonnullam</span> <span class='ocrx_word' id='word_1_424' title='bbox 953 2524 1279 2563; x_wconf 88' lang='lat' dir='ltr'>sollicitudinem</span> <span class='ocrx_word' id='word_1_425' title='bbox 1296 2537 1342 2562; x_wconf 90' lang='lat' dir='ltr'>ac</span> <span class='ocrx_word' id='word_1_426' title='bbox 1358 2524 1637 2575; x_wconf 87' lang='lat' dir='ltr'>suspicionem</span> 
     </span>
     <span class='ocr_line' id='line_1_45' title="bbox 34 2578 1716 2628; baseline 0.001 -12"><span class='ocrx_word' id='word_1_427' title='bbox 34 2578 277 2616; x_wconf 86' lang='lat' dir='ltr'>incuterent.</span> <span class='ocrx_word' id='word_1_428' title='bbox 335 2578 516 2617; x_wconf 91' lang='lat' dir='ltr'>Proinde</span> <span class='ocrx_word' id='word_1_429' title='bbox 536 2592 632 2617; x_wconf 90' lang='lat' dir='ltr'>cum</span> <span class='ocrx_word' id='word_1_430' title='bbox 652 2579 722 2617; x_wconf 92' lang='lat' dir='ltr'>ille</span> <span class='ocrx_word' id='word_1_431' title='bbox 744 2592 810 2618; x_wconf 90' lang='lat' dir='ltr'>me</span> <span class='ocrx_word' id='word_1_432' title='bbox 829 2579 916 2618; x_wconf 89' lang='lat' dir='ltr'>suis</span> <span class='ocrx_word' id='word_1_433' title='bbox 935 2578 1069 2617; x_wconf 88' lang='lat' dir='ltr'>literis</span> <span class='ocrx_word' id='word_1_434' title='bbox 1087 2579 1196 2617; x_wconf 85' lang='lat' dir='ltr'>vltro</span> <span class='ocrx_word' id='word_1_435' title='bbox 1217 2581 1470 2628; x_wconf 86' lang='lat' dir='ltr'>prouocaret,</span> <span class='ocrx_word' id='word_1_436' title='bbox 1493 2579 1635 2617; x_wconf 85' lang='lat' dir='ltr'>statim</span> <span class='ocrx_word' id='word_1_437' title='bbox 1658 2595 1716 2627; x_wconf 88' lang='lat'>145</span> 
     </span>
     <span class='ocr_line' id='line_1_46' title="bbox 0 2633 1636 2683; baseline 0.001 -13"><span class='ocrx_word' id='word_1_438' title='bbox 0 2652 1 2666; x_wconf 57' lang='grc' dir='ltr'>ι</span> <span class='ocrx_word' id='word_1_439' title='bbox 37 2635 199 2682; x_wconf 89' lang='lat' dir='ltr'>arrepta</span> <span class='ocrx_word' id='word_1_440' title='bbox 226 2633 435 2671; x_wconf 88' lang='lat' dir='ltr'>occasione</span> <span class='ocrx_word' id='word_1_441' title='bbox 462 2633 685 2683; x_wconf 86' lang='lat' dir='ltr'>diligenter</span> <span class='ocrx_word' id='word_1_442' title='bbox 708 2634 906 2672; x_wconf 90' lang='lat' dir='ltr'>admonui</span> <span class='ocrx_word' id='word_1_443' title='bbox 933 2633 1032 2683; x_wconf 90' lang='lat' dir='ltr'>quid</span> <span class='ocrx_word' id='word_1_444' title='bbox 1059 2633 1110 2671; x_wconf 89' lang='lat' dir='ltr'>ab</span> <span class='ocrx_word' id='word_1_445' title='bbox 1137 2633 1212 2671; x_wconf 92' lang='lat' dir='ltr'>illo</span> <span class='ocrx_word' id='word_1_446' title='bbox 1237 2633 1362 2671; x_wconf 85' lang='lat' dir='ltr'>vitari</span> <span class='ocrx_word' id='word_1_447' title='bbox 1381 2633 1558 2681; x_wconf 88' lang='lat' dir='ltr'>vellem;</span> <span class='ocrx_word' id='word_1_448' title='bbox 1590 2635 1636 2672; x_wconf 89' lang='lat' dir='ltr'>vt</span> 
     </span>
     <span class='ocr_line' id='line_1_47' title="bbox 35 2687 1636 2738; baseline 0.001 -14"><span class='ocrx_word' id='word_1_449' title='bbox 35 2689 264 2725; x_wconf 85' lang='lat' dir='ltr'>correctum</span> <span class='ocrx_word' id='word_1_450' title='bbox 285 2700 330 2725; x_wconf 89' lang='lat' dir='ltr'>ac</span> <span class='ocrx_word' id='word_1_451' title='bbox 350 2689 574 2737; x_wconf 86' lang='lat' dir='ltr'>purgatum</span> <span class='ocrx_word' id='word_1_452' title='bbox 593 2688 709 2726; x_wconf 89' lang='lat' dir='ltr'>illius</span> <span class='ocrx_word' id='word_1_453' title='bbox 730 2688 946 2738; x_wconf 89' lang='lat' dir='ltr'>ingenium</span> <span class='ocrx_word' id='word_1_454' title='bbox 967 2700 1118 2738; x_wconf 85' lang='lat' dir='ltr'>magno</span> <span class='ocrx_word' id='word_1_455' title='bbox 1139 2700 1235 2725; x_wconf 87' lang='lat' dir='ltr'>curn</span> <span class='ocrx_word' id='word_1_456' title='bbox 1250 2687 1390 2726; x_wconf 86' lang='lat' dir='ltr'>fructu</span> <span class='ocrx_word' id='word_1_457' title='bbox 1406 2701 1636 2738; x_wconf 87' lang='lat' dir='ltr'>magnaque</span> 
     </span>
    </p>
   </div>
   <div class='ocr_carea' id='block_1_3' title="bbox 81 2790 1631 2830">
    <p class='ocr_par' dir='ltr' id='par_1_5' title="bbox 81 2790 1631 2830">
     <span class='ocr_line' id='line_1_48' title="bbox 81 2790 1631 2830; baseline 0.002 -11"><span class='ocrx_word' id='word_1_458' title='bbox 81 2799 151 2820; x_wconf 91' lang='lat'>102.</span> <span class='ocrx_word' id='word_1_459' title='bbox 177 2790 348 2829; x_wconf 82' lang='lat' dir='ltr'>priuatim</span> <span class='ocrx_word' id='word_1_460' title='bbox 359 2792 399 2822; x_wconf 83' lang='lat' dir='ltr'>N.</span> <span class='ocrx_word' id='word_1_461' title='bbox 464 2791 534 2821; x_wconf 89' lang='lat'>108.</span> <span class='ocrx_word' id='word_1_462' title='bbox 553 2790 816 2830; x_wconf 79' lang='lat' dir='ltr'>Vuitenbergae</span> <span class='ocrx_word' id='word_1_463' title='bbox 833 2793 874 2822; x_wconf 86' lang='lat' dir='ltr'>II.</span> <span class='ocrx_word' id='word_1_464' title='bbox 947 2800 1017 2821; x_wconf 88' lang='lat'>112.</span> <span class='ocrx_word' id='word_1_465' title='bbox 1046 2791 1085 2822; x_wconf 81' lang='lat' dir='ltr'>R.</span> <span class='ocrx_word' id='word_1_466' title='bbox 1100 2791 1139 2821; x_wconf 92' lang='lat' dir='ltr'>D.</span> <span class='ocrx_word' id='word_1_467' title='bbox 1154 2801 1212 2822; x_wconf 82' lang='lat' dir='ltr'>om.</span> <span class='ocrx_word' id='word_1_468' title='bbox 1224 2793 1266 2822; x_wconf 91' lang='lat' dir='ltr'>H.</span> <span class='ocrx_word' id='word_1_469' title='bbox 1333 2800 1404 2829; x_wconf 87' lang='lat'>127.</span> <span class='ocrx_word' id='word_1_470' title='bbox 1424 2792 1577 2822; x_wconf 80' lang='lat' dir='ltr'>veterem</span> <span class='ocrx_word' id='word_1_471' title='bbox 1593 2793 1631 2822; x_wconf 72' lang='lat' dir='ltr'>N.</span> 
     </span>
    </p>
   </div>
   <div class='ocr_carea' id='block_1_4' title="bbox 39 2857 154 2862">
    <p class='ocr_par' dir='ltr' id='par_1_6' title="bbox 39 2857 154 2862">
     <span class='ocr_line' id='line_1_49' title="bbox 39 2857 154 2862; baseline 0 0"><span class='ocrx_word' id='word_1_472' title='bbox 39 2857 154 2862; x_wconf 95' lang='lat' dir='ltr'> </span> 
     </span>
    </p>
   </div>
   <div class='ocr_carea' id='block_1_5' title="bbox 157 2857 365 2863">
    <p class='ocr_par' dir='ltr' id='par_1_7' title="bbox 157 2857 365 2863">
     <span class='ocr_line' id='line_1_50' title="bbox 157 2857 365 2863; baseline 0 0"><span class='ocrx_word' id='word_1_473' title='bbox 157 2857 365 2863; x_wconf 95' lang='lat' dir='ltr'> </span> 
     </span>
    </p>
   </div>
   <div class='ocr_carea' id='block_1_6' title="bbox 35 2887 1634 3060">
    <p class='ocr_par' dir='ltr' id='par_1_8' title="bbox 80 2887 1571 2930">
     <span class='ocr_line' id='line_1_51' title="bbox 80 2887 1571 2930; baseline 0 -10"><span class='ocrx_word' id='word_1_474' title='bbox 80 2891 150 2920; x_wconf 87' lang='lat'>106.</span> <span class='ocrx_word' id='word_1_475' title='bbox 176 2888 282 2928; x_wconf 88' lang='lat' dir='ltr'>paulo</span> <span class='ocrx_word' id='word_1_476' title='bbox 300 2887 478 2930; x_wconf 83' lang='lat' dir='ltr'>Latinior]</span> <span class='ocrx_word' id='word_1_477' title='bbox 503 2889 568 2920; x_wconf 87' lang='lat' dir='ltr'>See</span> <span class='ocrx_word' id='word_1_478' title='bbox 590 2889 676 2929; x_wconf 88' lang='lat' dir='ltr'>Epp.</span> <span class='ocrx_word' id='word_1_479' title='bbox 701 2899 795 2928; x_wconf 88' lang='lat'>1217.</span> <span class='ocrx_word' id='word_1_480' title='bbox 913 2899 984 2928; x_wconf 89' lang='lat'>127.</span> <span class='ocrx_word' id='word_1_481' title='bbox 1011 2888 1173 2929; x_wconf 83' lang='lat' dir='ltr'>arcanas]</span> <span class='ocrx_word' id='word_1_482' title='bbox 1190 2889 1243 2920; x_wconf 87' lang='lat' dir='ltr'>cf.</span> <span class='ocrx_word' id='word_1_483' title='bbox 1256 2889 1319 2929; x_wconf 88' lang='lat' dir='ltr'>Ep.</span> <span class='ocrx_word' id='word_1_484' title='bbox 1338 2899 1432 2928; x_wconf 84' lang='lat'>1143.</span> <span class='ocrx_word' id='word_1_485' title='bbox 1457 2899 1571 2928; x_wconf 83' lang='lat'>15—17.</span> 
     </span>
    </p>

    <p class='ocr_par' dir='ltr' id='par_1_9' title="bbox 35 2932 1634 3060">
     <span class='ocr_line' id='line_1_52' title="bbox 35 2932 1545 2973; baseline 0.001 -11"><span class='ocrx_word' id='word_1_486' title='bbox 35 2942 194 2972; x_wconf 85' lang='lat'>59,1225.</span> <span class='ocrx_word' id='word_1_487' title='bbox 212 2932 422 2971; x_wconf 76' lang='lat' dir='ltr'>108-92and</span> <span class='ocrx_word' id='word_1_488' title='bbox 433 2933 474 2962; x_wconf 85' lang='lat' dir='ltr'>cf.</span> <span class='ocrx_word' id='word_1_489' title='bbox 491 2932 554 2972; x_wconf 87' lang='lat' dir='ltr'>Ep.</span> <span class='ocrx_word' id='word_1_490' title='bbox 571 2942 664 2972; x_wconf 92' lang='lat'>1197.</span> <span class='ocrx_word' id='word_1_491' title='bbox 679 2933 794 2972; x_wconf 91' lang='lat'>18-19.</span> <span class='ocrx_word' id='word_1_492' title='bbox 912 2942 984 2971; x_wconf 90' lang='lat'>142.</span> <span class='ocrx_word' id='word_1_493' title='bbox 1010 2932 1129 2973; x_wconf 83' lang='lat' dir='ltr'>bonis]</span> <span class='ocrx_word' id='word_1_494' title='bbox 1155 2932 1206 2964; x_wconf 88' lang='lat' dir='ltr'>Cf.</span> <span class='ocrx_word' id='word_1_495' title='bbox 1227 2933 1291 2972; x_wconf 89' lang='lat' dir='ltr'>Ep.</span> <span class='ocrx_word' id='word_1_496' title='bbox 1313 2942 1406 2972; x_wconf 85' lang='lat'>1143.</span> <span class='ocrx_word' id='word_1_497' title='bbox 1432 2934 1545 2972; x_wconf 84' lang='lat'>17-18.</span> 
     </span>
     <span class='ocr_line' id='line_1_53' title="bbox 82 2975 1634 3016; baseline 0 -10"><span class='ocrx_word' id='word_1_498' title='bbox 82 2985 150 3008; x_wconf 84' lang='lat'>111.</span> <span class='ocrx_word' id='word_1_499' title='bbox 176 2975 342 3015; x_wconf 70' lang='lat' dir='ltr'>epistola]</span> <span class='ocrx_word' id='word_1_500' title='bbox 362 2976 424 3015; x_wconf 88' lang='lat' dir='ltr'>Ep.</span> <span class='ocrx_word' id='word_1_501' title='bbox 442 2976 518 3016; x_wconf 90' lang='lat'>980.</span> <span class='ocrx_word' id='word_1_502' title='bbox 915 2986 986 3016; x_wconf 83' lang='lat'>145.</span> <span class='ocrx_word' id='word_1_503' title='bbox 1014 2976 1142 3016; x_wconf 81' lang='lat' dir='ltr'>literis]</span> <span class='ocrx_word' id='word_1_504' title='bbox 1158 2976 1219 3016; x_wconf 83' lang='lat' dir='ltr'>Ep.</span> <span class='ocrx_word' id='word_1_505' title='bbox 1233 2986 1316 3016; x_wconf 85' lang='lat'>933:</span> <span class='ocrx_word' id='word_1_506' title='bbox 1333 2976 1452 3007; x_wconf 89' lang='lat' dir='ltr'>which</span> <span class='ocrx_word' id='word_1_507' title='bbox 1467 2976 1634 3007; x_wconf 72' lang='lat' dir='ltr'>Erasmus</span> 
     </span>
     <span class='ocr_line' id='line_1_54' title="bbox 81 3018 1335 3060; baseline 0.002 -10"><span class='ocrx_word' id='word_1_508' title='bbox 81 3029 151 3050; x_wconf 90' lang='lat'>112.</span> <span class='ocrx_word' id='word_1_509' title='bbox 177 3018 304 3060; x_wconf 81' lang='lat' dir='ltr'>altera]</span> <span class='ocrx_word' id='word_1_510' title='bbox 323 3019 387 3060; x_wconf 83' lang='lat' dir='ltr'>Ep.</span> <span class='ocrx_word' id='word_1_511' title='bbox 409 3029 503 3059; x_wconf 85' lang='lat'>1033.</span> <span class='ocrx_word' id='word_1_512' title='bbox 868 3020 1051 3051; x_wconf 64' lang='lat' dir='ltr'>answered</span> <span class='ocrx_word' id='word_1_513' title='bbox 1069 3020 1160 3051; x_wconf 81' lang='lat' dir='ltr'>with</span> <span class='ocrx_word' id='word_1_514' title='bbox 1177 3020 1242 3060; x_wconf 87' lang='lat' dir='ltr'>Ep.</span> <span class='ocrx_word' id='word_1_515' title='bbox 1259 3021 1335 3060; x_wconf 90' lang='lat'>980.</span> 
     </span>
    </p>
   </div>
   <div class='ocr_carea' id='block_1_7' title="bbox 771 3075 896 3114">
    <p class='ocr_par' dir='ltr' id='par_1_10' title="bbox 771 3075 896 3114">
     <span class='ocr_line' id='line_1_55' title="bbox 771 3075 896 3114; baseline 0 0"><span class='ocrx_word' id='word_1_516' title='bbox 771 3075 896 3114; x_wconf 85' lang='lat' dir='ltr'>Dd2</span> 
     </span>
    </p>
   </div>
  </div>
 </body>
</html>
