1990 3353
89 144 105 169 1
117 143 132 168 1
142 140 162 179 7
170 127 209 182 2]
487 129 557 168 TO
596 127 923 168 GODESCALC
963 106 1304 167 ROSEMONDT
1608 130 1687 168 419

85 253 182 279 rans
213 242 335 290 atque
369 239 541 277 interim
575 238 795 277 manifeste
829 239 1049 277 mentiens.
1109 238 1218 287 Quid
1248 238 1362 277 enim
1390 238 1496 277 istos
1524 240 1686 289 pudet?

85 294 167 333 Vbi
194 307 324 344 vsque
354 294 403 332 ad
433 306 553 332 suam
582 292 820 331 sacietatem
850 294 890 330 et
919 292 1110 331 omnium
1146 305 1344 331 nauseam
1374 292 1682 341 deblaterasset‚
1707 312 1722 342 5

84 348 256 388 tandem
275 360 416 387 scurra
433 348 590 386 facetus
608 346 732 385 iussit
753 348 917 385 orarent
936 347 1073 385 Deum
1094 360 1166 397 pro
1187 360 1266 395 me,
1285 349 1333 386 vt
1352 347 1575 397 aliquando
1596 361 1686 386 con-

84 405 268 441 uerterer
290 403 341 441 ad
367 402 583 440 meliorem
609 403 805 439 mentem.
865 401 979 439 Haec
1009 400 1091 439 nisi
1120 401 1268 440 fierent
1295 400 1362 439 vel
1391 402 1687 450 instigantibus

84 457 152 496 vel
165 456 485 495 conniuentibus
497 455 704 505 theologis
715 455 974 504 quibusdam,
984 468 1069 493 non
1082 455 1283 494 auderent
1296 456 1372 494 hac
1383 456 1447 495 vti
1455 456 1686 505 petulantia

84 513 129 550 in
158 511 385 550 Academia
412 512 498 548 tam
527 508 687 557 celebri,
720 509 846 559 idque
878 509 922 547 in
952 510 1079 548 sacris
1108 509 1380 548 concionibus
1409 513 1534 559 atque
1560 511 1686 549 etiam

85 565 175 604 sine
195 565 289 604 fine.
350 564 469 603 Nihil
488 565 671 603 admiror
689 563 789 602 haec
808 563 958 603 audere
978 563 1182 602 Iacobitas
1199 579 1208 611 3
1237 563 1341 602 illud
1371 564 1564 613 admiror,
1588 565 1687 603 haec

85 619 250 669 probari
278 619 414 657 ordini
443 618 684 667 theologico.
743 617 826 656 Ille
852 630 938 656 non
962 619 1125 667 poterat
1144 619 1251 656 ferre
1271 631 1397 657 vnam
1418 632 1561 658 vocem
1585 622 1688 657 ‘ma-

84 673 289 723 taeologi'
316 675 468 712 tortam
498 672 663 722 oblique
692 672 737 710 in
767 672 1121 722 Egmondanum:
1153 675 1195 711 et
1223 673 1322 711 haec
1352 673 1556 720 seditiosa,
1588 673 1689 712 haec

84 728 305 778 plusquam
335 726 524 766 scurrilia
552 726 771 776 patiuntur
798 726 939 777 aequis
967 726 1122 765 animis
1155 740 1211 772 ac,
1249 727 1295 764 ni
1327 727 1460 774 fallor,
1497 727 1683 766 incitant.

85 782 199 821 Haec
228 782 383 820 scilicet
411 781 566 831 placuit
594 780 678 819 illis
708 781 813 819 ratio
842 780 1091 819 conficiendi
1119 781 1356 819 Erasmum.
1418 781 1534 829 Quod
1556 782 1592 820 si
1614 795 1688 832 ego

85 836 237 886 pariter
257 849 352 875 cum
373 835 458 874 illis
477 835 717 883 insanirem,
739 848 881 874 nonne
900 835 1110 874 tumultus
1129 835 1318 885 egregius
1337 838 1573 874 nasceretur
1587 837 1608 875 ⁶?

139 890 220 929 Hic
253 890 422 928 animus
454 889 536 928 sibi
568 890 672 928 bene
703 889 892 928 conscius
927 892 968 928 et
999 889 1187 939 grauiora
1220 892 1358 939 potest
1391 891 1579 940 perpeti;
1617 891 1687 929 scd

84 945 255 983 interim
276 944 396 995 quale
417 946 480 983 est
500 944 577 982 hoc
597 944 835 994 exemplum
856 943 1112 994 petulantiae
1127 946 1148 983 ‘?
1181 945 1222 982 et
1243 957 1366 994 quem
1391 944 1550 983 exitum
1576 945 1689 983 habi·

83 1001 227 1038 turum
241 1000 261 1038 ⁶?
290 1001 332 1037 et
351 1011 476 1048 quam
501 998 710 1048 speciosus
733 998 799 1036 hic
819 1001 881 1037 est
902 999 1026 1037 ludus
1045 999 1123 1036 sub
1145 998 1303 1037 Christi
1330 998 1536 1037 natalem!
1594 999 1687 1037 Non

84 1056 171 1092 tam
200 1066 295 1092 sum
323 1053 495 1092 insanus
525 1055 570 1091 vt
599 1052 728 1092 velim
757 1065 853 1091 cum
883 1052 1221 1092 Praedicatorum
1250 1053 1403 1103 populo
1438 1053 1684 1103 depugnare.

85 1108 175 1159 Ego
209 1107 303 1146 illos
335 1107 476 1157 quales
507 1107 648 1157 quales
682 1110 792 1152 sunt,
826 1107 912 1145 Deo
946 1107 1188 1146 iudicandos
1221 1106 1421 1157 relinquo.
1491 1108 1580 1157 Ego
1615 1121 1688 1147 nec-

83 1162 383 1201 monachorum
404 1175 498 1200 sum
517 1161 664 1209 hostis,
682 1175 758 1200 nec
778 1161 1069 1212 theologorum
1086 1176 1094 1200 ε
1125 1161 1207 1200 nisi
1227 1161 1334 1200 forte
1350 1162 1687 1201 Christianorum

84 1216 275 1254 omnium
303 1215 436 1255 hostis
465 1218 536 1264 est,
559 1216 631 1266 qui
660 1216 703 1254 in
733 1215 903 1255 illorum
933 1216 1118 1254 moribus
1147 1217 1286 1267 aliqua
1314 1229 1398 1254 non
1427 1216 1584 1266 probet.
1644 1217 1688 1256 Si

85 1270 184 1321 quid
217 1270 341 1309 habet
371 1271 593 1309 aduersum
628 1283 694 1308 me
725 1270 971 1320 Theologica
1004 1271 1208 1318 Facultas‚
1243 1271 1477 1320 expostulet
1509 1284 1684 1310 mecum.

84 1327 289 1376 proponat
309 1325 404 1374 quid
424 1325 540 1363 velit.
601 1324 704 1363 Sum
724 1327 892 1375 paratus
913 1325 1083 1363 reddere
1103 1324 1305 1364 rationem
1326 1324 1560 1364 studiorum
1580 1339 1687 1363 meo-

85 1393 179 1418 rum
206 1379 400 1417 omnibus
425 1379 574 1418 sobriis
594 1393 603 1426 ;
637 1392 736 1418 nam
757 1393 853 1422 cum
873 1379 1146 1430 Egmondano
1167 1378 1356 1430 colloqui,
1381 1392 1465 1417 non
1487 1382 1548 1418 est
1569 1380 1688 1418 collo-

85 1434 166 1484 qui.
225 1435 331 1474 Vere
362 1433 467 1472 dixit
497 1433 653 1471 Mimus
680 1433 764 1481 ille,
789 1434 894 1473 Cum
925 1434 1093 1472 absente
1122 1434 1318 1483 loquitur,
1347 1434 1418 1483 qui
1447 1447 1543 1472 cum
1573 1434 1688 1473 ebrio

84 1487 244 1538 litigat:
274 1487 345 1526 sed
368 1489 504 1526 multo
524 1489 656 1536 magis
676 1488 748 1538 qui
769 1501 863 1527 cum
883 1487 1036 1527 furioso
1056 1488 1205 1538 litigat.
1248 1488 1474 1527 Tumultus
1493 1488 1561 1526 hic
1582 1501 1688 1527 scur-

84 1543 174 1581 rilis
195 1541 386 1592 displicet
406 1542 530 1580 etiam
549 1542 691 1590 laicis3
721 1556 802 1592 quo
824 1543 964 1581 minus
983 1541 1181 1581 addubito
1203 1543 1304 1592 quin
1325 1542 1541 1592 displiceat
1562 1543 1687 1581 etiam

85 1597 162 1635 tibi
186 1596 277 1635 viro
306 1596 476 1646 optimo.
536 1596 615 1635 Sed
645 1599 717 1635 tua
746 1596 896 1636 lenitas
925 1596 970 1635 in
999 1610 1077 1644 me,
1100 1597 1186 1635 imo
1215 1598 1260 1634 in
1289 1597 1396 1636 hanc
1425 1598 1556 1635 totam
1587 1600 1687 1636 Aca·

86 1651 277 1698 demiam,
314 1650 538 1690 crudelitas
575 1653 648 1689 est.
720 1651 822 1690 Eius
861 1651 1045 1690 officium
1083 1655 1170 1690 erat
1199 1651 1267 1690 vel
1305 1665 1374 1690 me
1412 1653 1572 1690 tacente
1610 1651 1687 1690 toti
1709 1666 1725 1695 3

86 1705 351 1754 monasterio,
375 1705 461 1744 imo
481 1705 842 1745 concionatoribus
862 1705 1057 1744 omnibus
1076 1719 1100 1744 a
1120 1705 1194 1745 tali
1213 1705 1445 1756 petulantia
1470 1706 1688 1745 silentium

85 1759 277 1798 indicere.
336 1760 457 1798 Alter
475 1760 632 1798 vetitus
654 1762 742 1798 erat
768 1760 845 1799 sub
875 1760 1020 1810 poenis
1049 1759 1320 1810 grauissimis.
1381 1760 1482 1809 Quis
1503 1774 1687 1811 vnquam

85 1814 221 1864 exegit
241 1813 308 1852 vel
327 1813 549 1853 minimam
562 1816 583 1853 ⁶?
639 1813 753 1854 Haec
773 1815 872 1865 quid
893 1814 973 1853 sibi
991 1815 1126 1853 velint
1145 1815 1391 1864 intelligunt
1410 1817 1451 1853 et
1471 1816 1599 1865 pueri.

139 1868 319 1907 Posthac
340 1882 425 1907 non
446 1882 514 1907 ero
534 1871 630 1907 tuae
649 1868 981 1919 magnificentiae
1006 1869 1219 1916 molestus,
1243 1882 1362 1918 spero
1383 1870 1424 1907 te
1442 1870 1686 1908 functurum

86 1923 218 1961 officio
245 1925 348 1970 tu03
378 1923 443 1961 sin
471 1922 626 1970 minus,
658 1923 765 1962 mihi
793 1926 856 1962 est
885 1924 1051 1962 animus
1081 1924 1152 1974 qui
1180 1924 1259 1962 ista
1292 1923 1405 1962 flocci
1436 1937 1519 1962 non
1550 1924 1684 1962 faciat.

87 1977 204 2026 Quod
235 1977 271 2016 si
300 1977 399 2027 quid
430 1977 640 2016 tumultus
669 1978 863 2027 extiterit,
886 1978 1165 2028 imputabitur
1191 1977 1241 2016 iis
1266 1977 1339 2027 qui
1359 1978 1425 2016 vel
1455 1978 1689 2017 dissimula-

86 2034 197 2079 runt,
221 2031 288 2070 vel
315 2032 511 2070 fauerunt
529 2032 721 2071 exordiis.
780 2032 843 2070 Tu
864 2036 974 2071 certe
995 2033 1261 2071 dissimulare
1281 2045 1366 2070 non
1386 2034 1514 2083 potes.
1574 2033 1689 2070 Bene

86 2086 191 2134 vale,
212 2086 430 2136 magnifiee
458 2087 509 2125 D.
532 2086 695 2136 Rector,
717 2089 758 2125 et
778 2087 815 2125 si
834 2087 934 2137 quid
962 2100 1028 2125 me
1056 2087 1188 2125 facere
1208 2086 1331 2134 voles,
1358 2086 1516 2136 impera
1534 2101 1543 2133 ;
1573 2100 1688 2136 expe·

86 2140 204 2179 rieris
222 2139 658 2190 obsequentissimum.
718 2141 903 2190 Louanii,
928 2153 1088 2180 M.D.xx.

127 2260 158 2290 8.
188 2259 314 2290 hacF:
341 2262 415 2291 tam
428 2259 572 2290 scurrili
585 2262 628 2290 Η.
725 2271 772 2291 10.
802 2261 1038 2291 IacobitasF:
1057 2261 1313 2291 Dominicanos
1331 2263 1374 2292 H.
1440 2270 1489 2300 19.
1509 2260 1692 2292 Praedica-

87 2306 205 2334 torum
222 2306 268 2335 F:
295 2304 612 2334 Dominicanorum
630 2306 672 2334 H.
797 2315 847 2335 20.
876 2305 948 2344 Ego
965 2309 1035 2335 aare
1052 2304 1135 2335 illos
1153 2314 1210 2334 om.
1231 2307 1274 2334 H.
1427 2314 1480 2335 22.
1506 2304 1631 2344 probat-
1648 2307 1689 2336 H.

87 2347 140 2378 26.
165 2357 245 2378 cum
264 2347 360 2378 ebrio
376 2347 438 2387 qui
456 2350 498 2379 H.
734 2357 786 2387 33.
814 2349 1008 2378 minimum
1027 2351 1068 2378 N.
1297 2349 1350 2386 36.
1376 2348 1464 2386 quid
1480 2351 1524 2378 F:
1550 2349 1630 2387 quis
1648 2351 1689 2379 II.

87 2391 411 2422 dissimulauerunt
428 2393 467 2421 H.
606 2391 658 2429 38.
686 2391 727 2422 D.
747 2402 804 2422 om.
820 2395 862 2423 H.
998 2402 1049 2432 39.
1077 2392 1240 2429 Louanii,
1258 2401 1383 2423 M.D.xx
1399 2394 1474 2422 add.
1492 2394 1533 2423 H.

135 2531 182 2553 11.
210 2521 434 2563 mataeologi]
449 2522 499 2553 Cf.
521 2522 582 2561 Ep.
604 2532 695 2561 1173.
715 2532 850 2561 112-13.
968 2533 1020 2562 32.
1047 2523 1182 2553 vetitus
1198 2522 1290 2564 erat]
1313 2523 1379 2553 For
1401 2523 1464 2554 the
1487 2525 1690 2563 temporary

89 2566 258 2596 Erasmus
282 2565 483 2605 habitually
507 2574 587 2596 uses
611 2567 673 2596 the
697 2566 794 2596 word
818 2576 854 2596 as
926 2567 1101 2606 silencing
1118 2567 1155 2596 of
1170 2567 1385 2597 Laurentius
1402 2567 1439 2607 (l.
1456 2569 1516 2607 311)
1535 2570 1576 2598 cf.
1598 2568 1684 2607 Epp.

88 2620 131 2640 an
150 2609 329 2649 insulting
344 2609 549 2649 corruption
564 2610 601 2640 of
616 2611 623 2626 ‘
637 2609 851 2649 theologus’.
929 2612 1020 2648 1164.
1039 2621 1068 2649 2,
1091 2611 1182 2640 1166.
1201 2611 1296 2649 28-9,
1315 2619 1406 2649 1173.
1430 2620 1499 2650 105.
1548 2611 1583 2642 It
1611 2621 1691 2651 pro-

132 2662 185 2692 25.
221 2662 300 2683 cum
334 2652 566 2693 Egmondano
597 2653 765 2694 colloqui]
799 2654 850 2685 Cf.
925 2654 1054 2684 ceeded
1069 2655 1159 2684 from
1173 2654 1362 2694 Alcande1·‚
1377 2654 1458 2684 who
1475 2655 1576 2685 acted
1594 2664 1688 2695 upon

90 2697 152 2736 Ep.
174 2697 266 2727 1162.
924 2698 1127 2737 suggestion
1169 2699 1258 2727 from
1296 2698 1466 2728 Erasmus
1481 2709 1487 2728 :
1534 2708 1589 2729 sce
1629 2699 1690 2729 tm·

133 2742 183 2770 26.
211 2739 359 2779 Mimus]
407 2739 459 2771 Cf.
506 2739 605 2772 Publ.
648 2740 723 2779 Syr.
767 2743 850 2772 Son&
924 2744 1061 2779 Spongia
1075 2741 1160 2781 (LB.
1175 2751 1205 2771 x.
1224 2742 1335 2779 16460
1355 2757 1380 2767 =
1400 2742 1477 2772 HE.
1490 2752 1563 2781 333.
1580 2744 1594 2779 ξ
1614 2750 1685 2780 142,v

89 2785 130 2815 Α.
152 2794 197 2813 12.
924 2785 993 2815 and
1014 2785 1098 2824 Epp.
1123 2786 1212 2823 1581,
1236 2785 1327 2824 1582.

830 3079 939 3105 1:02

1709 583 1749 604 10

1709 1125 1749 1148 20

1711 1938 1752 1969 35
