1990 3353
118 78 239 132 1196]
538 79 608 118 TO
646 79 898 119 VINCENT
936 79 1289 119 THEODORICI
1633 80 1711 118 471

113 203 250 228 mores
279 203 363 228 non
392 203 466 239 per
495 188 635 227 omnia
664 189 912 238 respondere
940 190 1096 234 cultui;
1136 191 1243 239 quod
1275 203 1408 239 nuper
1439 191 1715 229 summatibus

108 247 238 293 atque
272 243 442 293 optimis
476 242 578 281 viris
611 243 808 280 accidisse
843 243 985 281 notius
1017 246 1081 283 est
1113 257 1238 293 quam
1271 246 1318 283 vt
1352 245 1407 282 sit
1437 245 1712 284 referendum.

113 297 227 336 Illud
249 298 388 344 fateor,
412 298 613 335 admoneo
634 297 736 334 locis
759 297 919 345 aliquot
946 298 1166 337 minimam
1196 298 1411 348 religionis
1439 301 1599 348 partem
1630 312 1717 337 esse

111 351 157 390 in
188 352 303 398 cibis,
330 353 441 390 cultu
473 354 548 389 aut
576 350 785 389 similibus
814 352 1072 399 ceremoniis,
1099 365 1309 390 summam
1339 365 1428 390 esse
1457 352 1501 390 in
1531 354 1716 402 purgatis
1736 367 1797 399 325

111 406 327 445 affectibus
366 409 407 444 et
445 405 588 444 officiis
625 405 848 443 charitatis.
928 405 1252 444 Sanctissimum
1295 420 1382 445 esse
1422 410 1567 445 votum
1607 408 1715 456 quod

111 461 277 499 Christo
299 460 495 499 vouimus
519 460 564 497 in
589 459 821 509 baptismo;
852 459 929 498 hoc
956 473 1043 498 esse
1072 460 1252 498 maxime
1281 461 1577 510 praestandum
1607 462 1716 510 quod

107 514 293 564 exigItur
325 515 376 552 ab
410 514 616 552 omnibus.
677 513 769 551 Hoc
803 514 872 562 qui
907 516 1095 562 praestet,
1130 527 1216 553 non
1248 528 1335 553 esse
1365 528 1612 565 magnopere
1645 529 1718 554 cur

108 569 236 606 aliam
267 568 470 607 desideret
498 567 815 618 professionem.

164 623 380 661 Admonui
417 623 590 660 iuuenes
628 635 681 660 ne
719 635 763 661 se
801 625 956 660 temere
993 622 1216 661 coniiciant
1254 623 1298 661 in
1332 623 1573 662 huiusmodi
1606 625 1716 662 vitae
1735 635 1798 666 350

109 676 409 727 labyrinthum,
440 677 684 726 priusquam
717 680 758 714 et
792 677 874 714 sibi
907 677 997 715 noti
1031 677 1116 714 sint
1149 679 1191 715 et
1224 677 1462 727 intelligant
1492 678 1642 728 quibus
1672 678 1716 716 in

110 731 235 770 rebus
263 731 343 769 sita
371 731 427 769 sit
457 744 554 769 vera
581 730 739 780 religio.
800 731 1010 769 Damnaui
1039 744 1108 769 eos
1139 732 1210 780 qui
1243 730 1494 770 circumeant
1526 745 1640 770 mare
1673 735 1714 770 et

109 786 279 833 aridam,
311 788 357 823 vt
389 798 492 835 quos
524 785 687 834 possint
719 785 918 832 irretiant,
951 786 1018 823 vel
1050 786 1102 823 ob
1136 788 1366 836 quaestum,
1398 786 1465 824 vel
1501 786 1553 824 ob
1586 787 1715 825 ambi·

107 840 280 885 tionem,
302 840 370 878 vel
389 839 514 878 aliam
534 839 717 889 aliquam
737 840 788 878 ob
809 853 973 878 causam
993 839 1061 878 his
1081 839 1210 878 etiam
1231 839 1543 878 sceleratiorem.
1596 841 1714 888 Quod

109 894 146 932 si
168 894 261 944 quis
281 894 524 932 huiusmodi
543 894 716 931 monitis
736 894 870 932 factus
890 894 1224 942 circumspectior
1243 894 1444 932 abstinuit
1464 894 1515 933 ad
1533 896 1711 944 tempus,
1736 907 1796 939 335

108 951 155 986 vt
183 948 363 998 ingenue
392 948 534 995 fateor,
564 948 671 986 nihil
700 961 767 986 me
796 948 992 998 poe-nitet.
1055 949 1097 987 Si
1127 962 1251 998 quem
1280 962 1372 986 mea
1401 949 1556 998 scripta
1585 950 1716 987 reddi-

104 1003 270 1041 dissent
289 1002 531 1042 alieniorem
553 1016 576 1040 a
598 1002 777 1050 Christo,
795 1003 990 1049 dolerem,
1007 1006 1055 1041 vt
1069 1016 1165 1042 vere
1184 1003 1329 1046 fateor,
1347 1003 1711 1047 inconsolabiliter,

109 1070 155 1095 ac
175 1070 288 1095 meos
307 1056 396 1106 ipse
415 1057 544 1095 libros
564 1056 753 1095 odissem.
804 1058 1019 1096 Caeterum
1042 1058 1079 1096 si
1098 1057 1190 1107 quis
1209 1058 1414 1096 abstinuit
1435 1058 1485 1096 ab
1505 1057 1715 1102 instituto,

107 1111 226 1149 cuius
251 1112 437 1160 suscepti
463 1124 561 1149 mox
589 1111 875 1160 poenituisset,
905 1125 989 1150 non
1016 1115 1079 1150 est
1109 1112 1218 1161 quod
1247 1112 1430 1150 doleam:
1461 1114 1585 1162 atque
1613 1112 1714 1150 haec

108 1168 295 1204 vestrum
315 1168 403 1204 erat
422 1166 639 1213 inculcare,
664 1179 766 1215 quae
787 1179 863 1204 nos
886 1167 1194 1205 admonuimus.
1256 1166 1366 1204 Nam
1392 1166 1428 1204 si
1454 1167 1571 1215 probi
1599 1167 1710 1214 estis,
1732 1179 1798 1209 340

108 1220 327 1268 mauultis,
354 1220 512 1269 opinor,
546 1221 774 1269 pauciores,
806 1221 933 1258 modo
963 1234 1056 1259 vere
1089 1221 1192 1270 pios,
1225 1233 1350 1270 quam
1377 1222 1531 1259 multos
1558 1221 1714 1270 quales-

105 1287 295 1324 cunque:
337 1274 445 1312 nihil
475 1274 590 1312 enim
617 1274 751 1313 dicam
777 1274 892 1313 aliud
921 1276 966 1313 in
994 1276 1236 1324 praesentia.
1296 1275 1406 1313 Malo
1435 1275 1576 1313 decem
1607 1275 1714 1314 bene

107 1328 360 1367 abstinuisse
381 1329 432 1367 ob
455 1328 616 1367 monita
642 1342 734 1368 mea
759 1342 883 1379 quam
903 1342 1036 1368 vnum
1064 1329 1174 1368 male
1201 1330 1409 1367 irretitum
1436 1329 1562 1368 fuisse
1590 1343 1714 1379 opera

106 1396 212 1421 mea.
257 1383 375 1431 Quod
396 1383 432 1422 si
452 1383 548 1421 haec
571 1383 858 1421 occinerentur
877 1383 1085 1431 omnibus,
1104 1384 1278 1422 fortasse
1294 1384 1507 1433 pauciores
1523 1385 1714 1422 extarent

104 1438 179 1488 qui
202 1438 289 1475 suis
314 1437 503 1476 moribus
528 1437 846 1476 dehonestarent
871 1438 1171 1487 professionem
1196 1451 1341 1485 suam;
1371 1451 1446 1476 nec
1472 1438 1712 1477 audiremus
1734 1444 1794 1476 345

105 1492 263 1542 passim
282 1494 370 1530 tam
390 1492 550 1530 multos
570 1492 725 1530 frustra
747 1492 1010 1541 deplorantes
1037 1506 1080 1530 se
1106 1492 1286 1542 capistro
1313 1492 1548 1542 praebuisse
1575 1496 1707 1541 caput.

108 1546 299 1585 Fortasse
325 1559 376 1584 ne
405 1548 451 1584 tu
481 1546 650 1596 quidem
679 1545 802 1584 istius
831 1546 988 1585 ordinis
1017 1560 1137 1593 esses,
1165 1547 1236 1584 sed
1267 1560 1340 1596 pro
1370 1546 1489 1585 libris
1517 1550 1712 1585 tractares

102 1601 257 1639 stiuam
277 1603 350 1639 aut
369 1600 483 1639 aliud
504 1600 719 1650 quippiam
739 1601 880 1650 aptius
897 1602 1066 1651 ingenio
1086 1601 1325 1650 corporique
1346 1603 1429 1639 tuo.

162 1655 278 1703 Quod
309 1655 345 1693 si
371 1654 523 1704 cupitis
555 1667 679 1705 quam
708 1655 913 1704 plurimos
942 1656 987 1693 in
1016 1669 1182 1705 gregem
1205 1658 1393 1694 vestrum
1421 1655 1597 1703 allicere,
1620 1656 1712 1694 date

106 1722 271 1759 operam
305 1712 350 1748 vt
383 1709 582 1756 incessus,
615 1711 662 1747 vt
696 1710 815 1758 oculi,
847 1713 892 1748 vt
927 1723 1077 1757 sermo,
1111 1713 1156 1748 vt
1191 1723 1337 1757 mores,
1372 1711 1416 1748 vt
1449 1710 1558 1748 facta
1590 1723 1712 1748 verae
1730 1718 1795 1751 350

105 1764 317 1814 religionis
335 1764 489 1802 indicia
507 1777 604 1814 prae
624 1777 667 1801 se
687 1765 833 1802 ferant.
877 1765 1112 1803 Audiamus
1130 1765 1286 1814 passim
1302 1765 1490 1814 exempla
1505 1765 1711 1814 quomodo

104 1819 151 1856 in
173 1819 322 1856 mediis
347 1818 506 1856 deliciis
531 1818 666 1856 sobrie
686 1831 759 1856 vos
784 1819 1008 1868 gesseritis,
1030 1819 1238 1868 quomodo
1257 1818 1516 1868 voluptatem
1543 1819 1709 1857 obuiam

105 1873 269 1911 fortiter
287 1873 542 1922 spreueritis,
563 1873 772 1922 quomodo
792 1873 908 1911 lucro
929 1873 1251 1923 posthabueritis
1271 1873 1481 1923 pietatem,
1505 1875 1709 1922 quomodo

105 1930 268 1966 vestrae
303 1927 457 1976 gloriae
490 1927 771 1976 praetuleritis
809 1928 985 1977 gloriam
1020 1927 1189 1974 Christi,
1228 1927 1435 1977 quomodo
1473 1928 1710 1967 Christiana

105 1982 274 2020 lenitate
304 1981 564 2030 pertuleritis
591 1981 801 2029 iniuriam,
834 1983 1040 2031 quomodo
1070 1982 1178 2019 male
1207 1984 1439 2020 merentem
1470 1981 1612 2020 officiis
1643 1982 1708 2020 ob·
1729 1990 1791 2023 355

104 2036 285 2084 rueritis,
304 2036 511 2085 quomodo
525 2049 598 2085 pro
611 2036 784 2074 veritate
799 2037 953 2074 tuenda
974 2036 1157 2074 diuitum
1179 2049 1224 2073 ac
1245 2036 1482 2086 principum
1502 2036 1710 2074 simultati

104 2103 179 2128 vos
217 2089 500 2140 exposueritis.
579 2090 684 2128 Date
722 2103 889 2140 operam
928 2094 974 2128 vt
1013 2091 1200 2140 quisquis
1239 2090 1454 2128 miscuerit
1492 2091 1709 2129 vobiscum

104 2158 352 2193 sermonem,
385 2145 534 2183 melior
565 2144 749 2183 discedat
782 2158 805 2183 a
838 2145 1069 2195 colloquio3
1108 2145 1298 2194 quisquis
1327 2144 1544 2182 vobiscum
1580 2146 1708 2194 egerit

102 2199 361 2247 conuiuium,
401 2198 638 2237 sobrietatis
675 2199 914 2248 exemplum
954 2200 1135 2244 auferat;
1183 2205 1228 2237 vt
1266 2199 1454 2248 quisquis
1490 2199 1706 2238 vobiscum

101 2253 260 2303 aliquid
300 2254 583 2292 humanorum
620 2253 884 2302 negociorum
924 2254 1175 2299 tractauerit,
1212 2254 1363 2291 sentiat
1400 2266 1476 2291 vos
1513 2254 1707 2292 meliores
1726 2253 1791 2295 360

106 2309 269 2357 populo,
284 2308 424 2346 minus
443 2307 600 2355 auidos,
620 2308 761 2346 minus
781 2321 979 2354 morosos,
997 2309 1138 2346 minus
1159 2310 1328 2354 fucatos,
1352 2308 1489 2345 minus
1510 2308 1702 2357 perfidos,

105 2362 295 2411 Denique
313 2362 464 2412 vbique
484 2364 709 2411 agnoscant
731 2362 1026 2412 Euangelicam
1046 2362 1164 2400 illam
1185 2362 1509 2412 simplicitatem,
1523 2362 1567 2399 in
1587 2363 1706 2401 factis

104 2417 256 2466 pariter
276 2428 321 2453 ac
341 2416 462 2455 dictis
481 2416 642 2454 vestris.

159 2471 280 2508 Nunc
301 2484 384 2508 non
403 2470 505 2509 libet
523 2471 673 2508 referre
694 2484 818 2520 quam
839 2471 906 2509 his
925 2470 1089 2509 diuersa
1110 2471 1160 2509 de
1176 2470 1294 2508 vobis
1313 2471 1439 2519 vulgo
1460 2484 1705 2509 commemo-

105 2529 260 2563 rentur.
320 2525 460 2574 Atque
480 2525 580 2562 haec
600 2525 747 2563 coelari
774 2528 976 2574 poterant,
1002 2525 1082 2562 nisi
1109 2525 1277 2575 quidam
1304 2526 1459 2574 seipsos
1486 2526 1705 2574 proderent
1725 2525 1786 2566 365

104 2580 149 2617 in
170 2579 349 2629 publicis
372 2578 652 2617 concionibus.
711 2581 782 2617 An
809 2580 964 2628 putatis
990 2580 1142 2629 populo
1170 2592 1253 2617 non
1284 2592 1372 2617 esse
1401 2592 1570 2617 sensum
1599 2593 1705 2617 com-

105 2634 312 2671 munem?
368 2636 438 2671 An
466 2634 684 2671 vniuersos
715 2647 736 2670 e
767 2636 839 2671 tuo
870 2634 1012 2683 tuique
1042 2634 1245 2671 similium
1279 2634 1474 2671 aestimas
1505 2633 1706 2683 ingenio?

104 2688 222 2737 Sapit
260 2690 302 2726 et
335 2687 486 2736 vulgus
520 2687 703 2736 ingeniO,
732 2689 841 2736 sapit
875 2687 1126 2737 experientia
1162 2701 1311 2729 rerum,
1345 2689 1451 2737 sapit
1485 2701 1702 2737 congressu

102 2743 320 2780 doctorum
352 2742 586 2788 hominum,
619 2741 727 2791 sapit
761 2742 938 2780 lectione
971 2742 1248 2780 voluminum.
1306 2742 1414 2790 Quid
1450 2742 1608 2791 putatis
1641 2742 1703 2780 illi

498 2834 572 2872 338.
596 2833 638 2864 ab
656 2844 712 2864 om.
730 2836 772 2865 H.
1037 2844 1112 2873 359·
1138 2838 1175 2865 vt
1192 2844 1250 2865 om.
1269 2835 1310 2866 N.

108 2903 183 2907 ἱ
195 2902 246 2905 ᾧ.
497 2930 572 2959 324.
598 2921 684 2951 locis
701 2921 849 2960 aliquot]
866 2932 894 2952 e.
909 2932 940 2961 g.
954 2922 991 2951 in
1011 2921 1073 2960 Ep.
1090 2920 1164 2959 858.
1181 2929 1245 2958 330
1257 2930 1328 2959 seq.

495 2974 570 3004 330.
595 2965 791 3004 Admonui]
809 2966 861 2996 Cf.
883 2966 944 3005 Ep.
970 2965 1061 3003 1183.
1086 2973 1184 2995 12211.
