1990 3353
82 154 203 208 1053]
577 156 648 196 ΤΟ
686 157 922 196 THOMAS
960 157 1179 196 LUPSET
1603 162 1682 200 147

77 266 284 317 attigisset
303 266 480 305 Graecas
499 266 653 312 literas,
677 269 750 305 aut
771 267 998 316 suspicarer
1016 266 1208 304 futurum
1228 266 1355 305 etiam
1373 269 1420 305 vt
1444 268 1678 317 attingeret.

79 320 176 359 Non
208 334 302 359 sum
336 323 423 359 tam
457 322 678 370 impudens
701 322 748 360 vt
773 321 933 359 factum
962 320 1192 369 improbem
1222 321 1273 359 ad
1297 320 1407 370 quod
1432 323 1677 372 prouocaui:

78 375 191 413 viam
209 375 462 425 modumque
481 375 581 413 facti
601 375 759 423 nullus,
781 375 938 425 opinor,
962 374 1156 413 cordatus
1181 377 1254 413 aut
1277 375 1418 425 grauis
1441 376 1568 414 homo
1594 389 1680 426 pro·
1702 392 1762 424 295

77 429 253 468 baturus
271 432 344 478 est,
367 429 533 479 quando
553 442 629 467 nec
649 429 715 467 illi
733 429 850 468 visus
869 431 932 467 est
946 428 1024 467 hac
1035 428 1079 466 in
1095 430 1210 478 parte
1223 430 1331 468 Leus
1343 442 1522 480 aequum
1537 431 1681 477 facere,

79 483 146 521 cui
183 483 293 521 nihil
331 497 415 522 non
453 497 631 534 aequum
670 483 803 522 videri
839 482 946 521 solet
977 483 1087 532 quod
1118 483 1240 522 bonis
1269 483 1401 522 literis
1433 486 1474 523 et
1508 485 1682 524 Erasmo

78 537 330 577 aduersetur.

135 592 252 640 Quod
265 593 301 630 si
317 594 472 630 rectam
487 592 694 630 rationem
706 591 924 630 maluisset
935 591 1130 630 adhibere
1142 591 1187 629 in
1200 592 1424 631 consilium
1438 606 1563 643 quam
1576 593 1682 632 iram

78 648 150 684 aut
165 646 309 685 odium
321 648 393 685 aut
404 646 582 684 liuor-em
597 648 669 684 aut
681 645 954 685 ambitionem
967 648 1040 684 aut
1054 646 1186 684 alium
1198 646 1264 684 his
1277 647 1460 686 similem
1473 648 1678 695 affectum,
1703 664 1766 696 300

79 714 215 750 neque
246 714 313 738 me
346 700 535 739 laesisset
567 701 649 738 dux
682 703 724 739 et
754 713 956 750 organum
984 701 1119 738 factus
1151 701 1432 751 sycophantis,
1467 702 1539 752 qui
1571 715 1684 740 nunc

79 755 217 793 nescio
237 768 317 805 quo
338 755 454 793 fatali
475 755 621 805 sydere
639 757 824 805 regnant,
848 757 889 793 et
908 754 990 793 sibi
1009 754 1186 804 gloriam
1205 755 1442 805 peperisset,
1460 759 1507 795 vt
1525 756 1683 795 vberio-

79 823 183 856 rem,
203 809 262 847 ita
280 809 405 848 etiam
425 810 642 848 veriorem.

134 864 327 902 Primum
346 864 471 911 enim,
494 877 590 902 cum
608 863 904 902 difficillimum
924 863 980 901 sit
1004 864 1209 912 prodesse,
1234 863 1395 903 laedere
1417 864 1680 912 facillimum,

80 918 132 956 ab
150 917 225 956 illo
244 918 384 967 potius
404 931 530 968 quam
550 918 601 956 ab
621 919 699 956 hoc
719 918 894 956 debebat
914 917 1087 968 parandi
1106 918 1292 956 nominis
1311 920 1485 968 auguria
1504 933 1680 958 sumere.
1704 936 1766 968 305

80 971 202 1010 Nunc
231 985 327 1010 cum
356 973 498 1011 audito
528 972 603 1011 Lei
632 973 813 1016 nomine,
845 972 1022 1010 antehac
1050 973 1232 1020 obscuro,
1266 973 1471 1023 rogabunt
1500 974 1685 1024 hospites

85 1028 93 1045 ‘
108 1027 217 1075 Quid
236 1027 419 1065 hominis
434 1030 498 1065 est
513 1027 621 1065 Leus
636 1027 758 1066 iste‘?'
803 1027 1139 1089 Respondebitur
1159 1027 1219 1065 ‘Is
1232 1028 1302 1076 qui
1317 1028 1478 1076 primus
1492 1028 1684 1067 omnium

80 1081 220 1119 extitit
249 1081 615 1120 Erasmomastix’.
675 1081 733 1119 Vt
766 1081 1033 1130 ingeniosius,
1066 1082 1124 1120 ita
1152 1081 1416 1131 plausibilius
1439 1085 1501 1121 est
1525 1096 1684 1121 nouum

81 1135 249 1185 aliquod
269 1149 373 1186 opus
393 1136 561 1186 gignere
579 1148 703 1186 quam
726 1136 769 1173 in
790 1136 939 1174 alienis
959 1136 1077 1174 libris
1103 1135 1370 1198 ingeniosum
1394 1150 1441 1175 ac
1469 1137 1685 1176 doctulum

81 1189 188 1229 velle
206 1190 363 1229 videri:
393 1190 640 1240 praeclarius
660 1192 722 1228 est
740 1192 929 1229 autorem
944 1203 1032 1228 esse
1048 1190 1148 1228 noui
1163 1190 1393 1240 cuiuspiam
1409 1192 1544 1241 operis
1559 1205 1685 1242 quam
1705 1208 1768 1238 310

82 1244 127 1282 in
153 1244 302 1283 alienis
325 1245 517 1294 operibus
548 1244 737 1283 Momum
767 1245 976 1294 quendam
1005 1258 1135 1294 agele,
1166 1245 1332 1284 etiamsi
1360 1246 1526 1284 Momus
1553 1259 1686 1296 repre-

81 1298 230 1337 hendit
268 1299 481 1343 duntaxat,
520 1312 603 1337 non
641 1300 768 1338 etiam
806 1299 1094 1345 calumniatur,
1127 1299 1232 1338 liber
1262 1300 1403 1338 verius
1437 1314 1562 1350 quam
1593 1314 1685 1339 con-

21 1366 25 1372 ·
81 1353 340 1391 tumeliosus.
399 1354 503 1402 Quis
519 1356 660 1392 autem
679 1354 783 1392 ferat
795 1367 891 1391 eum
906 1353 1138 1401 conuiuam,
1154 1354 1226 1403 qui
1240 1354 1286 1392 in
1300 1354 1420 1404 epulo
1436 1355 1685 1393 accumbens

83 1421 235 1458 magna
254 1421 352 1446 cura
371 1408 569 1457 grauique
588 1411 760 1457 sumptu
780 1410 976 1458 apparato
997 1408 1234 1446 dissimulet
1254 1409 1289 1446 si
1310 1409 1409 1458 quid
1430 1409 1596 1448 lautum
1616 1410 1680 1455 sit,

83 1475 129 1500 ac
151 1465 318 1500 tantum
343 1462 572 1512 degustatis
601 1462 797 1501 omnibus
826 1463 996 1500 damnet
1025 1464 1066 1500 et-
1095 1463 1314 1512 exprobret
1343 1464 1617 1510 conuiuatori,
1649 1464 1684 1502 si
1706 1478 1740 1507 31
1749 1478 1767 1508 5

84 1516 183 1566 quid
204 1516 522 1566 deprehenderit
543 1517 652 1566 quod
672 1530 820 1566 parum
840 1516 976 1565 palato
996 1517 1276 1566 respondeat?
1332 1517 1497 1566 Quanto
1517 1518 1684 1556 ciuilius

83 1571 138 1609 sit
156 1571 467 1609 conuiuatorem
488 1571 611 1609 illum
628 1571 812 1609 vicissim
828 1571 943 1609 domi
957 1573 1052 1609 tuae
1068 1571 1316 1610 lautioribus
1331 1572 1465 1621 epulis
1479 1573 1660 1622 accipere
1677 1574 1685 1611 Σ

138 1625 321 1664 Proinde
340 1625 377 1663 si
397 1639 484 1664 rem
504 1627 697 1674 ingenue,
722 1626 758 1663 si
778 1624 1016 1664 Christiana
1035 1626 1209 1664 lenitate
1228 1627 1432 1675 gessisset,
1454 1639 1578 1665 nemo
1597 1641 1686 1677 pro-

85 1680 165 1718 bus
185 1693 271 1718 non
291 1680 505 1730 probasset
526 1680 713 1718 hominis
741 1680 1004 1718 industriam.
1064 1679 1252 1730 Egissem
1282 1684 1323 1719 et
1351 1681 1439 1730 ipse
1464 1682 1620 1731 gratias
1641 1695 1687 1720 ac

85 1734 277 1782 laudibus
302 1734 613 1784 applausissem.
674 1735 764 1773 Iam
795 1734 830 1772 si
860 1733 927 1772 vel
957 1735 1115 1783 ingenii
1143 1735 1207 1773 vis
1235 1736 1298 1773 vel
1324 1736 1470 1774 aetatis
1498 1736 1610 1774 calor
1635 1737 1682 1774 ad
1708 1750 1771 1779 320

83 1788 242 1827 bellum
262 1790 472 1839 pertraxit,
490 1789 729 1839 proximum
749 1790 837 1827 erat
851 1788 1031 1838 ingenue
1047 1789 1206 1827 bellum
1221 1803 1362 1839 gerere
1381 1803 1392 1836 ;
1420 1790 1587 1838 virtute,
1602 1803 1687 1829 non

85 1843 248 1882 technis
266 1858 274 1890 3
303 1843 473 1891 viribus,
497 1857 582 1881 non
600 1843 766 1882 insidiis
782 1857 793 1890 3
822 1846 964 1892 aperto
978 1843 1119 1889 Marte,
1142 1857 1227 1881 non
1245 1844 1360 1882 dolis.
1407 1844 1486 1892 Qui
1505 1845 1683 1893 caedem,

86 1898 335 1946 incendium,
352 1898 422 1948 qui
437 1898 757 1936 internitionem
770 1897 1005 1935 moliuntur
1022 1898 1144 1946 hosti,
1163 1898 1279 1946 prius
1292 1898 1432 1937 missis
1447 1899 1687 1937 foecialibus

85 1953 363 2001 expostulant,
383 1966 471 1990 rem
484 1954 690 2002 repetunt,
710 1952 970 1990 conditiones
986 1952 1286 2001 praescribunt,
1305 1966 1409 2003 quae
1425 1953 1460 1991 si
1477 1955 1686 2003 praesten-

86 2011 164 2053 tur,
201 2019 315 2045 arma
347 2020 431 2045 non
461 2009 654 2045 recusent
688 2006 903 2055 deponere.
962 2008 1022 2044 At
1056 2006 1166 2044 Leus
1199 2020 1337 2045 coram
1366 2007 1550 2045 amicum
1579 2008 1685 2046 nulli
1709 2019 1769 2050 525

86 2074 299 2099 cessurum
314 2061 535 2110 professus,
551 2061 690 2099 subito
705 2061 842 2099 factus
854 2063 916 2098 est
936 2061 1145 2108 inimicus,
1162 2075 1236 2099 nec
1257 2061 1392 2100 laesus
1406 2075 1591 2111 vnquam
1612 2075 1687 2100 nec

85 2115 417 2165 expostulatione
430 2116 547 2155 facta.
590 2115 685 2154 Imo
700 2128 774 2153 cur
789 2115 832 2152 in
847 2115 989 2153 odium
1003 2115 1087 2153 mei
1100 2115 1234 2154 factus
1254 2117 1317 2153 est
1338 2115 1621 2154 amicissimus
1636 2116 1688 2154 iis

86 2171 136 2208 de
149 2170 300 2219 quibus
312 2173 434 2208 antea
448 2170 626 2219 pessime
641 2171 682 2208 et
703 2169 951 2220 loquebatur
964 2171 1005 2207 et
1025 2170 1227 2208 sentiebat
1240 2172 1260 2208 ἵ)
1304 2169 1351 2207 Id
1368 2170 1404 2208 si
1418 2170 1685 2217 inficiabitur,

85 2227 149 2262 est
164 2225 209 2262 in
223 2227 420 2273 promptu
441 2238 524 2274 quo
537 2224 668 2274 possit
681 2224 882 2272 redargui.
925 2223 1084 2261 Deinde
1100 2237 1173 2262 cur
1192 2224 1236 2263 in
1254 2227 1509 2273 praesentem
1530 2228 1686 2271 mutus,

87 2280 131 2316 in
144 2278 286 2328 procul
299 2279 513 2316 absentem
529 2279 645 2316 ferox
656 2291 701 2317 ac
715 2278 991 2316 formidabilis
1004 2291 1093 2316 esse
1105 2279 1239 2327 coepit
1254 2279 1275 2317 ‘?
1302 2292 1375 2316 cur
1387 2281 1548 2328 captato
1561 2279 1688 2317 etiam
1710 2293 1774 2323 330

87 2337 272 2382 tempore
292 2333 342 2371 ad
356 2333 605 2371 laedendum
619 2333 752 2382 magis
764 2332 1042 2375 accommodo,
1066 2346 1162 2370 cum
1183 2333 1307 2371 sciret
1326 2333 1395 2371 hic
1414 2333 1689 2372 exulceratam

88 2400 176 2425 rem
192 2387 244 2425 ob
264 2388 524 2437 quorundam
544 2387 901 2437 conspirationem,
923 2387 967 2425 in
984 2400 1032 2424 eo
1052 2387 1218 2425 hulcere
1233 2387 1348 2426 velut
1365 2388 1517 2436 vnguis
1537 2388 1688 2435 extitit,

86 2454 134 2479 ac
148 2454 222 2480 ceu
238 2441 387 2479 noxius
402 2442 552 2480 humor
566 2441 725 2480 buboni
745 2454 834 2479 sese
854 2441 1078 2480 adiunxit?
1116 2440 1305 2491 Cumque
1321 2445 1505 2480 cerneret
1525 2442 1690 2492 linguae

88 2496 280 2534 morbum
311 2497 418 2544 apud
450 2497 654 2535 nostrates
686 2495 886 2545 ἐπιδημεῖν,
923 2509 995 2533 0111·
1027 2495 1189 2545 primus
1218 2496 1390 2546 impulit
1419 2496 1691 2535 Dodonaeum

89 2550 267 2589 lebetem
287 2550 444 2588 amicus
463 2549 625 2588 nemini
645 2563 845 2597 cessuruS,
868 2550 1058 2600 princeps
1077 2552 1119 2588 et
1139 2552 1260 2589 autor
1282 2550 1462 2589 tinnitus
1491 2554 1691 2601 perpetua
1713 2565 1751 2595 33,

414 2674 488 2704 315.
513 2668 560 2696 F:
585 2666 754 2706 exprobet
768 2677 798 2697 α.
935 2675 1010 2705 325.
1036 2669 1202 2697 recusant
1218 2670 1248 2697 F
1261 2669 1372 2705 Com-iq.

134 2751 207 2790 296.
233 2750 305 2791 illi]
331 2751 391 2790 Ep.
410 2751 483 2790 998.
500 2761 563 2789 2-4
581 2751 697 2782 shows
723 2752 858 2782 111111115-
928 2752 1029 2781 tlwro
1047 2752 1119 2782 had
1139 2753 1226 2783 been
1249 2752 1391 2784 trouble
1415 2762 1497 2783 over
1519 2753 1581 2783 the
1600 2755 1693 2782 Emo-

89 2794 239 2834 takably
266 2794 346 2825 that
376 2794 474 2824 John
507 2794 636 2825 Briard
671 2795 856 2825 ‘Atensis'
928 2798 1028 2825 mium
1053 2798 1250 2827 Matrimonii
1274 2797 1350 2837 (Ep.
1371 2798 1437 2836 670
1454 2795 1604 2836 introd.)
1623 2796 1692 2826 and

95 2838 172 2877 'Ep.
198 2839 278 2877 670)
304 2839 334 2868 is
360 2837 539 2868 intended
567 2837 661 2869 here.
709 2838 857 2878 'I‘hough
927 2840 989 2868 the
1016 2840 1253 2878 negotiationes
1280 2840 1369 2870 with
1393 2840 1454 2870 the
1470 2839 1694 2879 Theologicul

92 2882 136 2912 he
152 2882 224 2912 had
242 2881 413 2920 formerly
430 2880 618 2920 expressed
635 2881 856 2913 satisfaction
928 2883 1074 2922 Faculty
1090 2884 1126 2913 at
1144 2884 1304 2914 Louvain
1323 2884 1382 2924 (cf.
1400 2884 1486 2923 Epp.
1509 2884 1598 2914 1016.
1617 2893 1694 2921 1511,

91 2925 181 2955 with
220 2925 402 2955 Erasmus’
433 2924 685 2964 explanations
723 2927 761 2956 of
795 2925 858 2956 the
929 2936 1025 2964 1029.
1041 2927 1114 2965 311).

92 2969 179 2999 New
193 2968 413 3006 Testament,
430 2968 492 2998 the
516 2969 754 3007 negotiations
775 2979 859 3000 over
970 2979 1045 3008 302.
1071 2970 1189 3007 fatali]
1215 2970 1267 3002 Cf.
1291 2970 1354 3010 Ep.
1379 2971 1471 3001 1060.
1490 2980 1548 3008 511.

94 3012 161 3043 Lee
179 3012 225 3061 (ps
249 3011 324 3051 109)
343 2992 415 3042 had
435 3011 586 3042 aroused
603 3011 652 3042 all
678 3012 858 3043 Erasmus’
969 3022 1045 3052 327.
1071 3013 1324 3054 amicissimus]
1350 3014 1400 3045 Cf.
1419 3014 1480 3054 Ep.
1503 3014 1594 3044 1061.
1613 3014 1684 3051 761.

92 3055 290 3095 suspicions
313 3055 442 3095 again;
475 3055 546 3085 and
574 3064 672 3085 more
700 3056 859 3095 recently
970 3066 1045 3096 334.
1073 3056 1320 3098 Dodonaeum]
1347 3057 1397 3088 Cf.
1418 3058 1480 3097 Ep.
1505 3067 1598 3096 1030.
1620 3066 1696 3094 1411.

851 3130 928 3155 L2
