1990 3353
256 1723 273 1755 5

238 1996 277 2017 10

243 2540 281 2561 20

242 2807 282 2838 25

282 122 364 160 416
750 118 1004 158 LETTERS
1045 119 1113 158 OF
1151 118 1418 158 ERASMUS
1763 116 1887 172 [1520

682 257 803 297 1171.
866 255 931 297 To
963 255 1206 297 MATTHEW
1239 256 1491 298 SCHINNER.

332 359 584 405 Paraphrases
601 359 641 394 in
660 357 850 405 Epistolas
869 357 1089 402 canonicas,
1108 358 1153 394 f0.
1175 359 1213 394 F.
1570 357 1747 394 Louvain.

333 417 450 453 Lond.
473 417 570 452 xxix.
590 426 634 461 77
651 429 659 454 :
687 417 759 452 LB.
779 416 840 452 vii.
865 427 968 462 1113.
1452 417 1494 451 16
1512 414 1721 452 December
1741 425 1841 462 1520.

332 498 421 540 [The
446 498 585 538 preface
608 500 645 528 to
661 498 725 529 the
748 497 969 538 Paraphrase
993 507 1039 527 011
1064 497 1125 527 the
1150 497 1286 537 Epistle
1311 498 1348 528 of
1369 497 1419 527 St.
1445 497 1578 528 James.
1626 497 1714 529 Like
1739 500 1833 529 most
1855 498 1893 529 of

287 542 467 573 Erasmus.⁵
494 542 597 572 other
622 541 859 581 Paraphrases
883 551 929 571 on
956 541 1018 572 the
1043 540 1200 581 Epistles
1226 541 1330 580 (Epp.
1360 551 1434 580 710,
1460 542 1535 581 916,
1560 541 1636 581 956,
1659 551 1749 579 1112,
1779 541 1890 581 1181),

286 585 361 616 this
377 585 497 616 would
515 585 703 625 naturally
718 586 760 616 be
778 585 927 625 printed
949 588 985 615 at
1010 585 1169 615 Louvain
1191 586 1236 623 by
1255 585 1424 615 Max-tens.
1473 584 1580 616 BEr1.
1597 587 1781 616 mentions
1804 586 1891 616 such

287 639 334 660 an
351 630 500 665 edition.
521 630 604 661 Dec.
624 639 729 668 152o;
755 630 819 660 but
840 638 887 659 no
910 638 997 668 copy
1022 627 1059 658 of
1079 629 1108 658 it
1133 638 1248 659 seems
1272 628 1513 659 discoverable
1538 629 1597 666 (cf.
1623 638 1656 668 p.
1686 629 1772 669 180).
1817 629 1891 660 The

287 674 430 704 earliest
447 673 585 704 edition
600 673 682 704 that
698 673 716 703 I
732 682 798 703 can
816 673 892 703 find
909 673 940 703 is
957 671 1122 702 Froben's
1139 672 1176 703 of
1191 672 1312 702 March
1333 682 1413 710 1521
1428 672 1491 712 (α),
1505 672 1595 702 with
1612 673 1673 703 the
1687 672 1778 712 title,
1794 675 1892 703 Para-

284 720 414 754 phrases
434 720 468 747 in
491 727 594 748 omnes
616 718 772 754 Epistolas
794 719 890 747 Pauli
912 726 1080 754 germanas
1103 719 1130 746 ez*
1153 719 1188 746 in
1210 726 1314 746 omnes
1337 718 1512 755 canonicas,
1540 718 1703 754 diligenter
1727 719 1765 747 ab
1789 721 1893 747 autore

288 763 458 799 recoqnitcce
490 771 526 791 ccc
555 763 788 798 maryinalz'bus
820 763 977 790 indicibus
1007 762 1199 797 illustratam
1239 759 1301 790 the
1334 769 1432 790 verso
1464 761 1718 800 enumerating
1748 759 1799 791 all
1830 759 1892 791 the

288 804 445 845 Epistles
468 804 507 835 of
527 805 589 835 the
613 804 701 835 New
722 804 931 835 Testament
959 804 1085 842 except
1112 803 1287 834 Hebrews
1317 802 1396 842 (Ep.
1429 803 1538 843 1181).
1587 803 1662 834 The
1691 803 1834 834 volume
1862 805 1892 834 is

287 849 494 888 composite,
510 848 547 878 of
560 848 696 879 several
708 850 817 888 parts,
831 848 923 878 with
937 847 1139 887 signatures
1152 847 1314 886 running
1324 847 1361 877 in
1376 847 1519 886 regular
1535 856 1708 885 sequence
1723 847 1894 887 through-

288 894 360 931 out,
381 892 451 922 and
476 892 578 923 three
603 891 856 922 intermediate
879 891 1093 931 title-pateres.
1141 890 1215 921 The
1233 889 1310 921 first
1332 890 1370 921 of
1389 890 1490 921 these
1512 890 1697 922 mentions
1717 891 1807 922 Tim.
1824 891 1892 922 Tit.

288 935 442 966 Philem.
462 936 540 975 (Ep.
562 935 661 974 1043)
679 936 753 966 and
770 936 832 966 the
855 934 1049 966 Canonical
1072 934 1249 973 Epistles;
1272 934 1336 964 the
1358 934 1487 964 second
1509 934 1574 964 has
1597 934 1682 974 only
1704 934 1767 965 the
1788 934 1895 965 latter

289 980 390 1020 item,
416 980 520 1010 Peter
538 980 610 1010 and
633 978 727 1009 Jude
754 979 831 1018 (Ep.
859 979 968 1019 1112),
987 978 1108 1008 James
1131 978 1211 1018 (Ep.
1243 978 1340 1017 1171)
1365 977 1436 1008 and
1453 978 1550 1008 John
1570 977 1651 1018 (Ep.
1675 978 1798 1018 1179);
1822 976 1895 1009 and

289 1023 352 1054 the
381 1023 482 1054 third
506 1033 604 1060 runs⁷
633 1025 675 1053 In
697 1025 869 1059 Epistolam
895 1025 989 1052 Pauli
1014 1024 1151 1058 Apostoli
1174 1024 1215 1051 ad
1238 1024 1392 1052 Hebraeos
1414 1024 1628 1059 Paraplzrasis
1650 1031 1704 1058 per
1726 1024 1896 1052 Erasmum

289 1070 529 1098 Roterodamum
545 1070 689 1105 eaetrema,
713 1075 792 1105 1521
812 1066 892 1106 OEp.
914 1066 1024 1104 1181),
1045 1066 1134 1095 with
1153 1065 1214 1096 the
1231 1065 1405 1104 colophon
1423 1065 1529 1096 dated
1548 1065 1670 1096 March
1690 1074 1782 1104 1521.
1822 1065 1896 1096 The

290 1112 367 1141 text
385 1111 423 1142 of
443 1111 518 1141 this
540 1110 679 1151 preface
700 1111 731 1140 is
748 1109 915 1140 followed
938 1110 984 1149 by
1001 1109 1048 1139 all
1066 1109 1129 1139 the
1151 1109 1250 1148 early
1266 1109 1403 1146 Froben
1421 1109 1580 1140 editions
1599 1110 1646 1149 (p.
1666 1114 1753 1149 123),
1773 1112 1897 1149 except

290 1154 344 1185 for
361 1164 380 1185 a
397 1164 584 1193 necessary
599 1155 797 1184 correction
813 1154 853 1184 in
868 1153 956 1193 July
976 1162 1055 1192 1521
1078 1154 1144 1193 (B),
1162 1153 1233 1183 and
1250 1163 1269 1183 a
1287 1153 1385 1192 lapse
1402 1153 1441 1182 in
1457 1153 1521 1183 the
1538 1156 1660 1184 octavo
1677 1153 1715 1184 of
1730 1162 1812 1192 1523
1831 1154 1894 1193 11ς’γ),

290 1198 468 1229 corrected
486 1198 527 1228 in
544 1198 606 1228 the
623 1197 709 1228 folio
727 1197 764 1228 os
780 1206 906 1236 1523—4
924 1198 984 1237 (δ).
1035 1197 1105 1227 But
1124 1198 1163 1227 in
1190 1206 1271 1236 1532
1291 1198 1348 1237 (e),
1368 1206 1405 1227 as
1423 1197 1463 1227 in
1482 1196 1569 1236 Epp.
1587 1197 1662 1236 916,
1685 1198 1778 1234 1062,
1800 1206 1898 1235 1112,

290 1241 393 1272 there
411 1243 441 1272 is
459 1251 555 1273 some
571 1242 739 1273 revision.

310 1335 712 1366 REVERENDISSIMO
743 1334 926 1365 DOMINO
958 1334 1000 1364 D.
1032 1333 1288 1364 MATTHAEO
1321 1333 1579 1365 CARDINALI
1611 1334 1878 1372 SEDVNENSI,

564 1405 670 1435 COM.
694 1404 896 1443 VALEsH,
929 1403 1136 1433 ERASMVS
1169 1403 1505 1433 ROTERODAMVS
1538 1402 1571 1433 S.
1595 1404 1636 1434 D.

348 1493 433 1531 IAM
463 1492 633 1530 videbar
667 1492 716 1530 ad
747 1491 873 1530 huius
903 1489 1099 1528 curriculi
1133 1492 1287 1528 nietam
1321 1491 1571 1540 peruenisse,
1604 1494 1644 1530 et
1676 1491 1763 1541 ipse
1795 1491 1901 1530 mihi

293 1547 415 1586 ferias
435 1546 695 1585 destinabam
715 1547 760 1584 in
781 1546 859 1583 hoc
878 1545 1079 1583 duntaxat
1105 1558 1253 1594 genere
1280 1545 1527 1593 studiorum,
1550 1548 1765 1595 propterea
1791 1546 1898 1595 quod

294 1614 439 1640 omnes
460 1601 670 1651 Epistolas
690 1600 982 1649 explicuissem
1003 1612 1104 1649 quas
1129 1598 1253 1637 Pauli
1280 1607 1498 1649 germanas
1525 1613 1612 1638 esse
1639 1600 1874 1639 iudicabam
1892 1615 1900 1647 3

294 1656 446 1706 quibus
480 1655 652 1693 adiunxi
684 1655 801 1693 Petri
834 1654 938 1692 duas
972 1658 1010 1691 et
1046 1653 1173 1691 Iudae
1208 1666 1347 1699 ynam7
1384 1654 1491 1703 quod
1530 1654 1607 1692 hae
1645 1667 1730 1692 non
1765 1655 1901 1692 solum

295 1710 576 1749 consentirent
608 1722 703 1748 cum
733 1709 925 1747 Paulinis
954 1708 999 1746 in
1029 1707 1168 1756 vigore
1198 1707 1406 1746 doctrinae
1437 1708 1726 1758 Euangelicae,
1754 1722 1902 1747 verum

294 1764 522 1803 maioribus
557 1764 681 1802 etiam
716 1763 898 1802 tenebris
931 1776 1054 1813 quam
1089 1762 1185 1800 illae
1217 1765 1354 1800 essent
1387 1761 1611 1801 inuolutae.
1686 1763 1901 1813 Siquidem

295 1832 396 1869 quae
436 1819 571 1857 fertur
608 1818 659 1856 ad
704 1818 922 1861 Hebraeos,
965 1818 1254 1866 praeterquam
1298 1816 1406 1866 quod
1452 1817 1600 1855 multis
1645 1817 1902 1866 argumentis

294 1873 447 1912 coniiei
486 1874 621 1922 potest
660 1885 744 1910 non
781 1885 869 1910 esse
909 1871 1041 1918 Pauli,
1081 1884 1177 1909 cum
1215 1870 1314 1908 stilo
1354 1872 1558 1909 rhetorico
1596 1871 1736 1910 verius
1776 1884 1902 1920 quam

296 1927 537 1978 Apostolico
582 1927 638 1965 sit
681 1927 849 1976 scripta,
891 1939 977 1964 non
1022 1925 1192 1974 perinde
1235 1925 1418 1963 multum
1457 1926 1583 1964 habet
1622 1925 1900 1964 difficultatis:

297 1982 648 2032 quemadmodum
682 1994 756 2018 nec
789 1993 857 2018 eae
889 1994 992 2030 quae
1022 1979 1172 2018 Iacobo
1204 1979 1433 2029 Ioannique
1466 1980 1721 2018 tribuuntur.
1793 1980 1900 2018 Nam

300 2037 478 2075 Ioannes
497 2036 587 2086 ipsa
610 2035 816 2074 sermonis
835 2035 950 2084 copia
970 2034 1102 2072 veluti
1121 2034 1185 2071 sui
1205 2033 1335 2082 ipsius
1355 2034 1558 2084 interpres
1577 2037 1651 2082 est,
1670 2037 1711 2072 et
1729 2034 1902 2072 Iacobus

296 2091 381 2129 fere
400 2093 590 2129 versatur
609 2090 655 2128 in
674 2090 774 2128 locis
794 2089 1100 2128 communibus.
1161 2088 1278 2136 Quod
1299 2101 1432 2137 genus
1452 2091 1573 2127 sunt:
1603 2089 1666 2127 Ob
1687 2088 1903 2127 Christum

297 2145 457 2183 fortiter
494 2144 730 2182 tolerandas
768 2157 834 2182 res
871 2144 1075 2190 aduersas,
1108 2144 1148 2180 et
1182 2143 1226 2179 in
1265 2142 1330 2180 his
1366 2143 1441 2181 Dei
1473 2143 1687 2193 praesidiis
1721 2143 1902 2181 maxime

296 2200 544 2238 nitendum:
576 2199 784 2237 Homines
810 2211 895 2236 non
915 2200 1086 2236 naturae
1107 2196 1236 2235 Deiue
1256 2196 1374 2240 vicio,
1399 2198 1467 2235 sed
1496 2199 1643 2247 suapte
1669 2197 1788 2246 culpa
1813 2196 1903 2235 fieri

260 2269 274 2300 ς
297 2254 440 2300 malos,
463 2253 551 2292 siue
571 2253 727 2291 saeuiat
747 2253 913 2290 fortuna
933 2252 1019 2290 siue
1048 2251 1309 2289 blandiatur:
1346 2250 1440 2289 Non
1465 2253 1621 2290 temere
1646 2251 1901 2300 loquendum

297 2310 367 2346 aut
389 2308 472 2346 irae
492 2307 817 2357 indulgendum:
849 2306 942 2344 Non
963 2307 1064 2344 satis
1078 2318 1167 2343 esse
1181 2305 1431 2344 verbotenus
1446 2308 1584 2344 tenere
1604 2306 1904 2355 professionem

297 2362 604 2412 Euangelicam,
639 2361 721 2399 nisi
758 2361 878 2399 factis
920 2363 960 2399 et
998 2359 1212 2398 affectibus
1250 2359 1557 2409 exprimamus:
1605 2360 1782 2398 Inanem
1816 2371 1903 2398 esse

298 2416 543 2466 religionem
572 2429 674 2466 quae
703 2429 797 2454 cum
826 2414 1149 2464 intemperantia
1178 2413 1344 2463 linguae
1378 2414 1432 2452 sit
1467 2415 1710 2452 coniuncta:
1749 2413 1900 2452 Veram

298 2471 494 2520 pietatem
529 2470 653 2508 sitam
687 2483 775 2508 esse
807 2470 851 2507 in
883 2468 1037 2515 officiis,
1072 2468 1224 2518 quibus
1253 2467 1493 2517 proximum
1527 2471 1717 2518 egentem
1746 2467 1904 2506 miseri·

299 2525 474 2563 corditer
502 2524 791 2562 subleuamus:
838 2523 1059 2561 Neminem
1087 2522 1393 2561 aestimandum
1422 2536 1444 2560 e
1473 2522 1594 2561 bonis
1622 2522 1805 2561 externis
1833 2521 1903 2560 sed

300 2592 321 2616 e
340 2579 450 2616 veris
470 2578 600 2616 animi
621 2579 764 2616 bonis:
799 2577 915 2616 Fidei
941 2576 1238 2627 professionem
1266 2576 1461 2615 inutilem
1487 2590 1584 2622 esse,
1609 2577 1654 2614 ni
1680 2577 1761 2626 piis
1787 2576 1903 2614 factis

301 2632 614 2682 comprobetur:
665 2632 835 2670 Nemini
873 2635 1027 2670 temere
1066 2631 1370 2679 suscipiendam
1410 2631 1582 2669 docendi
1620 2630 1901 2680 prouinciam:

302 2686 571 2736 Praecipuam
605 2686 713 2724 vitae
747 2688 906 2736 pestem
940 2685 1053 2724 nasci
1086 2698 1135 2722 ex
1173 2684 1317 2734 lingua
1357 2685 1514 2732 effreni,
1552 2684 1904 2735 quemadmodum

301 2742 442 2779 contra
471 2740 578 2778 bona
606 2740 895 2790 moderataque
924 2740 1067 2789 lingua
1095 2738 1202 2777 nihil
1231 2739 1398 2778 vtilius:
1433 2738 1674 2777 Plurimum
1704 2739 1903 2777 interesse

302 2795 410 2833 inter
440 2794 698 2832 mundanam
726 2797 766 2833 et
797 2794 1076 2833 Christianam
1107 2793 1376 2842 sapientiam:
1408 2793 1501 2831 Non
1530 2796 1718 2832 constare
1747 2805 1901 2843 pacem,

300 2849 384 2888 nisi
405 2847 610 2886 submotis
633 2861 680 2886 ex
701 2849 841 2887 animo
862 2847 1156 2897 cupiditatibus
1176 2847 1396 2887 humanis:
1426 2847 1543 2886 Nihil
1564 2846 1785 2886 conuenire
1805 2846 1903 2885 huic

302 2903 460 2942 mundo
481 2904 520 2941 et
543 2902 654 2940 Deo:
685 2904 724 2940 A
745 2903 831 2941 Deo
852 2902 1024 2941 destitui
1051 2901 1122 2952 qui
1148 2901 1245 2940 elati
1275 2902 1361 2940 suis
1387 2902 1523 2941 fidunt
1550 2901 1708 2951 opibus,
1731 2914 1827 2940 cum
1853 2900 1904 2939 iis

924 3011 963 3039 27
982 3023 989 3030 .
1017 3002 1052 3031 et
1070 3012 1089 3029 a
1107 3011 1111 3031 :
1138 3009 1218 3031 cum
1238 3011 1260 3029 ε.
