1990 3353
96 136 222 190 1061]

601 135 753 174 FROM
791 135 1048 174 EDWARD
1087 135 1196 173 LEE

1614 136 1692 175 16?

93 248 251 288 occasio
290 260 373 298 qua
410 247 534 285 toties
573 246 794 284 diuellerer
826 259 849 284 a
888 245 1129 283 dulcissimo
1167 244 1256 283 ocio
1294 244 1344 283 ad
1384 246 1691 286 odiosissimam

94 303 327 353 palestram,
347 314 564 351 nunquam
580 303 702 339 antea
718 301 864 338 doctus
884 301 1050 347 certare,
1068 302 1110 338 et
1125 299 1292 349 quidem
1310 302 1538 340 certaturus
1554 304 1692 340 tecum

92 370 175 395 vno
195 356 384 396 omnium
403 354 711 405 pugnacissimo
731 368 777 393 ac
796 353 1066 393 callidissimo
1086 353 1297 392 bellatore.

1714 370 1774 401 3¹5

149 411 277 450 ERAs.
310 411 392 449 Nec
412 413 541 448 tamen
559 411 617 447 ita
642 410 713 447 tibi·
740 421 828 448 sum
852 408 1031 455 infensus
1054 411 1094 446 vt
1119 409 1276 456 cupiam
1295 410 1504 457 quempiam
1523 411 1690 449 amicmn

96 466 166 504 tibi
193 467 251 504 vel
271 466 356 513 pilo
384 466 515 502 minus
544 465 714 501 amicum
743 475 822 502 esse
849 475 936 502 mea
963 474 1108 509 causa;
1148 465 1302 501 tantum
1330 463 1437 502 abest
1464 466 1504 502 vt
1528 465 1695 513 yrcaeuius

94 520 251 568 aliquod
268 520 418 558 malum
437 521 558 567 optem
576 518 758 557 accidere,
806 518 882 556 Sed
898 529 961 556 res
978 528 1174 564 nusquam
1185 519 1360 565 yentium
1373 529 1514 565 sparsa
1527 530 1607 557 non
1625 522 1691 557 est.

150 574 252 612 Eno.
287 572 444 611 Mirum
464 585 563 610 vero
582 572 623 610 id
646 585 727 621 quo
747 574 866 621 pacto
885 571 1032 610 audeas
1053 571 1198 615 dicere,
1215 571 1287 621 qui
1306 571 1438 610 nullis
1458 585 1543 610 non
1558 573 1696 611 modis

94 630 231 666 totum
260 628 478 666 doctorum
506 626 648 664 orbem
675 638 873 675 prouocas
897 625 943 664 in
969 638 1111 664 meum
1137 627 1270 674 caput,
1294 628 1334 663 et
1362 625 1521 676 aliquot
1540 627 1696 666 amicos
1715 643 1778 673 520

94 683 140 721 in
159 682 318 731 Anglia
338 683 481 719 contra
501 694 568 719 me
590 680 867 719 commouisti.

926 679 1022 718 Imo
1046 679 1132 718 iam
1157 680 1356 718 zizaniam
1379 681 1561 719 seminas
1585 681 1696 720 inter

94 750 161 776 me
189 739 228 774 et
260 736 438 786 optimos
466 748 511 773 ac
541 735 805 773 doctissimos
834 734 1037 784 quosdam
1067 734 1203 772 viros:
1243 734 1315 783 qui
1342 737 1483 773 tamen
1515 749 1590 785 pro
1624 748 1697 775 sua

94 790 314 841 prudentia
348 790 652 837 obsurdescent,
692 802 823 838 spero,
858 789 909 827 ad
943 789 1053 827 hanc
1086 791 1204 826 tuam
1244 789 1583 828 incantationem.
1641 791 1697 829 Et

95 845 215 895 quod.
234 845 402 895 grauius
431 844 590 882 malum
621 843 814 893 cuiquam
844 845 960 893 optes
989 842 1170 881 accidere
1199 856 1325 893 quam
1349 848 1395 881 vt
1425 857 1580 882 nomen
1609 845 1697 883 eius

95 900 277 938 macules
313 899 421 948 apud
461 899 638 936 omnes?
680 897 723 936 id
758 898 868 947 quod
902 898 952 936 de
985 911 1052 936 me
1091 897 1220 936 nullis
1259 910 1343 935 non
1382 898 1517 937 modis
1555 899 1698 937 studes
1717 914 1779 945 3²5

96 954 263 993 efficere.

324 953 404 992 Sed
425 953 535 1003 quod
556 953 623 990 hic
650 952 722 1000 ais,
746 965 832 990 non
852 952 1057 991 dissimile
1084 951 1148 989 illi
1175 954 1238 990 est
1266 952 1375 1002 quod
1403 953 1582 1002 quodam
1608 953 1697 992 loco

97 1008 147 1047 de
166 1011 206 1047 te
227 1009 317 1058 ipso
336 1010 422 1046 tam
444 1009 584 1045 sancte
603 1006 821 1057 profiteris,
843 1009 988 1057 putare
1015 1009 1057 1044 te
1078 1006 1293 1045 neminem
1320 1019 1407 1044 esse
1434 1008 1506 1057 qui
1531 1007 1598 1046 vel
1625 1010 1699 1046 tua

95 1062 242 1112 legerit
254 1062 321 1101 vel
335 1064 471 1100 tecum
488 1061 669 1110 aliquam
684 1061 813 1111 egerit
825 1061 1181 1108 consuetudinem,
1198 1061 1302 1110 quin
1313 1062 1697 1111 perspectissimum

96 1117 247 1156 habeat
280 1119 321 1155 te
356 1116 466 1154 nihil
499 1129 627 1165 aeque
661 1115 855 1154 detestari
890 1129 1013 1166 quam
1047 1115 1235 1164 exempla,
1273 1114 1405 1154 libelli
1443 1117 1593 1155 famosi
1626 1119 1698 1155 aut

96 1171 328 1210 violentiae.

389 1171 439 1209 Id
460 1170 618 1208 scilicet
644 1170 769 1219 probe
795 1172 1003 1208 testantur
1028 1171 1132 1209 duae
1157 1169 1253 1209 illae
1277 1169 1627 1209 virulentissimae
1654 1184 1699 1209 ac
1719 1187 1785 1218 330

96 1225 530 1275 sycophantisissimae
565 1224 878 1262 criminationes
911 1237 1012 1274 quas
1039 1224 1200 1263 euomis
1228 1226 1272 1264 in
1301 1237 1370 1263 me
1399 1225 1442 1263 in
1473 1225 1700 1275 Colloquiis

98 1279 418 1326 Familiaribus;
453 1292 555 1329 quae
584 1279 820 1317 adolescens
848 1279 1048 1327 aedidisti‚
1079 1280 1149 1318 sed
1182 1293 1307 1318 senex
1338 1280 1447 1318 haud
1479 1280 1536 1318 ita
1565 1279 1699 1317 multo

97 1334 258 1385 pridem
277 1334 494 1384 plusquam
517 1333 760 1371 iuueniliter
779 1334 926 1372 insano
946 1334 1021 1372 hoc
1041 1335 1222 1373 auctario
1245 1337 1285 1373 et
1305 1348 1410 1385 pene
1436 1334 1523 1373 solo
1551 1334 1700 1373 nobili-

98 1390 210 1428 tasti.
268 1389 487 1427 Asci-ibam
508 1388 598 1436 ipsa
619 1387 854 1437 Colloquia:

126 1445 348 1482 ‘Avevs'rL
382 1442 487 1490 Quid
511 1442 547 1480 si
564 1455 692 1480 vnam
712 1444 783 1480 aut
803 1442 977 1480 alteram
997 1443 1187 1482 vmbram
1208 1443 1417 1482 adduxero
1431 1444 1450 1481 ἶ)

1722 1458 1783 1490 335

152 1498 339 1537 CHRISTI.
369 1496 495 1542 Licet,
518 1496 642 1534 modo
664 1509 716 1534 ne
739 1497 880 1546 nigras
898 1497 1066 1536 vmbras
1085 1497 1317 1537 adduxeris.

152 1553 356 1590 Avevsn.
387 1551 496 1599 Quid
517 1551 552 1588 si
573 1551 623 1588 N.
647 1551 855 1589 adduxero
869 1552 889 1589 ἶ)

154 1607 323 1645 ΟΗΒΙΒΤ.
355 1605 579 1644 Scotistam
598 1604 754 1643 illum?

152 1663 260 1700 Ave.
294 1660 388 1698 Imo
408 1660 588 1707 Scotum,
612 1659 648 1697 si
667 1659 794 1698 lubet.

154 1715 259 1754 sz.
291 1716 403 1764 Age:
432 1714 690 1762 admittetur,
715 1714 838 1752 modo
863 1713 977 1752 domi
1005 1714 1207 1765 relinquat
1236 1715 1418 1764 gryphos
1443 1714 1698 1764 sophisticos
1725 1725 1787 1757 340

101 1769 410 1819 matheologias‚
448 1768 752 1818 sycophantias.
788 1768 1072 1818 supercilium.
1109 1769 1367 1818 virulentias,
1405 1770 1535 1807 risum
1570 1769 1704 1807 sardo-

102 1825 236 1871 nium,
257 1824 410 1874 glorias
430 1823 713 1869 Thrasonhzas,
738 1823 1001 1872 philantiam.

155 1880 263 1917 AVG.
296 1878 430 1917 Citius
451 1878 625 1916 caudam
645 1877 886 1927 reliquerit.’

156 1932 279 1971 Orbis
308 1934 502 1982 agnoscat
532 1945 580 1970 ex
611 1931 678 1970 his
706 1931 847 1971 verbis
881 1945 1003 1970 suum
1032 1931 1289 1982 theologum,
1319 1945 1442 1970 suum
1477 1944 1701 1979 censorem,

99 2000 225 2025 suum
244 1987 507 2033 monachum,
531 1986 768 2024 modestum
788 1999 912 2024 suum
930 2000 939 2033 ;
969 1986 1202 2036 simplicem
1220 1987 1342 2025 illum
1358 1987 1567 2035 simulque
1582 1986 1704 2024 illum
1726 2002 1786 2034 345

100 2041 364 2080 Erasmicum
392 2041 603 2090 pudorem,
637 2041 896 2089 grauitatem,
929 2041 1231 2086 verecundiam,
1263 2041 1532 2079 honestatem.

1596 2040 1705 2089 Quid

101 2098 176 2143 est,
197 2096 233 2134 si
251 2095 319 2133 hic
339 2095 506 2133 libellus
526 2095 709 2133 famosus
729 2108 815 2133 non
836 2096 931 2134 est?

157 2150 237 2189 Sed
270 2150 376 2188 ‘Vbi
404 2152 524 2188 sonat
553 2149 620 2187 hic
650 2162 804 2187 nomen
834 2150 1013 2188 tuun1?'

102 2205 221 2244 facile
250 2204 306 2243 sit
334 2204 528 2254 augurari
557 2217 679 2254 quem
708 2204 976 2254 perstringas

143 2313 217 2351 316.
246 2313 297 2341 ita
314 2321 334 2340 a
348 2321 354 2341 :
381 2310 424 2340 ob
440 2310 509 2341 ista
524 2308 618 2339 facta
634 2309 721 2339 adeo
737 2310 775 2339 E.

103 2366 175 2387 non
193 2364 313 2395 sparsa
330 2357 366 2385 Ε.

147 2471 222 2501 327.
247 2458 443 2500 profiteris]
465 2458 528 2498 Ep.
557 2467 650 2497 1053.
678 2466 805 2496 150-3;
829 2456 870 2487 cf.

106 2506 174 2545 Ep.
190 2505 264 2544 967.
280 2503 366 2543 77‚8.
452 2546 458 2552 ·
485 2545 491 2551 η
536 2545 542 2551 ·
631 2543 642 2552 Ἴ
729 2544 734 2550 .

149 2558 222 2588 331.
249 2547 643 2587 sycophantisissimaeJ
668 2544 756 2574 This
780 2543 872 2574 form

107 2593 135 2623 is
146 2592 299 2632 perhaps
309 2590 461 2620 another
472 2588 634 2628 example
649 2589 687 2618 of
696 2588 758 2618 the
772 2587 874 2617 inad-

105 2639 247 2667 vertent
274 2633 513 2665 substitution
538 2634 576 2663 of
599 2643 614 2663 s
638 2632 691 2662 for
715 2642 728 2661 c
751 2631 872 2661 which

104 2689 225 2710 occurs
247 2680 308 2708 not
326 2675 574 2715 int'rcqncntly
591 2679 627 2706 at
652 2675 726 2705 this
750 2674 873 2714 period

107 2724 142 2754 in
161 2722 247 2753 both
264 2721 399 2752 Franco
423 2719 494 2750 and
511 2719 688 2759 England.
738 2719 788 2749 Cf.
809 2718 871 2757 Ep.

103 2769 178 2806 673.
199 2767 257 2797 6n.
303 2765 348 2795 In
367 2762 542 2803 Pynson’s
558 2762 700 2793 volume
713 2762 751 2793 of
764 2762 875 2801 Long-

107 2809 221 2841 lond's
245 2817 406 2840 sermons
432 2807 471 2848 (l.
491 2808 594 2846 150n)
620 2807 680 2837 the
705 2807 795 2836 form
819 2809 874 2835 irl-

103 2857 237 2885 3esimus
260 2861 381 2883 occurs
405 2850 445 2880 in
473 2850 535 2880 the
559 2849 760 2881 head-lines
777 2859 875 2879 more

107 2899 197 2928 than
229 2897 272 2927 80
302 2895 419 2934 times,
454 2903 551 2924 more
586 2895 693 2932 often,
729 2893 872 2931 indeed,

106 2941 197 2972 than
213 2941 394 2971 tricesimus.

151 2994 225 3024 334.
254 2981 452 3022 Colloquia]
468 2981 542 3011 The
555 2990 695 3020 passage
707 2982 742 3010 to
756 2979 875 3009 which

108 3028 176 3059 Lce
201 3027 286 3058 here
315 3025 456 3064 objects,
486 3024 558 3055 had
586 3025 670 3054 been
695 3023 809 3054 added
838 3023 873 3052 in

845 2308 1012 2348 quepiam
1029 2308 1184 2338 amicum
1202 2319 1240 2338 a:
1266 2318 1470 2347 quenquam
1488 2311 1526 2338 E.

478 2372 480 2375 ν
501 2362 575 2392 341.
605 2353 832 2392 mateologias
850 2354 917 2382 Coll.
937 2354 1038 2382 Form.

1052 2148 1202 2199 inquis.
1263 2149 1345 2188 Hic
1376 2149 1474 2187 satis
1503 2151 1564 2187 est
1594 2149 1704 2187 vnde

1039 2203 1168 2252 ‘Quid
1206 2204 1282 2242 tibi
1316 2204 1383 2242 hic
1419 2217 1513 2242 cum
1549 2203 1701 2251 caudis,

1656 2309 1701 2339 18.

1142 2354 1209 2381 soil.
1227 2355 1348 2383 Form.:
1373 2352 1566 2383 sardonum
1585 2364 1616 2383 a.
1629 2318 1648 2347 3

936 2455 1106 2486 Martens'
1138 2455 1276 2486 edition
1309 2456 1348 2486 of
1383 2455 1445 2486 the
1485 2459 1706 2494 Colloqmvffum

934 2502 1094 2529 strumam:
1127 2498 1174 2540 (c.
1204 2500 1291 2530 Nov.
1328 2509 1430 2538 1519:
1468 2511 1523 2530 sce
1547 2510 1579 2539 p.
1611 2499 1702 2542 120),

934 2544 974 2573 1⁶⁰.
993 2542 1031 2573 d²
1051 2547 1095 2572 γ’).
1143 2543 1209 2573 Lee
1227 2553 1299 2574 was
1316 2545 1417 2582 quite
1439 2543 1553 2583 likely
1570 2548 1704 2575 correct

934 2588 971 2617 in
999 2586 1056 2616 his
1079 2586 1282 2625 conjecture
1304 2587 1385 2618 that
1402 2588 1445 2618 hc
1463 2597 1535 2618 was
1550 2588 1612 2618 the
1630 2598 1706 2627 per-

934 2640 996 2661 son
1017 2630 1202 2660 intended.

977 2674 1022 2704 In
1055 2674 1232 2703 Erasmus’
1264 2676 1350 2705 next
1383 2675 1536 2705 revision
1575 2675 1614 2705 of
1645 2675 1706 2705 the

934 2719 1001 2748 Con.
1026 2720 1140 2750 Form..
1165 2718 1283 2756 Basle,
1301 2718 1447 2757 Froben,
1470 2718 1589 2748 March
1613 2729 1705 2757 1522.

934 2762 995 2792 the
1013 2761 1128 2791 whole
1146 2762 1184 2790 of
1204 2761 1279 2791 this
1301 2772 1444 2801 passage
1467 2762 1537 2792 and
1558 2766 1646 2791 most
1674 2761 1713 2792 of

934 2805 995 2834 the
1029 2807 1111 2834 next
1156 2804 1190 2835 ll.
1219 2805 1364 2845 368-73)
1391 2816 1484 2836 were
1508 2805 1705 2845 expunged.

933 2849 1006 2878 The
1017 2848 1183 2887 speaker>-
1194 2858 1254 2879 are
1264 2849 1439 2879 Erasmus'
1450 2850 1494 2879 Pa
1501 2850 1548 2879 ris
1560 2849 1706 2881 fri-wls.

934 2892 1138 2931 Augustino
1156 2892 1401 2932 Vincent(Ep.
1419 2898 1491 2930 131)
1504 2892 1575 2923 and
1589 2893 1708 2922 (hris-

936 2936 1011 2966 tian
1039 2935 1208 2965 Northoff
1229 2936 1304 2976 (Ep.
1327 2945 1396 2975 54³,
1424 2936 1477 2966 for
1504 2936 1621 2965 wlwsi·
1650 2945 1708 2965 use

935 2979 995 3009 the
1021 2981 1088 3010 (ml.
1119 2981 1216 3009 Form.
1244 2989 1336 3010 were
1366 2981 1441 3009 tirst
1470 2980 1616 3010 written
1648 2979 1706 3019 (οἳ.

936 3023 996 3062 Ep.
1021 3032 1090 3061 130.
1107 3024 1205 3061 9211).
