1990 3353
329 88 411 127 490
796 86 1049 126 LETTERS
1087 87 1158 125 OF
1196 85 1461 125 ERASMUS
1805 81 1925 137 [1521

329 196 471 233 tamen
501 194 641 232 verbis
670 194 781 244 ipsis,
807 197 854 232 vt
883 194 1058 242 videtur,
1091 194 1230 232 conari
1259 197 1305 232 vt
1332 194 1616 233 diuersissima
1645 195 1834 234 videatur
1864 195 1930 233 ad-

331 249 446 287 ferie.
503 249 595 287 Iam
629 250 676 287 vt
709 251 809 286 sunt
838 249 1059 286 hominum
1088 262 1180 287 mor
1183 261 1225 286 es
1255 249 1305 286 ad
1339 249 1477 298 peiora
1504 249 1718 297 proeliues‚
1750 249 1809 287 sic
1843 252 1930 287 erat

331 304 584 341 medendum
612 304 763 341 horum
788 303 916 351 vitiis,
939 306 984 340 vt
1011 303 1103 340 aliis
1126 317 1209 341 non
1231 303 1493 351 praeberetur
1512 316 1611 341 ansa
1630 303 1825 342 licentius
1839 316 1931 365 pec-

251 371 313 402 150
330 358 462 395 candi.
497 358 656 395 Paulus
670 357 729 394 sic
742 357 949 406 praedicat
961 357 1198 396 libertatem
1213 356 1508 406 Euangelicam
1523 358 1720 396 aduersus
1732 371 1804 406 per
1806 357 1928 396 nicio—

330 425 417 449 sam
432 412 537 460 legis
556 425 620 449 ser
623 412 801 449 uitutem
817 413 859 449 vt
872 412 1005 459 addat,
1029 414 1218 450 ‘tantum
1237 425 1289 450 110
1302 412 1539 450 libeitatem
1558 411 1657 460 <111>
1674 412 1929 450 occasionem

330 466 438 503 detis
463 442 575 503 coarni
593 466 613 503 '.
674 466 740 503 Sic
768 466 1007 503 dehortatur
1031 478 1054 503 a
1081 466 1245 515 frigidis
1270 465 1461 516 operibus
1487 466 1592 515 legis
1611 471 1658 504 vt
1677 466 1931 504 incessanter

328 520 572 558 adhortetur
599 520 649 558 ad
675 534 796 569 opera
823 520 1045 558 charitatis.
1105 521 1307 558 Fortassis
1336 522 1455 558 erant
1482 520 1553 569 qui
1582 520 1764 569 simplici
1793 520 1930 558 studio

329 574 524 612 sauebant
539 574 589 612 ad
610 575 782 612 meliora
797 575 994 613 vocandis
1015 574 1231 613 ordinibus
1250 588 1296 612 ac
1314 575 1550 623 proceribus
1570 574 1788 612 Ecclesiae.
1850 575 1927 613 Sed

247 636 309 668 155
328 628 439 666 haud
460 629 543 667 scio
563 642 617 666 an
637 629 724 666 sint
745 630 816 678 qui
838 643 909 679 per
929 629 1034 666 hanc
1055 629 1313 667 occasionem
1340 629 1503 667 inhient
1523 629 1670 678 opibus
1689 628 1932 667 ecclesiasti·
1972 629 1974 631 ’

328 695 494 721 corum:
539 696 619 732 qua
651 697 695 721 re
724 683 833 721 nihil
861 683 1038 721 arbitror
1070 683 1309 722 sceleratius
1340 696 1385 721 ac
1415 683 1602 733 publicae
1631 682 1932 732 tranquillitati

328 737 611 786 perniciosius.
682 738 853 776 Etenim
890 738 927 776 si
964 738 1055 775 ideo
1092 737 1154 775 fas
1190 738 1447 776 arbitrantur
1483 737 1680 775 inuadere
1712 737 1931 775 facultates

330 791 601 839 sacerdotum,
627 793 735 841 quod
760 793 929 842 quidam
955 792 1044 829 suis
1072 793 1121 830 ad
1152 792 1300 830 luxum
1329 794 1402 830 aut
1430 791 1583 841 alioqui
1612 791 1662 829 ad
1690 804 1755 829 res
1783 804 1930 841 parum

329 846 527 884 honestas
561 847 805 894 abutuntur,
837 859 913 884 nec
942 846 1104 884 ciuibus
1134 859 1207 884 nec
1235 846 1501 895 magnatibus
1530 846 1690 895 aliquot
1721 846 1802 884 erit
1830 846 1931 884 satis

252 902 312 934 160
330 901 451 938 firma
469 914 610 939 rerum
631 914 799 939 suarum
817 901 1032 950 possessio.
1081 901 1200 938 Belle
1214 914 1310 939 vero
1326 900 1564 939 consultum
1579 900 1701 938 rebus
1719 900 1931 947 humanis,

330 955 366 992 si
391 954 520 1004 impie
543 955 718 993 tollatur
746 968 769 992 a
795 954 1073 993 sacerdotibus
1101 968 1181 1004 quo
1208 955 1327 1004 peius
1353 955 1577 993 abutantui
1602 954 1796 993 homines
1822 954 1931 992 mili-

330 1011 465 1056 t·ires;
496 1009 567 1058 qui
588 1010 646 1047 sic
665 1023 739 1048 sua
760 1010 1028 1059 pr',otundunt
1052 1022 1355 1059 nonnunquam
1380 1011 1419 1047 et
1446 1009 1594 1058 aliena,
1616 1011 1662 1047 vt
1688 1008 1797 1046 nulli
1822 1022 1931 1047 11101-

328 1040 478 1101 talium
499 1063 585 1101 sint
602 1065 706 1102 vsui.

385 1117 447 1155 Ne
467 1117 578 1166 ipsos
598 1119 765 1167 quidem
786 1117 919 1165 audio,
942 1118 1001 1156 mi
1021 1118 1136 1165 Iona,
1161 1118 1232 1167 qui
1257 1117 1401 1156 dicunt
1425 1117 1658 1155 Lutherum
1681 1117 1930 1156 aduersario-

249 1173 309 1214 165
329 1185 424 1209 rum
443 1171 698 1210 intolerabili
718 1173 963 1222 procacitate
982 1176 1253 1221 prouocatum
1269 1185 1355 1210 non
1375 1172 1561 1223 potuisse
1576 1178 1718 1210 tenere
1732 1172 1931 1211 Christia-

330 1238 429 1263 nam
449 1226 706 1264 modestiam.
749 1227 1127 1276 Quomodocunque
1148 1240 1235 1265 sese
1251 1227 1448 1276 gerebant
1463 1226 1545 1274 alii,
1562 1226 1634 1276 qui
1653 1226 1779 1265 talem
1799 1239 1931 1265 susce-

328 1282 443 1329 perat
469 1293 701 1329 personam,
724 1281 899 1319 debebat
926 1282 1121 1320 omnibus
1147 1281 1347 1331 neglectis
1371 1281 1453 1319 sibi
1480 1283 1678 1319 constare.
1740 1281 1931 1330 Denique

329 1337 417 1372 erat
435 1337 532 1372 ante
551 1336 865 1384 prospiciendus
881 1335 1028 1383 exitus,
1047 1349 1171 1385 quam
1192 1348 1279 1373 sese
1295 1335 1340 1373 in
1358 1338 1532 1385 puteum
1552 1336 1664 1373 hunc
1680 1335 1928 1383 demitteret,

331 1402 380 1426 ne
401 1390 660 1438 contingeret
680 1391 788 1439 quod
808 1390 854 1428 in
875 1390 1077 1439 Apologis
1097 1390 1245 1428 accidit
1269 1403 1400 1439 capro.
1457 1390 1596 1428 Etiam
1626 1390 1671 1427 in
1700 1390 1780 1440 piis
1808 1389 1931 1428 rebus

247 1452 310 1485 170
329 1443 505 1481 stultum
522 1449 584 1482 est
604 1444 771 1494 aggredi
787 1445 894 1494 quod
915 1458 999 1482 non
1018 1445 1150 1494 possis
1169 1445 1383 1482 absoluere
1400 1458 1409 1490 ;
1438 1444 1682 1493 praesertim
1703 1444 1739 1482 si
1758 1446 1930 1482 conatus

328 1511 476 1546 parum
496 1498 596 1536 felix
616 1512 691 1547 pro
710 1499 884 1548 captatis
903 1499 1131 1537 commodis
1149 1512 1314 1537 summa
1333 1499 1464 1537 adfert
1484 1499 1760 1537 incommoda.
1809 1498 1930 1537 Vide-

329 1565 424 1590 mus
444 1565 532 1590 rem
551 1552 597 1590 in
617 1566 713 1591 eum
734 1553 954 1591 deductam
974 1554 1120 1597 locum,
1137 1556 1183 1592 vt
1204 1567 1278 1602 ego
1293 1566 1391 1591 sane
1407 1552 1571 1590 nullum
1587 1553 1753 1591 videam
1773 1553 1931 1591 bonum

328 1606 499 1654 exitum,
538 1607 618 1645 nisi
655 1607 847 1645 Christus
880 1612 968 1646 arte
1006 1620 1078 1645 sua
1111 1608 1389 1646 temeritatem
1427 1607 1690 1656 quorundam
1720 1609 1855 1646 vertat
1885 1607 1931 1645 in

327 1661 485 1698 bonum
513 1661 740 1710 publicum.
1545 1692 1549 1694 >

248 1726 307 1761 175
383 1715 595 1754 Excusant
632 1716 753 1754 illum
789 1716 960 1765 quidam
999 1716 1108 1765 quod
1147 1716 1282 1754 alieno
1321 1716 1505 1768 impulsu
1543 1718 1705 1754 coactus
1743 1716 1931 1765 primuni

329 1769 540 1818 scripserit
568 1771 759 1818 atrocius,
783 1771 933 1808 deinde
953 1784 1038 1808 11011
1060 1770 1314 1808 commiserit
1335 1784 1421 1808 sese
1440 1770 1757 1809 clementissimi
1778 1772 1931 1810 Leonis

328 1823 492 1872 iudicio,
524 1827 564 1862 et
591 1825 725 1863 Caroli
751 1825 936 1863 Caesaris
962 1825 1085 1874 longe
1111 1825 1258 1873 optimi
1285 1825 1693 1875 mansuetissimique
1721 1825 1930 1876 Principis

329 1878 439 1915 fidei.
497 1879 556 1916 At
577 1892 650 1917 cur
669 1879 735 1916 illi
754 1880 889 1928 magis
908 1879 1033 1917 libuit
1052 1879 1146 1916 istis
1165 1879 1394 1917 auscultare
1414 1892 1540 1928 quam
1560 1879 1654 1918 aliis
1673 1880 1830 1927 amicis,
1853 1893 1929 1918 nec

329 1932 506 1971 indoctis
527 1946 602 1970 nec
622 1946 762 1971 rerum
783 1933 999 1983 imperitis,
1022 1934 1072 1971 ad
1102 1933 1266 1972 diuersa
1284 1933 1530 1972 vocantibus
1544 1935 1564 1973 ⁶?
1621 1933 1715 1973 Iam
1742 1935 1929 1984 plerique

249 1994 310 2024 180
328 1986 400 2036 qui
419 1986 484 2024 illi
507 1987 718 2035 fauebant,
741 1988 986 2034 cuiusmodi,
1009 2001 1173 2037 quaeso,
1193 1987 1410 2037 praesidiis
1440 1987 1564 2026 illum
1593 1989 1702 2026 tueri
1731 1989 1929 2028 conaban-

329 2042 424 2079 tur?
445 2041 633 2079 ridiculis
654 2042 809 2080 libellis
823 2056 869 2080 ac
885 2042 1014 2080 minis
1032 2042 1240 2080 inanibus.
1293 2042 1419 2090 Quasi
1433 2056 1531 2080 vero
1542 2042 1782 2081 istiusmodi
1797 2056 1931 2094 nugae

327 2098 399 2133 aut
411 2098 591 2133 terreant
604 2096 860 2134 aduersarios
873 2099 945 2134 aut
962 2097 1167 2134 delectent
1183 2097 1312 2134 bonos
1327 2097 1448 2144 viros,
1467 2097 1517 2134 ad
1534 2110 1710 2146 quorum
1725 2098 1929 2136 iudicium

327 2150 545 2198 negocium
566 2164 688 2188 omne
707 2150 842 2189 fuerat
859 2152 1230 2200 attemperandum,
1251 2151 1286 2188 si
1305 2151 1428 2188 modo
1447 2151 1680 2189 voluissent
1699 2165 1795 2190 suae
1814 2153 1928 2191 fabu-

328 2204 391 2241 lae
410 2204 570 2242 felicem
591 2218 679 2243 esse
699 2206 998 2255 catastrophen.
1059 2205 1180 2242 Nunc
1201 2209 1405 2254 quantum
1427 2205 1633 2244 malorum
1653 2219 1802 2255 agmen
1828 2207 1928 2245 haec

249 2268 308 2308 185
328 2258 540 2296 temeritas
561 2259 683 2306 dedit,
706 2259 909 2298 bonarum
928 2260 1145 2297 literarum
1165 2259 1304 2297 studia
1323 2271 1368 2296 ac
1388 2259 1543 2297 multos
1564 2259 1694 2298 bonos
1717 2260 1826 2299 viros
1843 2275 1928 2300 non

328 2313 525 2350 mediocri
546 2313 742 2362 degrauat
761 2313 933 2362 inuidia,
957 2313 1029 2363 qui
1048 2313 1169 2351 initio
1188 2326 1336 2362 parum
1355 2316 1475 2351 erant
1494 2314 1629 2363 iniqui
1648 2315 1841 2363 Luthero,
1860 2316 1927 2354 vel

329 2366 436 2415 quod
458 2370 671 2416 sperarent
692 2381 780 2406 rem
795 2381 912 2406 secus
927 2367 978 2405 ab
999 2368 1071 2406 illo
1091 2368 1359 2413 tractandam,
1380 2368 1446 2405 vel
1466 2369 1517 2406 ob
1538 2368 1679 2407 hostes
1699 2370 1803 2407 forte
1823 2383 1928 2408 com·

329 2433 489 2458 munes.
535 2422 699 2460 Accidit
720 2422 834 2460 enim
853 2423 991 2461 nescio
1012 2435 1091 2471 quo
1111 2435 1204 2460 casu
1225 2424 1270 2459 vt
1292 2423 1364 2470 qui
1383 2422 1507 2460 initio
1526 2423 1743 2472 negocium
1762 2424 1928 2462 facesse-

330 2474 430 2512 bant
464 2475 661 2523 Luthero,
696 2477 837 2514 hostes
866 2479 1006 2515 essent
1036 2476 1242 2513 bonarum
1273 2476 1502 2523 literarum,
1542 2479 1583 2515 et
1617 2478 1668 2514 ob
1702 2477 1745 2515 id
1778 2478 1928 2517 harum

249 2542 310 2573 190
329 2528 507 2566 cultores
527 2530 670 2567 minus
689 2530 824 2580 iniqui
845 2534 964 2568 erant
990 2530 1186 2575 LutherO,
1209 2543 1261 2567 110
1280 2530 1433 2568 adiutis
1453 2531 1781 2570 aduersariorum
1801 2533 1927 2581 parti—

329 2582 405 2620 bus
434 2583 618 2621 hostium
642 2584 753 2623 vires
781 2585 1003 2623 aduersum
1031 2597 1120 2623 sese
1150 2584 1456 2622 confirmarent.
1516 2586 1700 2624 Tametsi
1719 2588 1928 2637 vtcunque

330 2648 394 2674 res
415 2637 548 2684 habet,
572 2638 752 2686 priorem
774 2639 958 2688 oportuit
977 2651 1065 2676 esse
1085 2651 1226 2676 curam
1247 2638 1458 2688 religionis
1479 2652 1605 2688 quam
1625 2640 1871 2680 studiorum.

381 2693 522 2740 Atque
551 2691 628 2738 hic,
661 2693 720 2730 mi
750 2693 866 2738 Iona,
896 2695 1060 2731 coactus
1088 2705 1182 2730 sum
1210 2692 1430 2741 aliquoties
1460 2693 1692 2732 desiderare
1719 2696 1928 2744 specimen

329 2744 571 2794 Euangelici
609 2747 796 2795 pectoris,
837 2760 966 2796 quum
1005 2747 1189 2785 viderem
1229 2746 1475 2795 Lutherum,
1518 2748 1589 2785 sed
1630 2749 1762 2798 magis
1803 2750 1928 2788 huius

505 2873 575 2902 147.
601 2866 639 2894 vt
655 2865 800 2896 videtur
815 2870 865 2897 F:
888 2867 926 2897 id
943 2865 1057 2897 videri
1075 2868 1117 2897 ΙΙ.
1257 2867 1324 2897 180.
1351 2866 1415 2904 qui
1432 2866 1487 2896 illi
1503 2869 1547 2898 F:
1573 2866 1630 2897 illi
1647 2867 1709 2906 qui
1724 2870 1766 2899 H.

461 2968 531 2997 150.
560 2957 708 2999 Paulus]
725 2958 800 2989 Gal.
820 2969 850 2997 5.
874 2968 921 2997 13.
1230 2959 1300 2997 169.
1329 2956 1450 2997 capro]
1468 2957 1519 2990 Cf.
1538 2958 1601 2998 Ep.
1623 2959 1717 2991 1186.
1735 2969 1784 2991 12.
