1990 3353
88 140 210 196 1087]
575 141 730 182 FROM
765 141 1001 181 THOMAS
1038 141 1197 181 MORE
1608 142 1689 181 227

85 253 332 304 Quanquam
351 253 440 303 ipse
460 265 592 302 neque
611 254 698 291 tam
718 250 921 301 superbus
940 264 1035 289 sum
1059 264 1193 301 neque
1218 253 1306 289 tam
1331 251 1497 289 nescius
1521 250 1621 298 mei,
1641 253 1689 290 vt

84 320 186 357 quae
215 307 322 346 mihi
349 307 498 345 tribuit
525 307 683 345 Beatus
711 306 949 355 Rhenanus,
969 318 1216 356 agnoscam:
1245 305 1317 355 qui
1344 318 1422 352 me,
1446 304 1557 354 quod
1587 304 1686 353 dixi,

85 361 242 400 talibus
278 362 380 400 viris
417 364 567 401 natura
603 360 776 408 confert,
812 359 996 398 vtilitate
1033 372 1131 398 vero
1168 359 1350 409 praefert
1387 359 1599 408 hactenus,
1643 361 1690 398 vt
1709 363 1773 405 380

86 418 251 455 censeat
268 416 364 466 plus
383 415 515 466 frugis
533 415 692 454 adferre
712 414 936 452 lectoribus
955 414 992 452 si
1011 413 1111 464 quid
1129 414 1257 453 affero
1277 413 1509 452 salubrium
1527 416 1690 452 senten-

85 470 251 518 tiarum,
269 483 393 520 quam
413 469 611 520 quicquid
629 468 693 507 illi
712 468 866 507 chartis
885 467 1056 506 illinant
1076 467 1369 507 obscoenitatis
1386 481 1432 507 ac
1453 468 1663 517 nequitiae
1680 481 1690 515 ς

85 537 131 562 ac
156 524 252 575 plus
277 525 420 563 iuuare
445 525 565 573 putat
589 536 693 574 quae
721 522 970 572 simpliciter
997 535 1044 561 ac
1071 524 1210 573 aperte
1233 535 1345 571 cano,
1371 535 1497 571 quam
1523 521 1691 560 Marulli

86 578 292 617 delectant
310 579 556 629 aenigmata.
616 577 704 625 Qua
723 577 768 615 in
787 590 832 615 re
851 576 950 627 quid
971 576 1086 615 aliud
1112 576 1340 615 Rhenanus
1365 589 1502 626 quam,
1526 576 1562 615 si
1589 576 1689 627 quid

85 634 149 671 est
169 632 338 672 virtutis
356 633 401 671 in
421 646 500 680 me,
523 631 566 670 id
585 631 756 670 illorum
774 631 953 681 praefert
969 630 1119 670 vitiis?
1709 638 1770 677 385

143 687 260 735 Quod
289 687 426 726 laudis
455 699 586 736 genus
615 698 744 737 quum
773 685 883 724 nihil
909 685 1045 724 obstet
1071 698 1151 736 quo
1174 684 1317 723 minus
1342 698 1487 723 eorum
1512 685 1690 725 virtutes

88 742 193 780 meis
230 742 403 791 possint,
439 743 486 779 vt
521 743 632 779 certe
668 740 840 788 faciunt,
876 739 999 789 longe
1034 739 1291 787 antecellere,
1334 753 1418 777 non
1459 739 1600 778 debuit
1638 741 1689 779 ad

86 795 292 834 inuidiam
329 808 456 846 vsque
494 795 627 834 videri
666 794 918 844 benignum:
965 807 1097 845 quum
1135 794 1316 841 interim,
1351 795 1398 832 vt
1435 796 1689 843 praeteream

88 850 280 900 reliquos,
313 849 508 889 Budaeus
536 862 657 898 vnus,
684 849 751 887 vir
781 862 865 887 non
893 848 1036 887 minus
1065 848 1257 898 publicae
1285 847 1348 886 rei
1375 848 1535 898 peritus
1564 862 1690 898 quam

87 903 295 943 literariae
318 905 378 953 (in
402 917 483 954 qua
505 904 627 954 plane
649 903 931 954 principatum
960 903 1169 953 quendam
1199 902 1386 952 obtinet),
1415 916 1516 952 quae
1544 903 1594 941 de
1621 916 1689 942 me
1709 916 1773 949 390

86 958 253 1008 scripsit
271 958 479 997 eiusmodi
497 959 583 997 sint
604 957 887 1008 quae—sicuti
906 970 1018 996 nunc
1038 957 1225 996 hominis
1254 957 1539 995 candidissimi
1560 957 1691 996 ciuili-

85 1013 165 1051 tat-i
195 1013 346 1061 tribuo,
379 1026 464 1051 non
494 1012 618 1051 aliter
649 1012 827 1062 (quam)
864 1025 968 1062 quae
1002 1011 1048 1050 in
1080 1011 1215 1050 Brixii
1249 1011 1545 1061 Chordigeram
1579 1025 1689 1062 prae-

86 1067 198 1105 fatur
231 1067 540 1106 eruditissimus
573 1067 841 1115 Aliander——,
878 1067 936 1105 ita
968 1066 1090 1116 longe
1123 1066 1257 1116 magis
1290 1068 1429 1116 optem
1464 1079 1552 1104 esse
1591 1080 1690 1106 vera

87 1135 213 1171 quam
252 1121 493 1160 Pontanum
533 1123 604 1160 aut
642 1120 867 1160 Marullum
906 1134 1098 1170 superare
1137 1121 1328 1169 carmine,
1370 1123 1443 1158 aut
1481 1123 1690 1171 vtrunque

87 1176 216 1214 simul
245 1178 417 1225 vtraque
446 1177 590 1225 lingua
618 1175 794 1214 vincere.
853 1176 908 1214 Et
938 1179 1079 1214 tamen
1113 1175 1267 1214 mirum
1302 1177 1363 1213 est
1394 1187 1519 1224 quam
1549 1176 1687 1214 subito
1709 1186 1772 1218 395

87 1232 274 1269 mutatus
302 1231 473 1269 Brixius
499 1230 706 1269 incumbit
731 1230 776 1268 in
799 1230 933 1268 famae
960 1243 1074 1268 meae
1099 1243 1242 1268 curam
1268 1229 1395 1267 etiam
1421 1229 1517 1278 ipse,
1547 1232 1688 1279 vtpote

87 1284 202 1323 cuius
217 1298 303 1324 non
324 1285 406 1323 nisi
422 1285 562 1324 fauore
581 1297 625 1323 ac
645 1285 783 1323 studio
798 1286 862 1323 tot
877 1286 1108 1323 erratorum
1123 1297 1313 1322 meorum
1328 1297 1394 1321 me
1411 1286 1473 1322 tot
1488 1284 1685 1333 millium,

84 1341 173 1377 tam
201 1339 502 1389 pudendorum,
535 1338 678 1387 amice,
707 1339 918 1386 beneuole,
948 1338 1129 1377 fideliter
1157 1338 1519 1377 commonefecerit
1535 1353 1544 1386 ;
1578 1339 1689 1377 vide-

85 1393 183 1432 licet
202 1395 248 1432 vt
267 1394 397 1443 ipsius
416 1406 539 1443 opera
557 1393 845 1432 subducantur
863 1393 1112 1441 clanculum,
1132 1406 1236 1442 quae
1256 1393 1512 1431 circumferri
1532 1393 1690 1432 diutius

86 1448 240 1499 absque
259 1447 416 1498 insigni
437 1447 698 1487 traductione
718 1460 811 1486 mea
830 1460 875 1486 ac
897 1450 1095 1497 perpetua
1115 1447 1292 1497 quadam
1312 1447 1569 1496 ignorantiae
1589 1450 1688 1487 nota
1708 1459 1772 1489 400

87 1516 172 1541 non
207 1504 418 1552 poterant:
464 1515 544 1552 quo
577 1502 749 1540 nomine
783 1504 924 1540 censet
957 1504 1123 1540 tantum
1156 1501 1285 1539 etiam
1320 1501 1469 1539 debere
1498 1514 1566 1540 me
1600 1504 1688 1541 tam

85 1557 240 1596 amicae
258 1557 347 1595 eius
365 1557 604 1604 industriae,
629 1559 833 1606 quantum
854 1555 974 1595 alteri
994 1556 1213 1606 quisquam
1234 1556 1379 1594 debere
1399 1555 1539 1605 possit.

142 1611 233 1650 Hoc
253 1613 339 1650 tam
360 1611 529 1662 elegans
546 1624 593 1649 ac
612 1610 772 1649 bellum
792 1611 961 1649 schema
979 1612 1067 1649 tam
1081 1610 1350 1650 vehementer
1369 1610 1509 1648 arrisit
1528 1610 1684 1658 Brixio,

86 1668 133 1704 vt
160 1666 269 1715 quod
291 1679 416 1704 nemo
442 1678 527 1704 non
553 1665 686 1704 irrisit
712 1678 843 1715 quum
869 1665 1075 1715 legeretur
1099 1664 1145 1703 in
1172 1665 1413 1709 Antimoro,
1434 1678 1546 1703 nunc
1570 1665 1688 1704 velut

86 1720 239 1770 repetit
265 1720 392 1759 serio:
422 1720 577 1758 oblitus
602 1720 774 1758 interim
800 1719 970 1758 illorum
990 1732 1204 1767 versuum,
1224 1719 1373 1769 quibus
1394 1719 1499 1757 miro
1518 1719 1687 1769 ingenio
1707 1729 1770 1762 405

88 1774 436 1823 comminiscitur,
475 1787 556 1824 qua
593 1777 680 1813 arte
718 1787 830 1812 nunc
869 1773 1097 1812 verisimile
1135 1773 1191 1812 sit
1231 1787 1298 1811 me
1345 1775 1484 1811 tantae
1528 1774 1689 1812 mederi

86 1829 300 1877 infamiae,
319 1842 471 1879 nempe
496 1829 583 1877 hac,
607 1830 653 1867 vt
679 1841 824 1867 omnes
849 1828 977 1867 libros
1003 1828 1074 1878 qui
1098 1828 1184 1866 iam
1208 1828 1349 1866 excusi
1372 1830 1471 1866 sunt
1498 1841 1687 1878 vsquam,

87 1895 230 1922 curem
250 1884 436 1933 vndique
455 1885 686 1933 reportatos
705 1883 754 1921 ad
775 1896 853 1931 me,
875 1885 999 1932 atque
1026 1883 1085 1920 ita
1111 1885 1350 1933 repurgatos
1377 1884 1470 1932 post
1495 1883 1690 1922 emittam

88 1937 234 1976 denuo.
277 1938 332 1976 Et
351 1940 494 1976 tamen
514 1938 621 1976 hoc
610 1951 750 1987 1psum
769 1937 828 1975 ita
844 1914 1019 1975 'veretur
1037 1937 1219 1984 Brixius,
1243 1950 1294 1974 ne
1314 1935 1506 1975 videlicet
1525 1938 1690 1977 emissis

89 1991 133 2030 in
160 2005 306 2030 omnes
331 1992 514 2042 vndique
540 1995 670 2030 terras
696 1991 792 2041 plus
818 1991 1060 2041 quingentis
1084 1991 1243 2040 legatis,
1274 1991 1414 2029 omnia
1440 1992 1690 2041 exemplaria
1709 2003 1774 2035 410

88 2047 296 2096 recipiam,
326 2050 370 2085 vt
397 2047 584 2085 minetur
611 2059 655 2085 se
682 2047 891 2084 facturum
919 2046 980 2084 vti
1010 2046 1119 2095 apud
1149 2059 1192 2084 se
1220 2047 1344 2094 atque
1372 2045 1534 2095 aliquot
1563 2046 1690 2084 etiam

88 2100 191 2139 alios
211 2101 336 2150 (quod
356 2101 440 2139 nisi
459 2101 622 2139 emissis
641 2101 687 2138 in
706 2101 750 2138 id
777 2100 961 2139 vicissim
987 2100 1137 2149 legatis
1164 2100 1342 2147 difficile,
1366 2101 1524 2149 opinor,
1549 2100 1691 2150 fuerit)

89 2159 281 2205 corrupta
300 2155 549 2205 exemplaria
571 2156 724 2203 extent,
749 2167 852 2204 quae
871 2167 986 2193 meos
1009 2167 1169 2193 errores
1195 2154 1388 2204 (quorum
1415 2167 1527 2192 nunc
1553 2154 1594 2192 id
1621 2168 1690 2193 me

88 2209 284 2248 admonet
307 2211 353 2248 vt
374 2210 578 2248 tollantur
604 2208 850 2257 clanculum,
874 2222 927 2247 ne
954 2209 1047 2258 quis
1073 2208 1244 2259 posthac
1271 2208 1403 2257 possit
1428 2209 1689 2259 exprobrare)

89 2263 147 2302 sic
176 2263 372 2302 omnibus
400 2266 538 2302 essent
567 2263 813 2312 exhibitura,
844 2265 890 2302 vt
918 2276 993 2301 nec
1023 2263 1173 2301 Oceani
1198 2263 1351 2301 fluctus
1378 2276 1521 2301 omnes
1549 2264 1690 2303 sordes
1708 2276 1772 2308 415

88 2318 196 2356 mihi
215 2318 377 2367 possint
395 2318 575 2358 abluere.

145 2372 346 2411 Eiusdem
366 2372 433 2411 vel
453 2372 676 2411 memoriae
701 2371 769 2410 vel
796 2372 1050 2410 constantiae
1075 2371 1201 2410 etiam
1228 2370 1334 2409 illud
1361 2372 1436 2419 est,
1460 2372 1567 2422 quod
1594 2385 1688 2411 cum

88 2426 133 2465 in
162 2426 242 2465 ista
269 2427 443 2476 epistola
470 2426 520 2465 ad
550 2429 591 2465 te
618 2428 743 2476 neget
770 2426 1046 2465 Antimorum
1074 2439 1191 2464 suam
1216 2426 1426 2463 dentatam
1452 2439 1551 2473 esse,
1575 2428 1621 2465 vt
1644 2427 1689 2465 in

90 2494 170 2531 qua
198 2481 384 2520 mordeat
411 2481 502 2519 sine
531 2482 683 2528 dente;
720 2483 863 2519 tamen
892 2481 937 2518 in
967 2479 1319 2529 hendecasyllabis
1348 2480 1465 2529 (quos
1495 2481 1552 2519 ita
1581 2481 1688 2519 belle

90 2535 320 2582 concinnat,
343 2537 389 2573 vt
408 2535 452 2573 in
478 2548 610 2574 vnum
630 2548 800 2573 versum
821 2535 1033 2573 interdum
1059 2534 1237 2583 syllabas
1262 2534 1451 2572 intrudat
1477 2535 1689 2584 tredecim)
1708 2548 1775 2580 420

90 2590 147 2628 ait
166 2602 264 2628 suos
284 2590 423 2639 elegos
440 2602 484 2628 se
504 2603 598 2628 meo
618 2602 759 2627 cruore
779 2589 976 2628 oblinere.
1018 2589 1072 2627 Et
1092 2588 1213 2638 plane
1232 2589 1583 2638 quemadmodum
1604 2602 1689 2628 non

90 2644 232 2682 minus
261 2643 432 2681 ridicule
465 2646 609 2693 poetas
642 2643 833 2682 imitatur
866 2657 991 2693 quam
1021 2643 1237 2681 hominem
1272 2643 1404 2690 simia,
1439 2657 1514 2681 nec
1549 2643 1690 2682 minus

90 2697 229 2747 inepte
265 2697 503 2736 dissimulat
536 2710 661 2748 quam
694 2700 765 2736 aut
796 2698 930 2747 mugil
964 2698 1037 2736 aut
1070 2697 1297 2745 cuniculus,
1333 2697 1402 2746 qui
1437 2697 1688 2748 simulatque

89 2754 212 2801 caput
231 2751 277 2789 in
296 2751 458 2802 glebam
478 2751 716 2798 condiderit,
739 2753 876 2790 totum
897 2765 1046 2803 corpus
1066 2751 1167 2790 satis
1188 2753 1440 2792 occultatum
1459 2754 1603 2802 putat;
1633 2752 1691 2791 ita

129 2914 204 2944 393.
231 2904 427 2954 Aliander]
436 2904 468 2935 A
479 2904 777 2944 complimentary
787 2905 852 2935 let·
922 2904 1034 2935 Paris.

90 2951 143 2979 ter
158 2949 204 2988 by
221 2949 298 2978 him
320 2949 480 2987 praising
496 2948 557 2978 the
575 2957 676 2987 poem
694 2948 763 2978 and
789 2948 853 2979 the
966 2950 1038 2987 418.
1065 2947 1230 2989 epistola]
1255 2949 1317 2989 Ep.
1340 2959 1434 2988 1045.
1454 2959 1507 2989 34.

88 2992 293 3023 dedication
315 2994 351 3022 to
372 2991 434 3022 the
451 2992 597 3031 Queen'
589 3002 618 3021 is
634 2991 791 3031 prefixed
816 2994 853 3022 to
965 3001 1043 3030 419.
1068 2993 1106 3022 111
1125 2992 1450 3033 hendecasyllabis]
1492 2996 1686 3027 Antimmus.

87 3036 150 3067 the
169 3038 372 3074 Chorclz'yera:
395 3035 467 3066 and
483 3035 589 3066 dated
603 3045 645 3075 29
656 3035 737 3066 Dec.
756 3045 848 3075 1512,
923 3035 963 3065 so·
985 3035 1027 3066 E²
1043 3038 1094 3066 νο.

848 3109 924 3142 <22
