1990 3353
554 127 626 165 TO
665 125 886 165 ULRICH
925 125 1161 165 HUTTEN
1612 130 1662 167 13

56 126 152 181 999]

56 247 251 269 numerous
276 237 495 268 indications
511 235 550 266 of
572 234 765 274 1519—the
790 234 941 265 relation
966 236 1002 265 to
1026 234 1091 274 Ep.
1108 235 1183 274 986,
1204 234 1267 266 the
1291 235 1453 265 mention
1480 235 1517 265 of
1538 234 1665 266 More’s

57 282 187 313 second
204 281 379 320 embassv.
398 280 469 311 and
487 279 524 311 of
539 278 713 310 Hutten’s
730 278 922 309 Aula—the
938 278 1074 318 change
1092 278 1123 309 is
1138 279 1238 318 quite
1256 277 1533 319 inadmissiffle]

0 375 1 385 ¹
57 384 262 415 ERASMVS
280 382 618 414 ROTERODAMYS
635 380 911 413 CLARISSIMO
933 381 1090 418 EQVITI
1109 381 1311 413 VLRICHO
1334 382 1550 413 HVTTENO
1572 383 1605 411 S.
1622 383 1664 412 D.

113 465 233 514 QVOD
270 465 456 503 'rhomae
487 464 594 503 Mori
632 463 849 514 ingenium
888 463 946 502 sic
975 464 1142 502 deamas
1176 476 1222 502 ac
1255 477 1361 513 pene
1390 464 1567 503 dixerim
1602 464 1667 502 de-

58 521 181 570 peris,
213 519 415 557 nimirum
445 518 610 567 scriptis
639 518 755 556 illius
784 518 1082 565 inflammatus,
1110 518 1273 568 quibus,
1306 521 1352 557 vt
1380 532 1477 557 vere
1506 518 1663 565 scribis,

58 573 165 612 nihil
198 586 286 612 esse
318 574 453 622 potest
488 586 622 622 neque
655 573 816 611 doctius
847 586 980 623 neque
1008 573 1213 621 festinius,
1246 572 1364 616 istuc,
1398 573 1515 611 crede
1543 573 1662 619 mihi,

59 628 287 667 clarissime
302 627 503 675 Huttene,
522 627 600 665 tibi
619 639 715 665 cum
731 627 878 665 mult-is
892 640 1115 666 commune
1133 629 1207 673 est,
1225 641 1320 666 cum
1337 626 1454 665 Moro
1469 630 1666 666 mutuum

58 683 209 721 etiam:
241 695 342 720 nam
362 682 397 720 is
416 681 602 720 vicissim
628 681 729 720 adeo
748 681 1000 731 scriptorum
1028 683 1197 720 tuorum
1222 682 1345 731 genio
1369 681 1599 720 delectatur
1622 684 1668 720 vt

59 737 147 787 ipse
178 737 257 775 tibi
290 736 591 786 propemodum
620 735 845 774 inuideam.
906 736 1020 774 Haec
1053 735 1244 774 videlicet
1277 738 1340 774 est
1373 735 1445 774 illa
1477 736 1669 775 Platonis

59 791 250 830 omnium
269 792 451 829 maxime
469 790 662 828 amabilis
688 790 901 840 sapientia,
925 804 1027 840 quae
1053 790 1174 840 longe
1194 790 1480 840 flagrantiores
1506 804 1669 830 amores

59 847 211 884 excitat
240 845 352 884 inter
380 845 574 883 mortales
603 857 730 894 quam
756 844 866 883 vllae
895 844 1124 895 quamlibet
1152 845 1419 883 admirabiles
1448 858 1667 894 corporum

60 901 228 939 formae.
288 899 382 937 Non
402 899 585 937 cernitur
603 898 677 938 illa
701 899 869 949 quidem
890 899 1019 938 oculis
1045 899 1258 949 corporeis,
1283 900 1354 937 sed
1382 901 1423 937 et
1443 900 1584 938 animo
1605 900 1670 938 sui

61 956 159 993 sunt
177 953 286 992 oculi
306 967 316 1001 ;
345 955 391 992 vt
406 952 474 992 hic
495 967 657 1004 quoque
675 966 822 992 verum
842 954 1119 1003 comperiatur
1137 953 1243 992 illud
1265 954 1525 997 Graecorum,
1545 957 1584 992 ἐκ
1603 957 1669 992 τοῦ

61 1011 151 1058 ὁρᾶν
176 1009 342 1060 γίγνεται
368 1008 574 1057 ἀνθρώποις
592 1009 623 1046 τ’
645 1011 741 1057 ἐρᾶν.
801 1008 883 1046 Per
909 1008 985 1046 hos
1004 1008 1053 1046 fit
1073 1008 1290 1058 aliquoties
1310 1011 1356 1046 vt
1375 1008 1670 1048 ardentissima

61 1063 260 1102 charitate
280 1062 626 1112 conglutinentur
646 1063 758 1100 inter
777 1076 881 1112 quos
908 1076 983 1101 nec
1004 1062 1258 1112 colloquium
1280 1075 1355 1101 nec
1382 1065 1556 1101 mutuus
1575 1077 1668 1102 con-

61 1120 226 1168 spectus
244 1116 493 1155 intercessit.
547 1117 600 1155 Et
621 1117 973 1167 quemadmodum
994 1117 1119 1166 vulgo
1140 1117 1188 1155 fit
1208 1120 1256 1155 vt
1275 1117 1448 1155 incertis
1467 1118 1517 1156 de
1538 1118 1671 1157 causis

61 1172 143 1211 alia
161 1172 296 1211 forma
314 1171 418 1210 alios
438 1171 580 1220 rapiat,
602 1172 661 1210 ita
679 1171 843 1210 videtur
862 1174 903 1210 et
928 1171 1194 1221 ingeniorum
1215 1185 1304 1210 esse
1323 1171 1447 1210 tacita
1467 1173 1671 1222 quaedam

62 1227 260 1276 cognatio,
294 1239 398 1276 quae
426 1225 524 1264 facit
554 1228 601 1264 vt
629 1227 752 1264 certis
780 1226 961 1276 ingeniis
991 1226 1178 1275 impense
1209 1225 1473 1274 delectemur,
1497 1228 1671 1266 caeteris

60 1294 145 1319 non
166 1281 280 1319 item.

117 1336 334 1375 Caeterum
357 1335 464 1384 quod
485 1348 508 1373 a
527 1348 595 1373 me
614 1334 786 1384 flagitas⁷
811 1336 856 1373 vt
876 1335 954 1373 tibi
973 1337 1109 1373 totum
1135 1335 1302 1374 Morum
1321 1335 1438 1375 velut
1464 1335 1509 1373 in
1529 1335 1672 1374 tabula

62 1389 292 1440 depingam,
312 1390 474 1427 vtinam
490 1391 575 1427 tam
597 1389 784 1428 absolute
803 1392 1013 1439 praestare
1029 1402 1179 1439 queam
1200 1403 1326 1439 quam
1342 1392 1388 1427 tu
1405 1389 1675 1428 vehementer

62 1444 202 1494 cupis!
246 1444 353 1482 Nam
378 1443 485 1482 mihi
514 1457 678 1493 quoque
708 1457 791 1482 non
820 1443 1098 1482 iniucundum
1118 1444 1246 1482 fuerit
1275 1444 1445 1482 interim
1474 1444 1518 1482 in
1548 1445 1673 1483 amici

47 1498 198 1537 ·multo
237 1498 429 1537 omnium
467 1498 706 1536 suauissimi
743 1498 1096 1548 contemplatione
1133 1499 1302 1536 versari.
1369 1498 1448 1537 Sed
1486 1499 1672 1548 primum

64 1555 106 1592 οὐ
124 1554 262 1593 παντὸς
282 1553 412 1602 ἀνδρός
431 1556 535 1591 ἐστιν
553 1565 699 1591 omnes
718 1553 826 1590 Mori
844 1553 961 1591 dotes
976 1553 1246 1602 perspexisse.
1289 1553 1448 1591 Deinde
1465 1553 1572 1591 haud
1589 1553 1673 1591 scio

63 1621 116 1646 an
136 1607 207 1646 ille
227 1608 388 1646 laturus
408 1606 463 1645 sit
482 1620 505 1645 a
524 1607 710 1656 quolibet
729 1607 885 1646 artifice
906 1607 1075 1657 depingi
1095 1620 1193 1646 sese.
1255 1607 1339 1646 Nec
1359 1608 1472 1645 enim
1494 1607 1674 1646 arbitror

64 1662 232 1701 leuioris
251 1674 340 1700 esse
361 1675 505 1711 operae
524 1662 688 1700 Morum
709 1662 900 1711 effingere
921 1675 1046 1711 quam
1071 1662 1355 1700 Alexandrum
1379 1675 1581 1711 magnum
1601 1664 1673 1701 aut

65 1716 288 1760 Achillem,
320 1729 394 1754 nec
428 1715 494 1754 illi
529 1729 653 1766 quam
683 1716 750 1754 hic
780 1717 922 1754 noster
954 1716 1271 1755 immortalitate
1301 1716 1512 1766 digniores
1539 1719 1670 1755 erant.

65 1771 165 1809 Tale
193 1772 488 1820 argumentum
514 1783 684 1820 prorsus
708 1770 870 1820 Apellis
898 1770 1130 1820 cuiuspiam
1158 1784 1332 1809 manum
1359 1772 1603 1821 desyderat3
1633 1773 1674 1810 at
1696 1786 1710 1807 2

66 1838 208 1864 vereor
231 1838 282 1863 ne
312 1825 400 1875 ipse
428 1825 569 1863 Fuluii
595 1825 867 1875 Rutubaeque
895 1825 1073 1863 similior
1099 1825 1179 1863 sini
1206 1839 1332 1875 quam
1359 1826 1534 1876 Apellis,
1594 1825 1674 1864 Ex-

67 1880 200 1930 periar
220 1881 359 1917 tamen
380 1879 459 1918 tibi
479 1879 610 1918 totius
636 1879 822 1917 hominis
847 1880 1146 1918 simulachrum
1172 1880 1368 1918 deliniare
1387 1879 1528 1918 verius
1550 1893 1675 1930 quam

67 1934 309 1983 exprimere,
362 1936 567 1984 quantum
610 1946 660 1971 ex
699 1933 860 1972 diutina
902 1934 1209 1984 domesticaque
1257 1934 1560 1973 consuetudine
1609 1935 1676 1973 vel

67 1988 394 2028 animaduertere
412 1987 532 2026 licuit
551 1988 619 2026 vel
638 1988 891 2026 meminisse.
934 1988 1051 2036 Quod
1071 1989 1273 2039 siquando
1294 1988 1365 2026 fiet
1380 1991 1426 2027 vt
1445 2002 1519 2027 vos
1537 1989 1675 2039 aliqua

67 2043 220 2092 legatio
241 2043 491 2090 committat,
508 2044 600 2081 tum
621 2043 792 2081 demum
808 2043 1018 2093 intelliges
1035 2057 1159 2093 quam
1176 2057 1260 2081 non
1277 2043 1455 2092 probum
1472 2043 1676 2082 artificem
1698 2059 1710 2074 ν

68 2098 118 2136 ad
149 2097 226 2135 hoc
258 2097 418 2147 negocii
447 2097 672 2146 delegeris;
711 2110 936 2147 vereorque
974 2097 1097 2147 plane
1128 2111 1180 2136 ne
1215 2111 1282 2135 me
1312 2099 1384 2136 aut
1422 2097 1675 2136 inuidentiae

109 2203 173 2224 TIT.
193 2202 397 2224 CLARISSIMO
413 2202 530 2231 EQVITI
546 2204 604 2225 om.
624 2196 667 2224 H.

803 2204 833 2233 3.
860 2195 952 2225 mihi
970 2195 1072 2226 crede
1088 2198 1124 2227 F.

67 2237 190 2277 ’γίνεται
207 2239 273 2267 EF.
385 2236 415 2267 τ’
431 2248 490 2269 om.
509 2239 552 2268 H.

666 2247 716 2277 15.
741 2239 892 2269 caeteris
910 2248 982 2271 non
1001 2240 1088 2270 item
1105 2242 1178 2270 add.
1196 2243 1233 2271 F.

1255 2205 1304 2226 11.
1330 2194 1477 2235 ’γίγνεται
1494 2198 1522 2226 Ε
1539 2198 1650 2233 ζὀνγῐῃ.
1670 2207 1677 2226 z

1345 2249 1396 2278 27.
1421 2239 1604 2271 delineare
1617 2238 1677 2272 Νῧ.

114 2364 145 2387 2.
171 2354 312 2395 scribis]
338 2354 411 2385 The
433 2354 542 2385 letter
564 2354 594 2384 is
619 2357 682 2385 not
706 2356 840 2385 extant.

73 2398 143 2429 But
160 2399 189 2429 it
203 2400 299 2429 must
310 2398 400 2429 have
414 2398 503 2429 been
516 2398 615 2438 prior
628 2400 664 2428 to
678 2397 739 2437 Ep.
753 2398 819 2437 986
833 2409 840 2436 ;

72 2442 116 2474 cf.
134 2441 156 2472 l.
173 2452 249 2481 30²·

116 2496 145 2524 4.
172 2485 356 2526 mutuum]
381 2485 449 2516 For
471 2485 547 2516 this
570 2486 727 2525 opening
750 2495 843 2516 eom-

74 2529 217 2570 parison
235 2529 277 2560 cf.
297 2538 324 2567 1,
341 2539 374 2568 p.
392 2538 445 2567 27.
464 2538 581 2568 29-31.

120 2583 170 2604 10.
195 2571 429 2614 Graecorum]
445 2573 476 2603 A
489 2572 640 2612 proverb
653 2573 783 2612 quoted
798 2573 844 2612 by

76 2617 343 2657 Diogenianus:
369 2616 412 2647 cf.
432 2619 537 2654 Aday.
559 2626 631 2655 179.

118 2670 170 2692 20.
188 2658 412 2700 suauissimi]
422 2659 618 2699 Evidently
630 2660 692 2690 the
704 2660 843 2700 epithet

76 2703 132 2735 for
147 2704 254 2743 More,
273 2704 392 2734 which
410 2704 509 2743 gives
526 2703 590 2734 the
607 2705 692 2734 note
710 2704 765 2735 sor
781 2703 844 2734 the

77 2747 194 2779 whole
210 2747 358 2785 sketch3
382 2746 424 2779 cf.
445 2747 484 2779 ll.
506 2757 576 2786 111,
596 2756 671 2786 301.

121 2801 174 2824 21.
201 2792 237 2821 οὐ
253 2789 387 2832 παντὸς]
412 2790 464 2822 cf.
481 2794 585 2829 Adaq.
602 2801 678 2830 301.

120 2836 173 2866 26.
200 2835 321 2866 Fuluii
342 2834 593 2876 Rutubaeque]
617 2834 692 2865 The
713 2835 846 2874 gladia-

79 2880 152 2909 tors
175 2878 213 2910 of
241 2878 329 2910 Hor.
354 2881 386 2909 S.
413 2888 443 2909 2.
469 2889 498 2918 7.
523 2879 579 2918 96,
602 2879 724 2909 where
749 2879 846 2909 their

80 2931 202 2954 names
219 2932 324 2953 occur
340 2923 380 2953 in
400 2932 420 2953 a
443 2922 665 2962 comparison
683 2922 845 2953 between

79 2965 141 2997 the
172 2965 270 2997 work
304 2965 343 2996 of
369 2965 432 2997 the
463 2966 569 2997 artist
602 2966 748 2997 Pausias
773 2965 845 2997 and

78 3010 235 3049 pictures
252 3010 290 3041 os
309 3009 534 3049 gladiatorial
551 3009 689 3048 shows;
713 3010 802 3041 with
828 3019 846 3040 a

910 2354 1097 2393 suggested
1110 2355 1267 2385 contrast
1284 2354 1443 2384 between
1457 2353 1592 2384 refined
1608 2352 1680 2383 and

912 2398 1038 2437 vulgar
1053 2397 1275 2437 enjoyinent.
1321 2397 1396 2428 The
1413 2397 1494 2428 idea
1518 2398 1557 2427 in
1581 2397 1680 2427 Eras—

913 2442 1002 2471 mus’
1021 2441 1125 2472 mind
1148 2451 1220 2472 was
1243 2441 1395 2482 perhaps
1419 2441 1624 2480 something
1646 2441 1683 2471 of

913 2485 998 2516 this.
1040 2485 1114 2515 The
1127 2488 1322 2516 Athenaeum
1341 2486 1512 2515 reviewer
1522 2486 1681 2524 suggests

912 2529 993 2560 that
1013 2529 1181 2559 Erasmus
1202 2529 1377 2569 supposed
1399 2528 1499 2560 them
1517 2531 1552 2559 to
1571 2529 1610 2558 be
1628 2529 1680 2558 in-

913 2572 1081 2603 different
1097 2573 1270 2612 painters.
1318 2573 1390 2603 But
1407 2575 1680 2611 contemporary

914 2618 1016 2647 notes
1048 2626 1093 2647 on
1134 2616 1273 2647 Horace
1311 2616 1470 2647 indicate
1504 2616 1604 2647 them
1643 2626 1681 2646 as

912 2659 1127 2699 gladiators;
1152 2660 1225 2691 and
1242 2661 1281 2691 of
1299 2660 1376 2690 this
1400 2659 1681 2700 interpretation

914 2704 1084 2734 Erasmus
1107 2714 1172 2734 can
1196 2703 1327 2744 hardly
1351 2704 1442 2735 have
1468 2704 1556 2734 been
1583 2703 1681 2742 igno-

914 2749 1008 2779 rant.
1058 2747 1114 2778 He
1131 2748 1229 2779 often
1254 2757 1334 2778 uses
1353 2748 1415 2778 the
1437 2757 1534 2777 same
1560 2747 1680 2786 figure.

914 2801 983 2830 eg.
1010 2792 1049 2821 in
1081 2791 1143 2822 the
1167 2792 1243 2822 first
1267 2791 1405 2831 preface
1431 2793 1467 2822 to
1490 2791 1560 2821 vol.
1588 2791 1612 2820 ii
1646 2789 1685 2819 of

913 2834 1069 2872 Jerome,
1096 2836 1188 2874 1516,
1216 2836 1239 2866 f.
1258 2845 1278 2874 3
1300 2838 1340 2865 v⁰
1365 2835 1422 2875 (cf.
1452 2835 1515 2874 Ep.
1538 2835 1602 2873 326
1630 2834 1682 2863 in-

916 2879 1026 2913 trod.)
1044 2889 1051 2909 τ
1071 2879 1173 2910 ‘cum
1191 2878 1367 2909 bubulcus
1384 2878 1532 2909 interim
1549 2878 1682 2916 aliquis

916 2932 982 2953 nec
1013 2922 1118 2953 Fului
1151 2924 1214 2953 aut
1246 2922 1410 2953 Rutubae
1449 2931 1599 2952 manum
1638 2921 1681 2951 ab

915 2965 1078 3006 Appellis
1095 2968 1157 2997 aut
1175 2966 1344 2997 Xeusidis
1361 2975 1472 2997 manu
1488 2966 1535 2996 sit
1553 2965 1681 2996 discre-

916 3011 1041 3040 turus.¹
1091 3010 1141 3041 Cf.
1162 3010 1236 3040 also
1254 3012 1358 3048 Αιῑαςγ.
1376 3019 1472 3048 3401.

1692 968 1730 990 10

1695 1515 1733 1537 20
