1990 3353
579 95 698 134 THE
737 94 922 134 HEINE
962 94 1310 135 COLLECTION
1663 96 1743 134 625

139 218 260 244 causa
278 205 464 244 celebret.
525 204 702 243 Nullum
721 203 960 254 bibliopolis
984 202 1135 242 certius
1163 203 1213 241 ad
1238 203 1518 242 conciliandos
1537 206 1742 254 emptores
1759 221 1798 252 95

137 259 316 298 illicium
342 272 466 309 quam
490 259 697 308 praelatus
719 258 838 297 libris
868 257 1063 296 omnibus
1083 257 1246 296 Erasmi
1273 258 1551 306 recognitoris,
1574 259 1740 307 castiga·

137 313 250 361 toris,
272 313 529 352 annotatoris
548 312 725 360 titulus;
754 312 979 361 nullusque
1000 314 1086 350 tam
1114 311 1320 361 pretiosus
1343 311 1458 359 liber,
1483 312 1625 350 nullus
1649 326 1739 351 eon-

136 370 202 406 tra
217 369 304 406 tam
324 367 540 417 despectus
558 380 603 406 ac
624 366 733 414 vilis,
758 367 825 404 cui
846 380 929 405 non
953 365 1184 404 authoritas
1210 366 1482 416 maiestasque
1508 379 1557 404 ex
1577 366 1740 405 Erasmi

137 422 335 460 lemmate
361 421 538 460 accedat.
597 420 650 459 Et
679 434 733 459 ne
761 420 924 471 singula
954 432 1187 470 prosequar,
1216 423 1374 469 regnat,
1404 420 1511 458 mihi
1539 421 1667 468 crede,
1695 421 1739 458 in

137 476 274 514 media
293 475 509 514 doctorum
529 475 873 524 indoctorumque
892 487 1029 512 arena.
1088 474 1209 512 Vnus
1224 474 1356 512 Laeus
1372 474 1568 512 inuentus
1587 477 1649 513 est
1670 476 1740 524 qui
1762 492 1821 514 100

137 529 305 568 auderet
331 529 555 568 Erasmum
582 529 747 579 scriptis
776 529 988 575 lacessere,
1021 526 1093 566 sed
1119 528 1267 566 fortius
1298 529 1469 567 fortasse
1492 531 1562 567 aut
1587 528 1738 567 iustius

137 596 264 634 quam
293 583 491 623 foelicius.
552 582 646 621 Non
675 582 799 621 aliter
826 584 1018 631 acceptus
1048 584 1109 619 est
1140 595 1266 631 quam
1295 582 1438 621 Zoilus
1461 582 1666 632 quispiam
1694 583 1738 620 in

138 637 373 676 Homerum
396 640 467 676 aut
491 637 656 676 Momus
684 636 729 675 in
752 636 968 675 Venerem.
1025 635 1108 673 Vix
1134 635 1291 674 librum
1318 636 1522 683 emiserat,
1544 650 1635 675 ecce
1660 637 1737 675 tibi

136 693 289 730 exeunt
313 691 498 742 vndique
527 690 772 738 inuectiuae,
801 690 1094 735 oratiunculae,
1124 692 1346 737 scazontes,
1379 690 1504 737 dirae,
1537 691 1738 729 miserum

138 745 294 784 Laeum
313 746 477 784 miseris
504 745 641 784 modis
669 744 909 785 lacerantes,
931 746 975 783 vt
996 743 1062 782 vel
1088 744 1201 783 stilis
1228 744 1537 791 confodiendus,
1561 745 1596 783 si
1623 757 1664 782 se
1694 745 1738 782 in
1762 764 1818 795 105

136 800 351 850 publicum
371 800 564 846 dedisset,
587 799 807 838 videretur.

189 854 346 893 Verum
367 867 441 904 ego
459 856 506 892 vt
527 853 656 892 semel
680 853 852 892 tandem
875 853 1032 900 finiam,
1057 852 1307 891 exactiorem
1334 852 1384 891 de
1410 852 1626 891 literatura
1652 866 1738 891 cen-

136 921 276 947 suram
299 908 555 948 doctioribus
579 908 724 958 tuique
750 907 964 946 similibus
991 907 1205 953 mandans,
1227 920 1320 945 amo
1347 907 1467 956 plane
1488 920 1739 957 venerorque

136 962 450 1013 indefatigabile
480 963 525 1001 in
559 962 730 1001 homine
760 975 859 1000 sene
890 961 1088 1007 studium,
1123 961 1410 1000 incredibilem
1440 961 1500 999 rei
1529 961 1737 999 1116131136

135 1016 335 1065 ardorem,
371 1017 504 1056 vitam
534 1017 854 1066 conuictumque
885 1016 1006 1066 plane
1029 1015 1336 1055 scholasticum.
1396 1015 1450 1054 Et
1479 1017 1535 1062 tu,
1569 1016 1604 1053 si
1634 1015 1740 1054 mihi
1762 1029 1819 1051 110

137 1071 280 1117 credis,
296 1071 448 1111 redibis
465 1071 510 1110 in
525 1071 704 1121 gratiam
725 1084 821 1110 011111
841 1070 1010 1110 1101111116
1030 1071 1196 1109 literato
1212 1070 1405 1108 literatus
1420 1071 1518 1120 ipse.
1562 1071 1629 1108 Ad
1647 1083 1737 1108 eam

137 1125 438 1164 conciliandam
469 1126 505 1164 si
535 1125 628 1176 quis
656 1125 738 1163 mei
765 1138 865 1164 vsus
893 1125 1029 1168 fuerit,
1053 1128 1214 1174 praesto
1244 1124 1322 1162 tibi
1351 1137 1444 1163 sum
1471 1137 1598 1174 aeque
1621 1137 1665 1162 30
1692 1124 1737 1162 111

136 1180 283 1219 ceteris
306 1193 576 1231 quaecunque
598 1180 648 1219 ad
676 1179 926 1230 dignitatem
956 1182 1072 1218 tuam
1098 1179 1296 1217 tuendam
1319 1178 1737 1229 amplificandamque

136 1234 342 1283 pertinere
361 1234 616 1273 intellexero.
674 1233 790 1273 Vale.

469 1631 550 1674 No.
574 1634 613 1674 2.
675 1632 807 1673 FROM
842 1631 1048 1674 Srrmm
1082 1644 1134 1673 To
1168 1633 1404 1674 VERGARA.

181 1736 305 1773 Heine
325 1736 403 1773 MS.
424 1747 483 1772 XI.
1454 1741 1583 1778 Rome.

1358 1810 1379 1844 9
1396 1799 1564 1845 January
1587 1810 1686 1845 1322.

179 1876 412 1918 [Answering
429 1877 491 1909 No.
514 1887 541 1915 1,
560 1878 633 1909 and
649 1878 826 1918 referring
843 1880 879 1908 to
897 1878 958 1918 Ep.
982 1879 1072 1917 1236.
1091 1880 1206 1918 53-61.
1254 1880 1326 1909 The
1344 1879 1444 1910 dates
1460 1890 1518 1911 are
1537 1881 1730 1911 confirmed

136 1920 180 1960 by
197 1920 259 1950 the
284 1919 393 1951 death
409 1921 448 1951 of
468 1921 536 1952 Leo
552 1931 575 1952 x
591 1922 662 1952 and
687 1922 748 1953 the
772 1921 927 1952 election
948 1923 986 1952 of
998 1923 1139 1952 Adrian
1156 1932 1203 1953 VI.
1253 1924 1285 1954 A
1303 1925 1386 1953 note
1403 1924 1590 1963 preserved
1608 1925 1654 1964 by
1670 1925 1732 1955 the

134 1964 283 2004 copyist,
307 1971 314 1981 ⁵
327 1961 452 2004 Resp⁰¹²²
471 1967 650 2005 postremo
675 1965 719 1996 de
743 1965 902 1996 Hebrero
917 1965 934 2004 ',
953 1966 1068 1996 shows
1086 1966 1165 1996 that
1185 1965 1337 2006 Vergara
1354 1967 1490 2006 replied
1508 1978 1552 1998 on
1570 1968 1610 1997 28
1629 1968 1708 2000 Feb.
1725 1981 1729 1998 ;

134 2008 198 2038 but
217 2007 273 2038 his
290 2007 399 2039 letter
414 2008 479 2040 has
495 2010 584 2040 been
598 2009 677 2040 lost.
711 2009 785 2040 The
799 2009 963 2040 mention
975 2010 1025 2049 (11.
1046 2019 1164 2048 102-7)
1178 2011 1216 2040 of
1228 2010 1281 2041 Jo.
1297 2011 1443 2041 Eberlin
1457 2012 1494 2041 of
1507 2011 1730 2052 Giinzburgu,

134 2061 173 2081 xv
192 2053 449 2089 Buncltqenossen
465 2053 495 2084 is
512 2052 737 2094 notioeable.]

189 2143 290 2182 MvY
309 2145 538 2184 reuerendo
559 2147 691 2184 senor.
750 2145 819 2183 Vn
840 2146 1086 2184 emboltorio
1107 2150 1273 2186 vuestro
1295 2148 1553 2198 despachado
1568 2163 1619 2188 en
1633 2150 1734 2188 Bru-

134 2198 264 2236 xellas
282 2210 306 2236 a
330 2211 358 2237 x
382 2198 433 2236 de
457 2199 613 2238 Otubre
643 2199 775 2249 recebi
802 2200 899 2250 aqui
928 2214 979 2238 en
1005 2201 1136 2240 Roma
1156 2215 1178 2240 a
1198 2203 1269 2240 xvi
1290 2203 1339 2240 de
1364 2203 1606 2242 Diziembre.
1675 2204 1733 2242 Lo

135 2265 213 2301 que
232 2265 284 2290 en
304 2252 343 2291 el
363 2253 484 2292 dicho
511 2254 757 2292 emboltorio
783 2255 918 2300 venia,
941 2268 1008 2293 era
1038 2268 1119 2293 vna
1145 2260 1255 2294 carta
1284 2260 1451 2295 vuestra
1474 2271 1525 2295 en
1555 2258 1679 2297 Latin
1708 2273 1733 2308 y

134 2305 174 2344 la
195 2306 401 2357 Apologia
425 2307 492 2346 del
517 2308 723 2347 honrrado
743 2308 930 2355 Erasmo.
954 2309 995 2347 la
1021 2309 1115 2359 qual
1144 2310 1237 2348 auia
1263 2311 1350 2349 dias
1371 2325 1448 2361 que
1469 2325 1520 2361 yo
1541 2312 1734 2351 desseaua

135 2360 286 2398 mucho
319 2374 403 2410 ver,
439 2375 514 2412 por
547 2376 625 2413 que
661 2362 793 2400 Paulo
827 2362 1062 2411 Bombasio,
1096 2365 1312 2402 secretario
1347 2366 1396 2403 de
1429 2368 1652 2405 monsenor
1685 2367 1734 2405 de
1755 2383 1770 2413 5

135 2414 407 2461 Santicuatro,
429 2429 508 2466 que
534 2430 578 2455 es
601 2417 638 2455 el
663 2416 796 2466 (que)
819 2417 914 2466 aqui
934 2431 1106 2467 procura
1125 2431 1200 2468 por
1219 2419 1393 2458 Erasmo
1421 2434 1447 2469 y
1472 2421 1510 2458 le
1534 2420 1733 2470 fauorece,

134 2481 200 2506 me
229 2468 322 2507 auia
350 2470 559 2509 mostrado
586 2483 668 2509 vna
696 2475 806 2509 carta
835 2485 913 2521 que
943 2472 980 2510 le
1014 2473 1107 2510 auia
1137 2473 1284 2511 escrito
1314 2473 1351 2512 el
1385 2474 1505 2512 dicho
1535 2475 1733 2522 Erasmo;

135 2535 186 2560 en
206 2522 246 2561 la
266 2523 363 2573 qual
382 2524 492 2563 inter
511 2526 647 2563 cetera
667 2525 791 2573 dezia,
813 2525 1051 2575 ‘Hispanus
1071 2527 1142 2564 ille
1167 2530 1230 2565 est
1251 2527 1421 2566 Stunica
1442 2530 1512 2578 qui
1533 2529 1577 2566 111
1594 2530 1733 2567 Anni·-

134 2577 314 2615 tationes
334 2591 447 2617 meas
465 2579 762 2628 gloriosissime
782 2580 1055 2620 debacchatus
1082 2584 1168 2628 est;
1199 2582 1265 2619 cui
1291 2595 1366 2620 nos
1392 2582 1509 2621 breui
1530 2583 1733 2633 Apologia

134 2630 236 2669 satis
261 2631 442 2671 ciuiliter
468 2634 760 2683 respondimus
778 2635 796 2671 ⁹.
856 2635 965 2672 Ansi
995 2648 1072 2684 que
1101 2648 1154 2683 yo
1184 2638 1324 2674 estaua
1354 2650 1405 2674 en
1435 2641 1520 2675 esta
1551 2642 1732 2686 expecta·
1758 2651 1794 2673 10

134 2685 239 2732 tion,
259 2685 309 2723 de
337 2686 376 2725 13
405 2687 501 2737 qual
531 2701 598 2726 me
628 2701 753 2737 aueys
779 2689 945 2738 quitado
971 2702 1046 2738 por
1079 2692 1246 2728 vuestra
1274 2690 1412 2728 virtud
1443 2704 1494 2729 en
1523 2692 1732 2730 enbiarme

136 2752 212 2777 eon
232 2742 349 2778 tanta
370 2740 587 2791 diligencia
605 2742 646 2780 la
672 2741 790 2780 dicha
809 2743 1035 2793 Apologia:
1073 2743 1114 2781 lo
1140 2743 1236 2793 qual
1256 2757 1301 2782 os
1321 2746 1443 2794 teng-0
1469 2759 1521 2783 en
1547 2745 1732 2795 singular

134 2793 308 2842 merced.
377 2794 563 2844 Quisiera
600 2809 678 2846 que
715 2796 806 2834 ansi
844 2810 1003 2835 mesmo
1038 2798 1206 2836 ouierau
1239 2798 1391 2837 venido
1422 2813 1444 2837 3
1479 2801 1558 2837 mis
1588 2813 1732 2838 manos

135 2847 318 2897 aquellas
354 2849 658 2888 Annotationes
697 2850 745 2888 de
782 2851 864 2889 Leo
902 2865 977 2889 con
1016 2851 1055 2889 13
1094 2856 1302 2901 respuesta
1342 2853 1390 2891 de
1427 2854 1611 2900 Erasmo,
1653 2867 1731 2904 que

135 2901 255 2949 dezis,
278 2904 410 2952 seiior,
434 2917 512 2954 que
540 2917 607 2942 me
635 2904 842 2943 enbiastes
865 2918 888 2943 3
909 2906 1096 2955 Espasia:
1127 2918 1200 2954 por
1225 2920 1302 2956 que
1324 2920 1375 2955 yo
1396 2919 1531 2945 11111103
1552 2907 1611 2945 las
1639 2908 1731 2946 auia
1755 2921 1789 2953 15

134 2955 241 2994 visto
261 2955 379 2996 hasta
404 2971 482 3008 que
510 2971 561 2997 en
583 2958 767 3005 Genoua,
790 2959 954 3009 quando
976 2960 1094 2998 venia
1120 2973 1200 3007 303,
1226 2973 1303 3010 que
1330 2974 1397 2999 era
1421 2975 1542 3010 agora
1563 2974 1616 2998 vn
1638 2964 1729 3000 ano.

201 3030 274 3052 4524
898 3036 918 3061 S
944 3038 963 3062 S
