1990 3353
117 119 240 174 1126]
605 120 676 159 ΤΟ
715 119 1004 158 HERMANN
1041 118 1232 158 BUSCH
1641 118 1718 156 311

114 230 247 280 pietas
266 229 400 279 coepit
421 241 589 279 operam
609 228 705 266 dare
725 226 913 276 legendis
934 226 1099 264 Erasmi
1124 225 1437 264 commentariis
1452 224 1461 239 ³
1478 239 1487 272 ;
1517 223 1722 263 nimirum

116 285 286 334 captans
314 284 541 330 hominem,
564 282 635 332 qui
664 281 701 320 si
724 284 915 331 negasset
943 294 988 319 se
1009 281 1166 330 legisse,
1191 279 1336 319 statim
1358 279 1588 326 obiecisset,
1613 279 1622 297 ‘
1640 278 1724 317 Cur

116 339 245 388 igitur
258 338 424 388 publice
439 338 613 376 damnas
628 335 739 386 quod
755 349 839 374 non
860 335 1011 385 legeris
1026 336 1046 373 ⁶?
1059 334 1069 349 '
1117 334 1167 373 Id
1183 335 1469 384 praesentiens
1484 332 1723 372 Standicius

121 394 130 412 ‘
147 393 354 431 Fortassis
368 393 378 408 '
393 407 402 431 :
432 391 582 441 inquit,
610 393 619 410 ⁴
631 393 798 429 tantum
814 390 897 439 legi
913 392 1118 440 quantum
1135 389 1242 427 mihi
1257 389 1302 427 in
1317 389 1458 428 animo
1473 390 1535 426 est
1551 388 1685 437 legere
1697 386 1721 423 ³.

119 448 229 486 Tum
257 447 365 486 alter
387 446 506 485 ‘Non
531 445 678 484 dubito
696 445 704 459 ’
724 444 862 494 inquit
885 445 894 463 ‘
911 443 1015 494 quin
1034 443 1195 493 legeris.
1256 443 1363 482 Nam
1388 443 1511 481 hodie
1538 442 1724 480 nomina·
1746 460 1786 492 55

118 503 199 541 tim
237 503 367 540 etiam
412 501 553 539 locum
592 499 801 550 quendam
843 498 997 537 taxasti
1036 499 1082 536 in
1128 498 1490 536 Annotationibus
1528 496 1646 535 illius
1682 495 1727 533 in

120 557 325 596 Ioannem
339 556 359 595 '.
421 555 505 593 Ille·
532 567 676 593 rursus
708 553 902 603 ambigue
935 552 1165 603 respondit,
1200 552 1469 591 subindicans
1507 554 1649 590 tamen
1684 563 1728 588 se

121 612 282 661 legisse.
345 610 513 659 ‘Euge,'
541 609 690 658 inquit,
721 610 844 646 ‘aueo
874 607 979 646 scire
1009 607 1161 657 quibus
1189 607 1446 656 argumentis
1474 608 1544 644 aut
1576 605 1730 655 quibus

122 665 339 704 autoribus
367 664 526 703 nitatur
551 663 761 701 Erasmus.
821 661 906 700 Nec
929 661 1044 700 enim
1070 661 1245 700 dubium
1268 663 1332 700 est
1360 661 1461 711 quin
1488 658 1733 699 huiusmodi

125 721 250 759 rebus
282 720 414 757 fretus
459 719 514 756 sit
550 731 676 756 ausus
715 719 878 755 mutare
916 717 1056 754 locum
1073 716 1093 755 ⁹.
1152 716 1235 754 Hic
1272 729 1368 754 cum
1406 715 1479 754 ille
1517 716 1732 753 teneretur
1750 722 1794 755 60

127 774 301 821 medius,
333 774 392 811 sic
420 773 546 811 elusit
574 772 808 822 impudens.
871 770 1015 809 ‘Nihil
1042 770 1208 809 moror'
1235 770 1373 820 inquit
1404 770 1543 808 ‘illius
1568 771 1733 807 autores

127 830 200 868 aut
221 828 415 866 rationes.
478 826 585 865 Mihi
611 827 712 865 satis
741 827 804 864 est
829 826 939 876 quod
967 826 1134 875 scripsit
1159 825 1438 875 Augustinus,
1470 823 1549 862 Dei
1576 823 1733 862 Filium

126 883 265 934 aptius
283 882 482 932 explicari
500 895 573 932 per
590 881 765 920 verbum
786 894 911 931 quam
931 894 1005 931 per
1023 881 1242 925 rationem,
1266 893 1363 918 cum
1389 880 1505 931 λόγος
1523 880 1735 927 vtrunque

128 937 335 988 significet
359 937 526 975 Graecis
542 936 563 975 '.
626 938 635 955 ‘
651 934 894 975 Assentior'
919 935 1059 985 inquit
1082 935 1188 973 alter
1211 937 1219 953 ⁴
1233 934 1284 972 de
1313 934 1473 972 ratione
1494 948 1503 981 ;
1533 933 1604 971 sed
1633 931 1735 982 quid

128 992 241 1031 istud
270 992 320 1030 ad
347 991 615 1030 sermonem?
671 990 757 1028 Nec
784 990 898 1028 enim
929 990 1131 1028 Erasmus
1158 989 1287 1027 vertit
1310 989 1402 1027 “In
1422 987 1628 1038 principio
1647 987 1737 1025 erat
1757 993 1798 1035 65

130 1048 236 1086 ratio
249 1046 283 1094 ²⁹,
315 1047 385 1085 sed
413 1048 436 1065 ‘⁴
454 1045 506 1083 In
536 1044 740 1095 principio
768 1047 856 1083 erat
885 1058 1020 1083 sermo
1034 1044 1055 1059 '³
1072 1046 1091 1082 ⁹.
1152 1044 1260 1082 Tum
1280 1042 1351 1082 ille
1374 1046 1382 1061 ⁴
1398 1043 1556 1081 Eadem
1571 1041 1581 1057 '
1602 1040 1740 1091 inquit

134 1104 144 1120 ⁴
157 1104 220 1140 est
239 1102 304 1139 vis
324 1100 530 1139 sermonis
550 1103 591 1138 et
615 1099 788 1138 rationis
804 1099 823 1138 ⁹.
884 1104 894 1120 ‘
912 1098 1007 1137 Imo
1028 1099 1151 1148 longe
1172 1098 1337 1136 diuersa
1359 1098 1463 1136 ratio
1483 1100 1544 1135 est
1558 1097 1579 1145 ⁹,
1598 1095 1740 1146 inquit

134 1157 250 1203 alter,
276 1158 340 1194 ‘et
370 1159 414 1193 tu
445 1168 594 1205 parum
622 1155 829 1203 pudenter
854 1154 956 1192 facis
980 1155 1053 1204 qui
1079 1167 1156 1192 nec
1182 1153 1288 1191 lecto
1311 1152 1401 1190 loco
1431 1165 1506 1190 nec
1530 1151 1742 1190 intellecta

136 1225 178 1249 re
208 1211 266 1249 sic
297 1210 562 1248 debaccharis
589 1209 818 1259 publicitus
843 1208 889 1246 in
918 1209 1074 1246 famam
1103 1207 1180 1246 viri
1206 1209 1256 1246 de
1283 1207 1435 1246 studiis
1459 1204 1706 1245 benemeriti
1719 1204 1740 1242 '.

136 1266 218 1304 Hic
235 1265 392 1303 deierat
403 1264 653 1309 Standicius‚
672 1263 868 1313 quicquid
885 1262 1068 1308 dixisset,
1089 1263 1198 1301 bono
1218 1262 1305 1300 zelo
1322 1261 1476 1300 dixisse
1496 1274 1538 1299 se
1556 1275 1565 1308 3
1594 1272 1743 1299 verum
1764 1275 1806 1307 70

136 1334 223 1358 non
256 1319 499 1358 meminisse
532 1319 605 1357 vbi
633 1318 710 1356 Dei
739 1318 874 1356 Filius
902 1318 947 1355 in
976 1317 1101 1357 sacris
1130 1317 1264 1355 literis
1293 1316 1431 1354 dictus
1458 1318 1566 1354 esset
1595 1327 1741 1353 sermO.

138 1376 236 1413 Mox
264 1374 371 1412 alter
402 1373 485 1411 ‘At
515 1373 612 1422 ego'
640 1372 790 1423 inquit,
826 1372 920 1422 ‘qui
949 1385 1024 1410 nec
1054 1372 1271 1421 theologus
1304 1384 1400 1408 sum
1434 1383 1509 1408 nec
1544 1368 1743 1415 sacerdos,

138 1430 219 1468 tibi
230 1428 415 1478 redigam
435 1427 480 1465 in
500 1427 758 1474 memoriam,
774 1428 986 1476 proferens
1001 1426 1118 1473 illud,
1145 1425 1458 1475 “Omnipotens
1477 1438 1613 1463 sermo
1633 1425 1743 1470 tuus,

140 1483 320 1523 Domine
333 1483 366 1531 ⁹⁹,
391 1482 473 1520 &cl
529 1482 679 1520 Fassus
708 1484 770 1520 est
796 1481 921 1519 homo
947 1481 1029 1530 legi
1054 1481 1346 1530 ‘omnipotens
1374 1492 1512 1518 sermo
1529 1480 1553 1526 '‚
1573 1477 1644 1517 sed
1664 1490 1749 1515 non

140 1538 224 1588 legi
266 1537 340 1575 ‘In
378 1536 583 1586 principio
621 1538 707 1574 erat
746 1536 920 1574 sermo'.
978 1536 1089 1574 Risit
1123 1549 1248 1574 omne
1285 1534 1527 1573 conuiuium
1564 1531 1750 1571 hominis
1772 1545 1810 1578 75

141 1605 329 1631 acumen.
367 1612 380 1627 .

198 1647 303 1685 Post
333 1646 433 1684 haec
464 1645 632 1684 deflexit
665 1658 903 1683 sermonem
941 1645 990 1683 ad
1029 1644 1236 1694 argutiam
1275 1643 1559 1693 sophisticam,
1594 1642 1639 1680 in
1673 1654 1753 1691 qua

144 1702 288 1741 statim
307 1701 358 1739 ab
378 1701 507 1739 altero
525 1702 720 1750 exceptus
739 1703 813 1747 est,
838 1700 909 1749 qui
930 1699 1191 1738 Standicium
1212 1712 1297 1737 non
1326 1699 1467 1736 minus
1487 1698 1655 1746 superat
1676 1697 1752 1733 hoc

145 1756 356 1795 doctrinae
375 1768 526 1806 genere
547 1768 671 1804 quam
690 1754 762 1792 ille
783 1753 903 1792 bonis
921 1754 1056 1793 literis
1076 1757 1139 1793 est
1159 1753 1342 1792 inferior.
1401 1752 1471 1791 Ab
1491 1752 1569 1790 hoc
1588 1762 1755 1801 quoque

147 1824 243 1850 cum
263 1815 371 1849 esset
391 1810 573 1848 deiectus
593 1810 638 1847 in
659 1822 732 1847 sua
753 1809 886 1859 ipsius
906 1809 1180 1856 harena,vide
1198 1822 1278 1858 quo
1294 1807 1533 1846 deflexerit:
1567 1809 1575 1825 ‘
1590 1805 1635 1844 Si
1656 1804 1756 1842 tibi’
1776 1811 1817 1841 80

147 1865 287 1915 inquit
311 1867 499 1903 ‘tantum
525 1866 589 1902 est
616 1863 760 1911 animi,
788 1877 873 1913 age,
905 1863 1170 1902 conscendito
1195 1865 1440 1913 suggestum
1463 1864 1505 1900 et
1531 1860 1756 1899 aduersum

150 1934 218 1959 me
248 1921 512 1958 concionator
527 1919 547 1956 '.
607 1919 715 1957 Tum
743 1918 814 1955 ille
836 1922 843 1936 ‘
864 1917 958 1956 Non
978 1931 1073 1956 sum
1089 1918 1098 1932 ³
1118 1918 1257 1967 inquit
1280 1922 1288 1936 ⁴
1305 1919 1391 1955 tam
1412 1916 1567 1954 stultus
1591 1917 1638 1954 vt
1658 1915 1758 1953 haec

150 1974 260 2024 apud
299 1974 450 2012 stultas
488 1972 755 2012 mulierculas
788 1975 829 2010 et
867 1972 1079 2010 indoctam
1118 1972 1377 2022 plebeculam
1410 1970 1539 2009 velim
1577 1969 1753 2007 effutire.

152 2029 272 2078 Quod
292 2029 329 2067 si
349 2028 452 2067 mihi
476 2029 696 2072 videretur,
720 2040 806 2066 non
826 2027 1062 2065 dubitarem
1082 2027 1311 2077 publicitus
1331 2026 1486 2073 docere,
1506 2024 1616 2074 quod
1637 2022 1761 2061 hodie

154 2083 421 2122 concionatus
440 2096 483 2121 es
503 2085 563 2131 tu,
587 2082 949 2121 semihaereticum
968 2095 1068 2120 esse.
1131 2081 1252 2119 Hanc
1273 2093 1415 2119 vocem
1436 2093 1533 2117 cum
1552 2077 1761 2116 abomina·
1783 2089 1822 2130 35

154 2140 272 2177 retur
291 2136 541 2183 Standicius,
564 2137 668 2176 alter
687 2150 875 2187 pergens,
900 2138 908 2155 ‘
925 2137 1043 2185 Quod
1065 2136 1276 2174 summus'
1297 2135 1434 2184 inquit
1454 2135 1462 2152 ‘
1481 2132 1679 2172 Pontifex
1699 2132 1764 2170 bis

154 2192 400 2243 approbauit
417 2205 492 2230 suo
511 2191 752 2241 diplomate,
777 2191 819 2229 id
840 2190 977 2240 palam
999 2191 1212 2229 haereseos
1234 2190 1492 2234 insimulare,
1515 2190 1660 2226 vtrum
1685 2186 1764 2224 hoc

160 2247 364 2286 haeresim
384 2247 493 2296 sapit
512 2260 565 2284 an
585 2259 670 2284 non
685 2248 706 2285 ⁶?
720 2247 729 2261 ’

211 2301 317 2340 Cum
347 2301 398 2339 ad
428 2301 541 2339 hunc
569 2301 742 2339 modum
771 2302 960 2349 acceptus
987 2302 1095 2339 esset
1125 2300 1261 2346 homo,
1293 2301 1434 2336 tamen
1458 2310 1591 2346 neque
1617 2294 1768 2346 puduit

161 2369 295 2406 neque
315 2355 499 2405 resipuit.
558 2356 716 2394 Verum
737 2355 949 2404 aliquanto
969 2357 1064 2405 post
1082 2355 1190 2404 apud
1213 2355 1369 2402 Regem
1390 2351 1512 2390 vnice
1537 2352 1763 2397 cordatum,
1787 2367 1830 2400 90

160 2410 269 2460 apud
290 2411 494 2460 Reginam
514 2409 739 2448 foeminam
759 2410 874 2447 iuxta
894 2410 1141 2459 prudentem
1163 2422 1208 2446 ac
1229 2408 1353 2458 piam,
1378 2409 1539 2445 astante
1560 2404 1771 2455 frequenti

163 2478 312 2503 corona
332 2465 547 2503 doctorum
567 2478 612 2503 ac
633 2465 839 2503 nobilium
861 2465 1059 2511 virorum,
1084 2464 1275 2513 religiose
1304 2460 1526 2511 procubuit
1553 2461 1598 2498 in
1621 2472 1766 2509 genua.

164 2519 470 2569 Expectabatur
488 2519 644 2568 aliquid
666 2519 808 2569 magni
828 2534 851 2558 a
875 2519 1092 2565 monacho,
1115 2532 1138 2555 a
1168 2519 1230 2555 tot
1255 2529 1462 2555 annorum
1488 2515 1689 2564 theologo,
1719 2513 1771 2551 ab

165 2574 367 2623 episeopo,
408 2574 587 2623 denique
625 2588 648 2611 a
686 2587 793 2612 sene.
854 2573 922 2612 Ibi
952 2573 1174 2611 vernacula
1207 2585 1302 2611 suae
1335 2571 1472 2621 gentis
1506 2570 1659 2619 lingua,
1692 2581 1773 2618 qua

209 2701 261 2731 61.
288 2699 351 2731 ille
362 2705 431 2737 post
448 2700 568 2740 inquit
584 2703 631 2731 F:
655 2710 713 2731 om.
733 2702 883 2738 FCorriy.
964 2699 1016 2729 68.
1038 2698 1237 2739 prudenter
1252 2699 1295 2729 H.
1375 2697 1430 2736 87.
1455 2698 1510 2727 H:
1534 2695 1720 2735 aprobauit
1739 2697 1775 2725 F.

210 2817 263 2847 57.
290 2805 481 2846 Ioannem]
507 2816 532 2836 1.
556 2815 582 2836 1.
1049 2814 1102 2843 90.
1129 2801 1223 2842 apud
1255 2801 1403 2842 Regem]
1435 2801 1522 2832 This
1552 2798 1715 2830 incident
1747 2798 1777 2828 is

209 2852 262 2882 62.
290 2849 531 2890 Augustinus]
550 2849 601 2880 Cf.
623 2849 646 2880 1.
662 2850 742 2880 2611.
1008 2846 1178 2878 narrated
1196 2846 1265 2876 less
1284 2845 1379 2885 fully
1397 2846 1434 2876 in
1459 2846 1522 2876 tho
1546 2846 1638 2881 Apol.
1658 2845 1694 2873 cte
1718 2845 1777 2872 loco

214 2904 264 2934 73.
290 2892 546 2933 Omnipotens]
563 2892 678 2924 Wisd.
700 2895 748 2924 18.
790 2902 820 2932 5.
1012 2893 1144 2921 ‘Omnes
1161 2892 1288 2928 quidem
1303 2887 1517 2927 resurqemus'
1535 2888 1594 2928 (cf.
1614 2887 1636 2918 1.
1659 2884 1774 2925 129n),

214 2939 266 2977 78.
293 2936 422 2978 altero]
441 2936 635 2976 Stokesley.
1011 2936 1049 2965 in
1061 2935 1123 2974 Ep.
1140 2935 1231 2965 1162.
1250 2943 1312 2973 150
1325 2943 1410 2972 seq.,
1430 2932 1502 2963 and
1520 2932 1558 2962 in
1576 2929 1688 2961 Lond.
1705 2929 1776 2959 xix.

171 2983 267 3058 8687.
293 2979 508 3022 diplomate]
526 2981 591 3012 See
615 2981 703 3020 Epp.
719 2981 795 3020 338.
817 2990 858 3019 25
876 2990 937 3018 nn,
1009 2989 1062 3063 ῗι,
1089 2978 1174 3053 gxii.
1203 2986 1268 3060 ῗη
1302 2977 1371 3008 LB.
1399 2977 1463 3015 746
1487 2973 1687 3016 (866F-7A)‚
1713 2982 1780 3012 979

217 3037 248 3065 4,
1031 3032 1090 3052 110
1116 3030 1203 3061 E-9A
1225 3045 1232 3052 .
