1990 3353
76 139 200 195 1041]
629 140 699 178 TO
739 139 856 177 THE
893 138 1127 176 READER
1602 140 1674 178 1:21

71 251 158 289 suri
172 251 192 290 ³.
237 251 325 301 Ego
345 265 421 290 nec
442 250 731 289 Reuchlinista
749 262 843 288 sum
864 262 939 287 nec
958 249 1087 288 vllius
1107 249 1313 287 humanae
1332 248 1540 286 factionis.
1588 248 1678 286 Ista

71 305 235 344 dissidii
261 306 434 344 nomina
458 306 648 343 detestor.
708 304 971 343 Christianus
994 317 1089 342 sum
1115 306 1157 342 et
1185 302 1448 343 Christianos
1474 314 1676 352 agnosc03

71 358 322 398 Erasmistas
354 373 439 398 non
472 360 613 406 feram,
656 358 967 397 Reuchlinistas
1006 370 1090 396 non
1126 357 1237 396 noui.
1298 357 1404 396 Cum
1444 356 1677 394 Reuchlino
1699 372 1734 404 ¹5

70 416 232 463 praeter
252 414 419 452 ciuilem
440 413 668 452 amicitiam
688 413 792 451 nihil
815 411 1044 450 intercedit.
1105 412 1236 450 Porro
1262 411 1539 462 patrocinium
1562 410 1678 449 illius

70 481 146 506 nec
175 482 251 518 ego
278 470 440 518 suscepi
466 481 652 518 vnquam
682 481 756 505 nec
786 466 857 504 ille
883 466 1112 514 desyderat.
1173 466 1234 504 De
1260 479 1384 504 causa
1411 466 1501 503 eius
1526 464 1677 503 viderit

71 534 264 561 summus
283 522 355 561 ille
379 524 424 561 in
446 523 567 561 terris
589 522 723 569 iudex,
747 521 818 572 qui
841 522 1050 559 extremae
1073 520 1305 559 sententiae
1328 520 1544 570 negotium
1569 521 1614 558 in
1635 532 1678 557 se

70 577 234 626 recepit.

127 631 238 679 Quin
267 633 308 669 et
341 631 387 669 in
416 631 501 669 illis
534 631 800 680 prudentiam
835 629 1047 679 desydero,
1080 629 1151 679 qui
1179 629 1340 668 litteras
1368 630 1418 667 ad
1448 628 1676 679 quemlibet
1699 644 1738 666 20

70 685 332 724 familiariter
351 685 524 735 scriptas
545 685 590 723 in
610 685 763 733 vulgus
783 684 923 732 edunt,
948 683 1189 733 praesertim
1216 683 1391 722 mutatis
1413 697 1517 733 quae
1538 682 1678 721 viden-

69 742 149 777 tur.
208 739 262 778 In
288 740 463 789 epistola
489 753 570 789 qua
594 739 788 788 respondi
809 738 1021 786 Lutherio,
1048 738 1189 777 addita
1213 740 1276 776 est
1300 740 1459 777 mentio
1486 737 1679 788 Episcopi

70 793 336 842 Leodiensis;
365 797 408 833 at
429 807 476 833 ea
495 808 578 832 non
600 796 662 831 est
683 793 727 831 in
749 793 892 831 eadem
913 793 1097 842 epistola,
1118 806 1243 842 quam
1265 793 1402 831 nescio
1423 793 1494 842 qui
1515 792 1679 842 euulga-

69 850 170 886 runt
198 848 395 887 Basileae.
456 847 816 897 Quemadmodum
847 849 888 884 et
919 847 961 884 in
993 847 1168 897 epistola
1196 847 1316 885 Eckii
1343 847 1393 885 ad
1425 847 1482 885 Ia.
1517 847 1677 885 Hoech-

69 905 264 950 stratum,
304 917 429 953 quam
473 903 642 952 quidam
685 901 905 940 Bruxellae
950 901 1307 949 circumferebant,
1356 901 1521 940 sublata
1558 903 1677 939 erant
1699 913 1737 944 25

68 957 271 1006 quaedam
292 958 393 996 satis
413 957 650 1007 petulanter
669 956 824 1006 scripta
844 956 888 994 in
908 955 1244 994 illustrissimum
1265 957 1474 1006 quendam
1495 956 1676 994 Ducem:

68 1011 234 1049 etiamsi
254 1011 299 1049 in
320 1012 428 1050 hanc
448 1025 548 1050 sane
568 1014 730 1061 partem
751 1011 907 1060 peccari
928 1010 1086 1048 malim.
1148 1010 1242 1048 Non
1270 1024 1336 1049 me
1359 1011 1489 1060 pudet
1515 1023 1678 1060 respon-

69 1065 177 1103 disse
198 1066 399 1104 Lutherio
417 1082 424 1113 ;
455 1066 525 1116 qui
545 1067 794 1116 prouocatus
814 1065 1108 1114 responderem
1128 1068 1168 1103 et
1189 1066 1357 1104 Turcae.
1410 1065 1541 1103 Bonis
1561 1064 1677 1103 illius

67 1120 198 1168 faueo,
223 1134 308 1158 non
333 1121 458 1159 malis
473 1135 483 1168 3
514 1121 598 1158 imo
620 1120 786 1159 Christo
814 1120 945 1166 faueo,
968 1133 1053 1158 non
1081 1119 1156 1157 illi.
1217 1119 1273 1157 Et
1298 1120 1355 1158 sic
1381 1120 1610 1169 respondeo
1631 1122 1676 1157 vt

66 1173 191 1212 illum
211 1175 261 1213 de
282 1175 428 1214 multis
447 1175 705 1213 admoneam.
757 1174 973 1212 Admonui
993 1173 1182 1221 ciuiliter,
1207 1174 1316 1223 quod
1337 1175 1396 1212 ita
1416 1175 1511 1224 plus
1531 1174 1676 1224 profici
1698 1185 1738 1214 30

67 1229 209 1267 sciam.
271 1229 348 1272 Sic,
379 1230 541 1279 opinor,
567 1229 631 1267 illi
657 1230 799 1267 fauent
825 1227 1036 1278 permulti,
1063 1228 1417 1277 quemadmodum
1445 1229 1676 1278 Cyprianus

65 1283 172 1321 fauit
193 1283 462 1331 Tertulliano,
484 1283 610 1322 multi
631 1283 860 1329 Lactantio,
883 1283 1022 1332 plures
1043 1283 1224 1332 Origeni.
1270 1283 1389 1331 Quod
1410 1285 1553 1321 tamen
1575 1284 1678 1322 citra

66 1337 257 1376 fraudem
286 1339 479 1376 Lutherii
508 1339 667 1376 dictum
687 1338 830 1376 velim.
887 1337 976 1387 Ego
996 1337 1110 1375 illius
1136 1351 1209 1375 nec
1240 1339 1453 1376 accusator
1478 1351 1573 1375 sum
1600 1351 1675 1376 nec

66 1394 267 1441 patronus
286 1406 360 1430 nec
381 1393 517 1430 iudex.
574 1392 769 1430 Viderint
789 1391 820 1429 ii
840 1391 991 1441 quibus
1011 1391 1118 1430 hanc
1143 1392 1395 1441 prouintiani
1423 1392 1675 1430 nominatim

67 1446 275 1497 delegauit
304 1447 551 1485 Rhomanus
578 1446 786 1484 Pontifex.
848 1446 1095 1496 Quanquam
1119 1459 1221 1496 quae
1247 1447 1415 1484 tandem
1442 1446 1602 1485 inuidia
1622 1447 1675 1484 sit
1696 1452 1736 1483 35

4 1529 6 1532 -
66 1503 183 1539 extra
212 1514 381 1540 causam
410 1501 554 1539 fauere
583 1501 769 1550 primum
802 1500 892 1538 viro
922 1500 1029 1538 bono
1059 1501 1182 1550 (quod
1216 1502 1399 1538 fatentur
1432 1505 1473 1539 et
1507 1501 1674 1550 hostes),

67 1555 216 1593 deinde
241 1555 395 1605 pectori
424 1556 545 1606 quod,
571 1555 737 1594 etiamsi
759 1555 880 1593 iustis
901 1554 950 1592 de
975 1555 1110 1593 causis
1136 1557 1424 1605 exasperatum
1450 1556 1546 1606 plus
1567 1555 1676 1594 iusto

66 1609 298 1658 incanduit,
321 1613 462 1648 tamen
478 1611 560 1648 alio
575 1612 771 1648 vocatum
795 1609 927 1658 possit
946 1622 1034 1648 esse
1055 1609 1267 1659 egregium
1285 1623 1487 1659 organum
1504 1610 1674 1657 Christi,

67 1664 138 1713 qui
173 1678 256 1702 non
288 1665 468 1703 extinxit
498 1664 636 1703 linum
671 1665 893 1714 fumigans,
932 1663 1004 1701 sed
1038 1664 1263 1712 excitauit;
1304 1664 1427 1713 longe
1462 1664 1678 1702 dissimilis

65 1718 158 1756 istis
197 1719 268 1768 qui
305 1720 476 1768 perdere
515 1719 682 1757 malunt
713 1731 839 1768 quam
878 1718 1049 1766 mederi,
1083 1718 1316 1768 opprimere
1355 1732 1479 1768 quam
1516 1719 1671 1757 docere.
1697 1727 1739 1757 40

65 1773 282 1811 Permittit
315 1774 455 1823 legum
489 1774 689 1812 seueritas
721 1774 848 1811 etiam
882 1773 1032 1810 iuratis
1070 1773 1280 1811 iudicibus
1312 1775 1359 1812 vt
1393 1774 1559 1811 faueant
1592 1786 1672 1812 reo.

66 1827 208 1866 Dictat
227 1827 469 1867 humanitas
489 1830 534 1866 vt
553 1828 742 1866 faueatur
762 1839 969 1877 oppresso.

121 1881 238 1920 Haec
266 1882 413 1932 loquor
436 1885 476 1921 et
502 1896 526 1920 a
549 1895 671 1921 causa
694 1881 885 1920 Lutherii
914 1881 1207 1929 alienissimus,
1236 1885 1276 1920 et
1305 1881 1357 1920 ab
1384 1882 1499 1920 omni
1527 1896 1677 1931 genere

66 1936 239 1984 dissidii,
263 1940 309 1975 vt
330 1937 365 1975 si
386 1938 478 1987 quis
498 1937 616 1985 alius,
640 1949 823 1975 auersus.
881 1936 1013 1974 Porro
1034 1936 1263 1986 epistolam,
1281 1950 1385 1985 quae
1404 1949 1552 1986 parum
1573 1937 1678 1975 bene

66 1990 275 2030 intellecta
303 1993 344 2030 et
372 1992 489 2041 peius
517 1992 792 2042 interpretata
819 1990 933 2028 dedit
962 1990 1218 2029 occasionem
1249 1992 1345 2029 huic
1374 1991 1605 2040 suspitioni,
1635 1994 1676 2029 et
1696 1998 1737 2029 45

112 2150 162 2179 14.
187 2141 329 2172 dissidii
357 2141 524 2183 nomina]
560 2142 710 2173 Scheurl
738 2143 841 2183 prob·

66 2185 149 2225 ably
160 2185 231 2215 had
242 2185 317 2216 this
327 2195 473 2225 passage
489 2185 528 2216 in
545 2185 603 2217 his
616 2186 719 2216 mind
734 2187 841 2217 when

66 2229 112 2259 he
129 2230 240 2259 wrote
258 2231 293 2259 to
312 2229 583 2269 Melanchthon,
602 2240 615 2260 1
631 2230 736 2270 April
757 2240 842 2269 1520

68 2272 147 2312 (SE.
166 2272 266 2312 214):
295 2272 485 2303 ‘Erasmus
509 2283 545 2304 se
570 2274 751 2313 integrum
774 2284 841 2304 ser-

67 2318 140 2356 uat,
159 2317 235 2347 odit
258 2317 329 2346 ista
350 2317 551 2348 sectionum
575 2318 725 2348 nomina
749 2318 842 2348 sicut

66 2369 148 2391 vere
192 2360 356 2400 odienda,
398 2361 495 2400 quod
539 2370 662 2392 omnes
705 2361 842 2392 Christi

901 2143 1115 2174 dialissimis
1145 2145 1271 2175 amicis
1298 2155 1380 2176 cum
1410 2155 1539 2185 magna
1565 2146 1676 2185 gloria

901 2188 1071 2226 ostendit,
1098 2197 1206 2227 quam
1228 2189 1337 2219 etiam
1363 2190 1470 2220 multi
1497 2191 1677 2221 Iacobitae

900 2229 985 2272 (the
1030 2231 1287 2274 Dominicans>
1334 2234 1676 2273 excopiauerunt'—

902 2274 1020 2305 reveal
1048 2275 1136 2305 both
1161 2276 1243 2315 why
1267 2277 1339 2307 and
1370 2277 1452 2308 how
1480 2277 1543 2308 the
1570 2279 1677 2309 letter

901 2318 1028 2357 passed
1046 2319 1125 2349 into
1136 2320 1359 2351 circulation.
1389 2322 1452 2351 See
1470 2322 1542 2352 also
1557 2322 1579 2353 l.
1595 2332 1677 2360 27n.

946 2371 996 2400 25.
1022 2362 1229 2403 Bruxellae]
1256 2363 1320 2394 See
1335 2374 1370 2404 p.
1391 2375 1462 2396 111.

67 2403 210 2434 sumus.’

115 2448 164 2479 16.
189 2447 285 2478 nihil
327 2447 534 2490 intercedit]
575 2448 627 2479 Cf.
665 2448 729 2489 Ep.
764 2450 840 2488 967.

69 2500 121 2529 72,
147 2515 155 2522 .

111 2501 162 2574 εἷς.
193 2533 416 2575 Leodiensis]
448 2535 499 2566 Cf.
531 2535 619 2575 Epp.
652 2536 726 2575 980.
758 2537 839 2575 3611,

70 2579 153 2617 1038
170 2579 316 2617 introd.,
338 2588 431 2617 1143.
451 2588 571 2618 43-50.

111 2632 162 2660 24.
188 2622 340 2661 epistola
378 2621 496 2663 Eckiij
537 2622 642 2653 dated
682 2633 723 2661 24
754 2623 841 2663 July

70 2675 164 2705 1519,
182 2665 335 2706 Leipzig.
385 2666 420 2696 It
440 2666 538 2696 (leals
556 2666 644 2697 with
662 2667 724 2697 the
741 2677 840 2706 ques-

66 2710 163 2740 tions
180 2709 294 2739 raised
314 2710 353 2739 in
368 2709 432 2740 the
449 2710 594 2750 Leipzig
607 2710 839 2750 Disputation

70 2752 148 2793 (Ep.
186 2762 280 2783 1020.
302 2753 400 2793 62n)‚
427 2753 500 2784 and
531 2755 713 2785 mentions
737 2754 840 2784 Duke

67 2797 201 2836 George
226 2797 264 2827 of
287 2796 442 2835 Saxony,
463 2797 538 2836 but,
564 2807 603 2828 as
630 2798 660 2828 is
688 2798 840 2837 implied

66 2840 162 2879 here,
208 2840 363 2871 without
412 2839 630 2880 derogation.
691 2841 727 2871 It
768 2851 841 2872 was

65 2883 212 2922 printed
224 2894 249 2914 S.
262 2894 292 2916 a.
304 2887 329 2914 et
339 2881 625 2925 l.<Wittenberg,
636 2884 839 2916 ,1611111011-

67 2927 171 2966 berg:
196 2927 340 2957 Proctor
367 2925 514 2969 1185ο>;
537 2928 609 2958 and
637 2928 699 2958 the
724 2929 841 2959 words

67 2970 188 3001 which
227 2970 347 3001 follow
383 2970 444 3000 the
483 2970 741 3010 title—‘quam
778 2972 839 3003 ille

68 3018 238 3053 tanquam
279 3014 477 3054 preciosum
518 3014 727 3045 thesaurum
767 3025 840 3046 coi·-

944 2415 997 2444 27.
1025 2406 1168 2447 malim]
1208 2407 1380 2438 Erasmus
1415 2409 1608 2448 proceeded
1640 2412 1676 2439 to

901 2451 956 2480 act
980 2459 1025 2479 on
1050 2450 1123 2481 this
1144 2451 1324 2490 principle
1342 2452 1511 2490 himself;
1536 2454 1676 2493 cutting

901 2494 964 2523 out
997 2494 1036 2523 in
1070 2494 1096 2523 F
1127 2495 1188 2524 the
1215 2495 1446 2535 disparaging
1473 2498 1614 2527 remark
1643 2498 1680 2528 of

902 2536 1122 2568 Mosellanus
1152 2539 1260 2569 about
1293 2539 1394 2570 Duke
1427 2541 1561 2579 George
1595 2542 1674 2581 (Ep.

900 2590 977 2620 911.
1004 2582 1132 2620 59‚60),
1164 2582 1238 2612 also
1269 2583 1371 2613 made
1404 2584 1442 2614 in
1475 2586 1675 2615 connexion

900 2624 991 2654 with
1010 2624 1071 2654 the
1089 2625 1233 2665 Leipzig
1250 2626 1493 2666 Disputation.

944 2669 996 2698 28.
1023 2668 1172 2709 Turcae]
1199 2669 1252 2701 Cf.
1268 2669 1353 2710 Epp.
1375 2673 1467 2710 1167.
1487 2681 1558 2711 193,
1578 2681 1672 2712 1192,

901 2721 996 2751 1202,
1020 2721 1112 2751 1219,
1136 2721 1217 2752 1255
1234 2714 1368 2745 introd.

942 2765 995 2794 34.
1024 2755 1148 2796 iudex]
1174 2757 1227 2788 Cf.
1246 2757 1308 2796 Ep.
1331 2767 1422 2797 ¹033·
1444 2760 1524 2798 58n.

988 2800 1223 2841 nominatim]
1260 2801 1352 2832 First
1391 2803 1562 2834 Caietano
1602 2802 1673 2832 and

899 2842 987 2873 then
1006 2842 1140 2873 Miltitz
1159 2844 1236 2884 (Ep.
1260 2845 1369 2886 1188).

943 2895 996 2925 39.
1024 2885 1160 2927 linum]
1185 2888 1235 2918 Cf.
1256 2888 1320 2928 Ep.
1338 2898 1414 2928 939.
1437 2899 1507 2929 113.

943 2940 995 2967 44.
1020 2930 1224 2972 epistolam]
1260 2931 1322 2971 Ep.
1349 2934 1427 2972 980,
1460 2934 1576 2964 which
1602 2933 1672 2964 had

901 2973 988 3003 been
1013 2973 1206 3012 published
1225 2975 1302 3005 first
1319 2976 1476 3007 without
1493 2977 1673 3007 Erasmus*

900 3018 1061 3047 sanction
1081 3027 1088 3055 ;
1111 3019 1154 3049 cf.
1170 3018 1256 3058 Epp.
1276 3028 1365 3058 1033.
1378 3030 1458 3059 2411,
1482 3031 1573 3058 1042.
1597 3031 1673 3052 1011.
