1990 3353
315 127 368 165 56
785 126 1035 166 LETTERS
1074 127 1142 166 or
1180 127 1446 167 ERASMUs
1788 127 1911 181 [1519

608 266 787 309 ⁹⁸81009.
848 267 912 308 To
942 267 1133 308 ALBERT
1164 277 1219 307 OF
1252 267 1615 310 BRANDENBURG.

357 363 525 409 Farrago
541 375 577 408 p.
598 364 677 408 358.
1605 365 1797 408 Antwerp.

359 421 399 457 F.
418 432 455 466 p.
472 430 562 466 454:
589 420 683 455 HN:
710 420 825 456 Lond.
842 420 891 456 xi.
914 431 950 456 11
971 433 978 456 ε
1006 420 1079 455 LB.
1100 421 1179 466 456.
1541 431 1580 466 15
1600 422 1745 467 August
1766 430 1865 466 1519.

312 517 712 548 REVERENDISSIMO
748 517 797 546 ΙΝ
833 518 1029 548 CHRISTO
1064 517 1200 547 PATRI
1237 518 1293 548 AC
1324 518 1531 549 PRINCIPI
1564 517 1915 548 ILLVSTRISSIMO

428 586 607 616 DOMINO
639 586 857 624 ALBERTO,
891 585 963 616 Ro.
995 585 1240 617 ECCLESIAE
1272 586 1338 616 ΤΤ.
1369 587 1401 618 S.
1429 586 1716 617 CHRYsOGONI
1749 587 1912 617 PRAES—

426 654 537 692 BYT.‚
568 653 882 684 MOGVNTINEN.
912 654 969 684 AC
1005 654 1396 687 MAGDENBVRGEN.
1428 655 1808 695 ARCHIEPISCOPO,
1841 656 1913 686 SA-

426 722 502 753 CRI
545 721 730 752 IMPERII
765 722 971 753 PRINCIPI
1009 722 1243 763 ELECTORI,
1281 723 1474 754 PRIMATI
1510 725 1565 753 ET
1604 724 1913 755 ADMINISTRA-

425 791 533 822 TORI
575 790 967 829 HALBERSTATEN„
1010 789 1274 821 MARCHIONI
1327 792 1760 831 BRANDENBVRGEN„
1803 793 1914 832 ETC.‚

425 860 630 891 ERASMVs
659 860 990 891 ROTERODAMVS
1022 861 1056 892 S.
1072 860 1115 892 D.

371 939 421 978 IN
440 941 528 978 tam
542 940 759 979 immensis
775 941 1009 979 studiorum
1025 941 1237 979 laboribus
1251 941 1493 980 lassescenti
1507 954 1813 991 nonnunquam
1827 955 1912 980 non

314 994 436 1032 modo
456 994 587 1032 calcar
606 995 675 1033 sed
695 998 736 1033 et
756 995 883 1033 robur
903 995 1019 1033 addit
1038 995 1140 1033 adeo
1153 1008 1384 1045 propensus
1397 997 1491 1034 tuae
1507 996 1767 1035 celsitudinis
1782 996 1908 1044 fauor,

315 1049 381 1086 cui
400 1049 443 1086 in
465 1049 634 1098 negocio
654 1063 749 1088 cum
770 1063 842 1099 per
862 1062 905 1087 se
925 1050 1115 1087 omnium
1141 1050 1323 1088 maximo
1343 1050 1458 1099 (quid
1487 1049 1601 1087 enim
1626 1051 1760 1089 maius
1789 1064 1912 1100 quam

315 1102 406 1140 orbi
435 1103 531 1140 dare
559 1104 774 1142 Caesarem
788 1103 822 1152 ‘?)
843 1105 933 1141 tum
965 1104 1112 1142 multis
1141 1105 1267 1142 etiam
1298 1104 1611 1142 difficultatibus
1640 1104 1911 1143 transuersim

279 1172 296 1201 5
314 1157 623 1195 incurrentibus
643 1158 913 1195 vehementer
933 1157 1138 1206 perplexo,
1160 1159 1371 1196 vacauerit
1391 1160 1431 1196 et
1450 1160 1613 1197 nostras
1627 1161 1715 1197 tam
1731 1159 1913 1198 incondi-

315 1213 378 1248 tas
391 1211 530 1250 literas
542 1211 675 1261 legere
691 1214 732 1257 et
746 1213 866 1250 lectis
885 1225 968 1250 non
982 1212 1252 1262 indiligenter
1267 1213 1525 1262 respondere.
1573 1213 1735 1251 Gratias
1747 1226 1911 1263 agerem

314 1265 552 1303 celsitudini
572 1268 666 1304 tuae
686 1279 761 1315 pro
780 1269 866 1304 tam
887 1266 1086 1315 singulari
1109 1267 1154 1304 in
1174 1267 1284 1305 hunc
1299 1267 1624 1305 homuncionem
1640 1267 1852 1315 ciuilitate‚
1868 1269 1912 1306 ni

314 1318 447 1368 magis
466 1320 667 1367 gratulari
687 1320 835 1358 liberet
855 1321 944 1358 orbi
964 1321 1214 1368 Christiano,
1239 1321 1305 1359 cui
1332 1321 1733 1371 sapientissimorum
1759 1322 1911 1371 princi·

313 1387 431 1423 pum,
451 1375 492 1411 et
521 1374 565 1411 in
596 1374 662 1412 his
692 1377 763 1412 tua
792 1375 1024 1424 praecipue,
1052 1388 1172 1424 opera
1203 1376 1375 1415 Carolus
1402 1375 1636 1425 Imperator
1665 1377 1910 1426 contigerit3

257 1449 295 1471 10
313 1441 423 1465 vnus
451 1428 526 1465 hac
554 1430 800 1478 tempestate
825 1429 974 1467 merito
1002 1430 1118 1467 visus
1140 1430 1317 1468 idoneus
1343 1430 1413 1480 qui
1440 1443 1535 1467 cum
1559 1432 1721 1468 tantam
1746 1430 1910 1480 imperii

314 1481 467 1520 molem
487 1483 705 1531 sustineat,
726 1485 817 1521 tum
839 1483 1125 1521 Maximiliano
1146 1484 1346 1522 succedat.
1407 1483 1462 1522 Et
1480 1484 1652 1522 fortasse
1668 1485 1809 1523 minus
1824 1488 1910 1523 erat

315 1535 480 1573 difficile
500 1536 678 1585 reperire
699 1538 769 1586 qui
788 1537 925 1575 oneris
951 1538 1234 1587 magnitudini
1257 1551 1330 1588 par
1353 1540 1459 1576 esset
1482 1551 1608 1588 quam
1635 1539 1706 1588 qui
1727 1539 1911 1578 Caesaris

315 1590 525 1628 demortui
557 1591 786 1629 virtutibus
817 1592 1094 1641 responderet.
1156 1592 1363 1630 Omnibus
1396 1606 1492 1631 vero
1525 1605 1691 1631 summa
1723 1606 1816 1642 spes
1847 1597 1907 1632 est

314 1645 402 1682 fore
435 1646 482 1682 vt
513 1645 687 1684 Carolus
721 1648 865 1683 noster
895 1645 1008 1683 auita
1042 1647 1185 1684 decora
1215 1646 1335 1685 nobis
1364 1647 1513 1685 referat
1537 1649 1796 1698 ,aequetquffi
1824 1661 1908 1686 non

256 1716 293 1747 15
313 1699 429 1736 enim
449 1699 586 1737 ausim
607 1699 739 1738 dicere
758 1701 969 1749 ‘superet'‚
990 1701 1058 1738 sed
1075 1703 1217 1739 tamen
1234 1701 1367 1739 ausim
1383 1703 1523 1750 optare
1537 1702 1699 1740 tacitus.
1749 1702 1910 1741 Deinde

312 1765 359 1790 ea
377 1755 441 1791 est
460 1753 595 1791 Caroli
614 1754 789 1793 felicitas
807 1757 853 1792 vt
873 1755 1039 1805 imperii
1060 1755 1197 1803 titulo,
1216 1754 1288 1804 qui
1303 1755 1583 1805 superioribus
1595 1756 1750 1805 aliquot
1761 1757 1910 1795 seculis

312 1806 408 1856 plus
428 1807 577 1845 habuit
596 1808 698 1846 iuris
719 1821 843 1858 quam
863 1809 1109 1856 autoritatis,
1134 1823 1208 1859 par
1230 1822 1479 1859 responsura
1497 1810 1689 1848 videatur
1713 1813 1905 1860 potestas.

315 1861 423 1899 Nam
444 1862 678 1910 complures
698 1876 871 1912 magnos
892 1863 1072 1901 reddidit
1092 1864 1362 1902 commissum
1383 1864 1617 1913 imperium,
1643 1865 1811 1903 Carolus
1830 1866 1908 1914 ipsi

315 1916 494 1964 imperio
528 1916 779 1965 dignitatem
807 1917 1017 1966 adiunget.
1077 1918 1189 1956 Aliis
1221 1918 1387 1967 imperii
1418 1932 1572 1956 nomen
1600 1919 1815 1958 adserebat
1843 1920 1908 1958 ius

254 1989 293 2009 20
314 1970 435 2017 orbis,
468 1970 639 2009 Carolus
667 1971 779 2009 orbis
802 1971 1084 2021 principatum
1114 1972 1277 2010 adseret
1307 1972 1492 2022 imperio.
1553 1973 1742 2023 Denique
1771 1987 1817 2012 ea
1844 1977 1906 2012 est

312 2025 445 2061 aetate
462 2027 511 2063 vt
531 2026 704 2073 propicii
724 2026 912 2064 numinis
931 2026 1137 2075 praesidio
1157 2039 1249 2076 spes
1277 2026 1332 2064 sit
1356 2028 1441 2065 fore
1470 2028 1517 2065 vt
1545 2027 1622 2066 sub
1647 2042 1694 2066 eo
1715 2028 1906 2078 Principe

312 2091 436 2127 quam
451 2079 685 2117 diutissime
700 2080 842 2118 floreat
857 2080 967 2118 orbis
980 2080 1255 2119 Christianus.
1292 2081 1349 2118 Et
1360 2081 1565 2119 eiusmodi
1579 2082 1717 2131 regnis
1729 2083 1907 2132 imperat

311 2134 357 2170 vt
395 2146 518 2170 nemo
557 2134 692 2183 magis
730 2134 784 2172 sit
821 2135 1108 2173 formidandus
1157 2135 1340 2173 barbaris
1387 2135 1649 2175 Christianae
1693 2137 1905 2187 religionis

308 2186 508 2224 hostibus.

251 2253 288 2286 25
366 2241 480 2278 Illud
501 2242 692 2281 omnium
712 2243 821 2281 votis
841 2243 1070 2293 optandum
1091 2257 1114 2281 a
1134 2243 1305 2293 superis,
1329 2246 1375 2282 vt
1394 2244 1500 2282 hanc
1520 2244 1716 2283 eximiam
1736 2245 1904 2284 virtutis

313 2294 496 2333 indolem
528 2309 651 2345 quam
688 2310 800 2335 nunc
834 2298 1060 2346 praesefert
1092 2297 1274 2345 Carolus,
1309 2300 1351 2336 et
1389 2301 1559 2336 seruent
1591 2302 1633 2336 et
1666 2312 1829 2349 semper
1858 2301 1902 2338 in

313 2349 465 2386 melius
505 2351 764 2398 prouehant;
806 2365 887 2401 quo
921 2352 1151 2400 profligatis
1189 2352 1240 2390 ab
1272 2353 1386 2390 omni
1423 2352 1633 2401 republica
1668 2353 1903 2393 Christiana

313 2403 517 2441 bellorum
537 2404 967 2453 impiistumultibus,
990 2405 1145 2444 Christ-i
1164 2407 1344 2455 populus
1364 2407 1451 2456 iugi
1472 2419 1570 2455 pace
1597 2409 1902 2458 tranquilloque

311 2456 397 2494 ocio
425 2457 568 2502 laetus,
595 2459 901 2498 honestissimis
928 2460 1087 2497 artibus
1114 2473 1158 2497 ac
1181 2461 1347 2509 pietatis
1376 2461 1525 2499 studiis
1552 2462 1702 2500 eximie
1731 2463 1902 2510 floreat3

248 2526 289 2556 30
310 2512 382 2548 aut
403 2513 520 2557 certe,
543 2512 577 2549 si
606 2526 669 2550 res
695 2514 755 2551 ita
780 2516 930 2563 poscet,
957 2515 1178 2552 concordes
1201 2518 1437 2552 nostrorum
1466 2516 1702 2565 principum
1723 2517 1832 2555 vires
1859 2519 1900 2555 et

309 2578 423 2603 arma
443 2566 485 2603 in
508 2566 733 2605 Christiani
754 2569 937 2606 nominis
956 2569 1095 2606 hostes
1109 2571 1414 2606 conuertantur.
1476 2570 1593 2617 Quod
1609 2571 1643 2607 si
1660 2571 1759 2620 quid
1774 2572 1899 2610 etiam

309 2618 454 2656 Carolo
485 2621 780 2669 gratulandum
813 2625 886 2669 est,
921 2622 1077 2671 duplici
1110 2623 1279 2660 nomine
1307 2636 1400 2660 cum
1432 2623 1578 2672 primis
1605 2625 1899 2674 gratulandum

309 2673 497 2721 arbitror,
521 2678 562 2712 et
582 2676 691 2724 quod
711 2678 849 2714 vestro
871 2676 1021 2714 iudicio
1042 2677 1094 2714 sit
1115 2677 1279 2720 ascitus,
1302 2679 1342 2714 et
1370 2679 1477 2727 quod
1507 2677 1727 2717 Francisco
1749 2680 1898 2719 Gallia-

309 2740 401 2764 rum
423 2741 517 2777 rege
537 2731 655 2767 tanto
675 2730 868 2768 videlicet
889 2731 1155 2780 competitore
1183 2731 1237 2768 sit
1260 2731 1422 2780 imperii
1442 2732 1653 2781 fastigium
1672 2736 1895 2782 assecutus,

247 2791 285 2822 35
310 2782 394 2830 ipse
432 2795 670 2830 promerens
709 2785 841 2833 magis
879 2798 1003 2833 quam
1046 2784 1258 2823 ambiens:
1306 2787 1364 2831 vt,
1404 2787 1757 2835 quemadmodum
1796 2789 1897 2827 olim

308 2834 502 2874 Hectoris
522 2837 657 2875 virtus
677 2838 856 2876 Achillis
875 2839 1091 2876 victoriam
1114 2838 1352 2885 illustrauit,
1367 2840 1898 2889 quemadmodumTurnus

306 2890 371 2927 vir
392 2890 644 2929 fortissimus
664 2893 831 2929 Aeneae
852 2893 1015 2930 laudem
1038 2893 1165 2940 auxit,
1190 2893 1247 2930 ita
1266 2907 1457 2932 summus
1470 2894 1557 2932 Rex
1570 2895 1754 2934 eiusdem
1770 2897 1896 2935 hono-

348 2992 411 3013 ΤιΤ.
431 2985 480 3012 E:
506 2991 662 3013 EnAsmvs
681 2992 753 3013 nor.
775 2993 930 3014 ALnER'ro
946 2994 1048 3016 cmm.
1068 2994 1255 3015 Mom'NTJN.
1286 2995 1310 3015 s.
1324 2994 1355 3015 n.
1376 2988 1416 3016 II.
1550 2997 1602 3024 30.
1629 2987 1679 3018 ita
1695 2989 1749 3018 N:
1773 2989 1838 3019 ista
1855 2992 1893 3021 E.
