1990 3353
178 158 186 167 ,
238 122 317 160 562
702 119 952 158 LETTERS
992 119 1061 158 OF
1100 119 1365 158 ERASMUS
1713 117 1831 171 [1521

292 234 399 282 Quid
431 232 610 270 multis‘?
666 230 763 269 Tale
794 230 1011 280 negocium
1042 231 1115 275 est,
1148 230 1194 267 vt
1222 228 1515 266 difficillimum
1547 229 1602 266 sit
1634 229 1691 267 ita
1720 229 1837 268 satis·

237 289 368 328 facere
396 286 637 325 hominibus
660 287 706 323 vt
736 297 943 335 nusquam
972 285 1119 334 prodas
1145 282 1441 331 Euangelicam
1467 284 1697 321 veritatem.
1757 284 1838 322 Res

157 350 217 393 265
238 357 321 382 non
355 342 491 380 solum
530 340 764 378 absolutam
802 339 1079 377 eruditionem
1118 336 1394 375 verumetiam
1442 337 1696 386 singularem
1745 351 1838 386 pru-

239 397 423 436 dentiam
458 395 687 441 desiderat;
728 407 812 431 non
851 393 942 431 sine
975 392 1208 431 autoritate.
1267 391 1322 429 Et
1352 391 1472 429 video
1504 404 1590 430 non
1624 391 1839 431 defuturos

238 452 309 502 qui
338 449 597 500 prouinciam
626 448 732 486 hanc
761 451 801 486 et
827 448 987 497 possint
1014 449 1055 485 et
1075 446 1209 485 velint
1229 445 1446 494 suscipere,
1469 445 1691 495 episcopos,
1715 445 1839 484 cardi·

240 507 365 551 nales,
391 517 505 553 reges
526 503 714 552 denique.
762 501 965 552 Quicquid
987 500 1194 544 incendio,
1215 499 1410 549 quicquid
1431 500 1669 549 diplomatis
1689 500 1839 549 princi-

239 573 341 610 pum
360 558 465 597 effici
491 558 640 607 potest,
663 557 826 595 abunde
853 556 1087 594 confectum
1115 556 1190 593 est.
1248 553 1325 592 Sed
1356 554 1457 592 haec
1476 554 1639 592 vtinam
1667 554 1839 604 perinde

158 630 220 664 270
239 615 450 654 mutarent
488 612 652 650 animos
689 611 922 658 hominum,
956 613 1003 649 vt
1037 609 1255 648 cohercent
1293 607 1483 657 linguas!
1541 608 1585 646 Si
1622 608 1738 657 pium
1777 610 1841 647 est

240 682 383 707 nocere
421 679 564 705 causae
603 665 786 713 Lutheri,
826 665 999 703 fortasse
1035 662 1168 713 magis
1205 662 1271 700 illi
1304 662 1427 700 nocui
1461 675 1586 712 quam
1620 663 1839 712 quisquam

238 736 383 762 eorum
398 721 469 772 qui
489 720 748 759 odiosissime
767 720 1056 765 reclamarunt,
1075 718 1223 767 quique
1239 716 1454 755 hominem
1475 717 1841 756 conuiciosissimis

237 777 390 816 libellis
410 775 706 826 prosciderunt.
769 774 972 813 Primum.
996 772 1225 810 violentum
1257 771 1378 809 illum
1405 784 1450 810 ac
1477 771 1721 809 seditiosum
1748 771 1842 809 scri-

239 831 364 870 bendi
394 831 565 869 modum
595 830 846 872 constanter,
879 830 919 866 et
948 827 998 866 ab
1027 828 1116 876 ipso
1146 826 1289 864 statim
1326 825 1457 871 initio,
1489 825 1626 874 palam
1659 830 1700 863 et
1733 825 1841 875 apud

158 900 218 935 275
239 886 394 925 amicos
414 887 455 923 et
476 884 583 933 apud
605 883 796 921 inimicos
816 881 992 921 Lutheri
1012 880 1258 930 improbaui.
1304 879 1398 917 Non
1420 879 1563 917 destiti
1584 881 1624 917 et
1645 880 1842 918 sermoni-

239 941 319 979 bus
347 942 389 978 et
417 937 582 988 scriptis
612 936 800 986 epistolis
830 935 1038 974 dehortari
1066 935 1270 984 plurimos
1304 935 1348 971 vt
1379 933 1430 972 ab
1463 947 1509 971 ea
1539 934 1720 972 factione
1753 947 1841 973 sese

238 995 504 1034 abstinerent.
583 991 723 1030 Nullis
761 990 910 1029 studiis
948 990 1096 1028 adduci
1134 988 1252 1039 potui
1290 991 1335 1026 vt
1374 988 1441 1026 vel
1488 988 1707 1037 paululum
1754 989 1842 1038 ipse

240 1050 397 1087 memet
416 1047 699 1086 admiscerem.
743 1045 869 1091 Haec,
893 1045 1053 1094 opinor,
1066 1044 1161 1094 plus
1180 1043 1391 1093 fregerunt
1411 1042 1519 1080 vires
1540 1042 1628 1081 eius
1649 1043 1843 1081 factionis

242 1117 366 1153 quam
393 1101 654 1150 quorundam
682 1100 901 1138 tumultus.
964 1099 1078 1136 Haec
1106 1098 1205 1136 adeo
1235 1110 1320 1135 non
1351 1097 1515 1146 ignorat
1536 1097 1772 1144 Germania,
1796 1098 1842 1135 vt

159 1167 221 1198 280
241 1160 329 1196 toto
351 1158 428 1195 hoc
455 1169 564 1194 anno
592 1155 735 1193 nullus
761 1167 904 1192 eorum
932 1153 1005 1203 qui
1026 1153 1209 1191 Luthero
1238 1152 1377 1190 fauere
1406 1151 1644 1198 creduntur,
1667 1151 1842 1189 verbum

241 1212 291 1250 ad
323 1225 389 1249 me.
416 1210 634 1259 scripserit,
657 1222 780 1247 nemo
807 1208 1012 1254 inuiserit,
1036 1220 1158 1245 nemo
1184 1206 1343 1244 saluere
1367 1205 1543 1253 iusserit,
1570 1219 1699 1255 quum
1731 1208 1842 1244 ante-

241 1267 316 1305 hac
338 1265 481 1304 officiis
502 1263 743 1303 huiusmodi
770 1262 1069 1312 propemodum
1096 1261 1332 1299 occiderint.
1392 1259 1514 1307 Quin,
1538 1262 1584 1298 vt
1615 1273 1664 1298 ex
1695 1260 1843 1298 amico-

241 1334 335 1360 rum
369 1319 503 1358 literis
536 1317 705 1368 accipio,
740 1316 969 1355 Lutherani
1005 1316 1048 1354 in
1087 1316 1175 1354 suis
1207 1313 1532 1365 professionibus
1567 1314 1741 1352 subinde
1776 1328 1844 1352 me

241 1374 540 1425 perstringunt,
564 1373 779 1411 clamitant
799 1371 1073 1420 Pelagianum
1145 1370 1247 1408 Erat
1268 1368 1377 1418 quod
1408 1368 1514 1406 mihi
1540 1371 1839 1415 succenserent,

242 1431 277 1468 si
311 1441 495 1479 vnquam
534 1427 580 1465 111
614 1427 783 1465 illorum
820 1425 968 1464 castris
1005 1425 1187 1471 fuissem,
1230 1424 1265 1461 si
1298 1436 1482 1472 vnquam
1521 1423 1681 1472 negocii
1718 1423 1845 1462 huius

244 1485 431 1522 hortator
459 1483 644 1521 fuissem.
704 1480 826 1519 Nunc
854 1482 1016 1530 praeter
1041 1491 1206 1517 causam
1236 1479 1489 1522 succensent,
1520 1477 1651 1527 quum
1681 1490 1846 1526 semper

240 1539 291 1577 ab
330 1539 406 1577 hac
445 1537 710 1576 tumultuosa
748 1535 969 1585 scriptione
1003 1534 1054 1571 ad
1090 1532 1387 1582 Euangelicam
1422 1531 1666 1571 modestiam
1701 1545 1844 1581 prouo-

240 1593 378 1631 carim.
1423 1633 1427 1636 θ

298 1647 381 1685 Nec
401 1646 523 1685 audio
544 1657 716 1694 magnos
742 1644 898 1693 alioqui
918 1643 1040 1690 viros,
1065 1641 1135 1692 qui
1155 1641 1299 1679 dicunt
1326 1640 1520 1678 morbum
1541 1640 1666 1678 fuisse
1687 1640 1845 1689 grauio-

161 1714 223 1747 290
242 1715 328 1740 rem
346 1714 469 1752 quam
489 1703 535 1739 vt
555 1699 640 1738 leui
661 1698 884 1748 pharmaco
911 1696 1047 1735 sanari
1073 1696 1230 1746 possit:
1260 1694 1529 1733 turbandum
1544 1695 1671 1733 fuisse
1697 1707 1845 1744 corpus

244 1756 394 1795 efficaci
428 1754 622 1801 remedio,
654 1765 735 1802 quo
769 1765 865 1791 mox
900 1751 1136 1790 succederet
1169 1750 1335 1789 sanitas.
1394 1748 1488 1792 Hoc
1522 1750 1558 1787 si
1587 1762 1735 1787 verum
1768 1751 1842 1794 est.

244 1823 318 1860 ego
357 1823 431 1860 per
468 1810 571 1847 alios
610 1807 701 1845 fieri
739 1806 882 1845 malim
923 1819 1046 1856 quam
1084 1818 1156 1854 per
1195 1817 1271 1842 me.
1342 1803 1387 1841 Si
1423 1806 1732 1842 commerentur
1769 1803 1846 1841 hoc

244 1865 429 1914 corrupti
463 1862 705 1902 mortalium
744 1874 891 1908 mores,
929 1873 1014 1898 non
1053 1859 1181 1897 deerit
1220 1859 1307 1896 Deo
1345 1858 1737 1905 Nabuchodonozor,
1775 1870 1847 1907 per

245 1932 368 1970 quem
407 1918 587 1967 flagellet
625 1916 824 1966 populum
863 1927 998 1953 suum.
1073 1914 1131 1952 Vt
1170 1913 1252 1952 tale
1293 1912 1401 1950 nihil
1441 1912 1560 1950 video
1600 1913 1757 1950 factum
1795 1911 1847 1950 ab

164 1985 223 2017 295
243 1973 499 2023 Apostolicis
519 1972 630 2018 viris,
654 1970 711 2008 ita
731 1970 836 2008 mihi
863 1982 946 2008 non
978 1969 1111 2018 placet
1131 1968 1353 2018 quicquam
1384 1969 1456 2016 per
1481 1967 1713 2005 tumultum
1745 1965 1842 2015 geri.

245 2029 436 2067 Christus
456 2027 574 2065 eiecit
593 2026 821 2064 vendentes
847 2026 887 2062 et
913 2026 1099 2062 ementes
1128 2022 1173 2060 in
1198 2021 1366 2071 templo,
1391 2022 1461 2060 sed
1489 2021 1576 2059 suis
1603 2021 1714 2059 idem
1746 2033 1847 2058 nun-

246 2096 371 2132 quam
403 2080 639 2120 mandauit:
681 2079 829 2129 quibus
864 2077 1038 2116 docendi
1069 2089 1223 2115 munus
1254 2075 1472 2125 delegauit,
1504 2088 1587 2113 non
1616 2075 1843 2124 pugnandi.

249 2137 302 2175 In
329 2149 505 2183 summa,
530 2134 634 2173 mihi
654 2136 701 2172 vt
729 2146 893 2182 semper
921 2132 1056 2182 placet
1083 2131 1308 2178 concordia,
1333 2130 1391 2168 ita
1420 2130 1488 2168 hic
1509 2143 1672 2180 quoque
1701 2129 1847 2168 malim

159 1433 220 1474 285

714 2268 789 2297 275.
815 2257 909 2298 apud
926 2259 998 2288 add.
1018 2259 1052 2286 F.
1159 2255 1232 2294 285.
1259 2255 1383 2285 castris
1401 2253 1547 2284 illorum
1564 2257 1598 2285 F.
1690 2263 1848 2293 vnquam

997 2309 1069 2339 293.
1095 2302 1141 2330 F:
1171 2298 1498 2329 Nabuchodonosor
1514 2300 1566 2328 N:
1594 2297 1849 2338 Nabugodono·

290 2273 363 2302 271.
391 2262 552 2293 fortassis
568 2263 608 2292 N.

250 2308 388 2347 negocii
404 2306 514 2337 huius
530 2316 549 2334 α
563 2316 571 2336 :
597 2304 703 2334 huius
719 2303 855 2342 negocii
872 2304 906 2332 F.

247 2362 304 2383 sor
321 2363 350 2381 a.
456 2350 530 2389 296.
556 2349 594 2378 in
611 2358 654 2378 a:
679 2357 696 2377 e
713 2349 747 2376 F.

1127 2466 1200 2504 284.
1231 2463 1478 2504 Pelagianum]
1511 2463 1597 2494 This
1626 2463 1754 2502 charge
1788 2462 1847 2503 (cf.

1085 2511 1172 2550 Epp.
1191 2518 1281 2547 1259.
1295 2517 1410 2547 12-13,
1428 2517 1519 2546 1275.
1535 2507 1673 2546 273was
1684 2505 1791 2536 based
1804 2515 1848 2537 on

1085 2563 1181 2585 some
1197 2561 1358 2592 passages
1374 2552 1413 2582 in
1430 2551 1493 2581 the
1506 2552 1714 2581 Enchiride'oaz
1730 2560 1738 2580 ε
1762 2558 1850 2580 seea

293 2474 366 2504 268.
395 2471 509 2512 reges]
534 2471 584 2502 Cf.
603 2471 690 2510 Epp.
715 2479 807 2508 1227.
824 2479 904 2509 2411,
920 2478 1011 2507 1233.

253 2527 521 2600 loonincendio]
540 2558 591 2590 Cf.
607 2558 695 2597 Epp.
711 2558 803 2587 1218.
824 2566 904 2596 41n,
920 2565 1013 2586 1221.

250 2613 346 2642 43-4-

340 2645 564 2686 diplomatis]
595 2644 646 2675 Cf.
679 2646 766 2685 Epp.
801 2653 895 2684 1192.
933 2643 1013 2681 6611,

255 2700 347 2728 1217.
370 2699 466 2727 144n.

296 2735 368 2771 276.
397 2732 574 2772 epistolis]
594 2732 644 2763 Cf.
664 2732 703 2763 11.
725 2733 860 2770 169-70.

297 2778 370 2806 281.
396 2774 579 2815 inuisorit]
595 2776 645 2805 As
663 2776 829 2806 Eobanus
844 2775 921 2814 (Ep.
935 2773 1015 2812 874)

251 2822 290 2850 in
332 2820 405 2851 Oct.
444 2820 534 2859 1518,
567 2819 678 2850 Jonas
710 2819 786 2858 (Ep.
824 2818 904 2857 876)
943 2817 1014 2848 and

258 2864 407 2894 Schalbe
424 2863 504 2903 (Ep.
521 2866 600 2902 977)
626 2864 663 2893 in
690 2863 771 2901 May
791 2872 884 2901 1519,
904 2861 1015 2891 Draco

259 2908 339 2947 (Ep.
355 2907 433 2947 871)
454 2907 492 2937 in
509 2905 595 2945 July
615 2915 697 2945 1520
714 2906 793 2946 (Ep.
815 2904 922 2944 1127).

253 2993 275 3024 L
302 2951 375 2990 283.
404 2949 538 2990 literis]
559 2949 602 2980 So
616 2951 673 2980 too
687 2951 725 2980 111
737 2949 799 2989 Ep.
817 2957 908 2987 1241.
923 2957 1017 2987 5⁴17,

269 2999 353 3025 ator.

1086 2598 1194 2629 letter
1206 2595 1243 2625 of
1250 2596 1362 2626 Burer
1371 2594 1688 2633 fromVVittenberg
1695 2618 1702 2632 ,
1710 2592 1776 2632 30J
1779 2602 1850 2624 une

1090 2650 1169 2680 1521
1191 2639 1306 2677 (BRE.
1324 2638 1412 2678 206),
1433 2640 1468 2668 to
1486 2638 1618 2668 Beatus
1635 2637 1850 2675 Rhenanus;

1086 2682 1243 2723 through
1259 2683 1378 2713 whom
1395 2692 1441 2712 no
1457 2681 1566 2712 doubt
1585 2681 1647 2712 the
1665 2690 1763 2711 news
1778 2680 1849 2711 had

1088 2727 1229 2760 reached
1243 2727 1413 2757 Erasmus
1444 2723 1718 2756 Melanehthon's
1729 2723 1849 2754 letters

1085 2774 1124 2803 in
1134 2773 1221 2810 Aug.
1233 2770 1304 2801 and
1321 2767 1446 2811 (Dec.)
1457 2769 1548 2809 (ME.
1571 2769 1679 2808 126‚75
1696 2767 1794 2798 show
1804 2776 1850 2798 no

1085 2814 1252 2853 hostility
1276 2815 1312 2844 to
1336 2814 1425 2844 him.
1472 2812 1640 2843 Luther's
1664 2811 1741 2842 first
1758 2820 1850 2842 com-

1086 2858 1308 2890 munication
1319 2857 1409 2887 with
1428 2855 1595 2886 Erasmus
1612 2855 1682 2886 had
1700 2855 1788 2885 been
1804 2863 1851 2885 an

1086 2902 1282 2934 invitation
1309 2902 1345 2931 to
1372 2899 1457 2930 read
1481 2899 1684 2939 Augustine
1711 2898 1851 2937 against

1088 2947 1148 2978 the
1165 2945 1375 2983 Pelagiaus:
1400 2953 1456 2973 see
1474 2943 1535 2982 Ep.
1556 2951 1629 2982 501.
1654 2952 1700 2979 14,
1719 2943 1815 2980 53-6.

1131 2989 1204 3028 296.
1232 2986 1414 3027 Christus]
1431 2986 1527 3017 John
1545 2996 1576 3017 2.
1599 2986 1713 3024 14—16.
