<?xml version="1.0" encoding="UTF-8"?>
<!DOCTYPE html PUBLIC "-//W3C//DTD XHTML 1.0 Transitional//EN"
    "http://www.w3.org/TR/xhtml1/DTD/xhtml1-transitional.dtd">
<html xmlns="http://www.w3.org/1999/xhtml" xml:lang="en" lang="en">
 <head>
  <title>
</title>
<meta http-equiv="Content-Type" content="text/html;charset=utf-8" />
  <meta name='ocr-system' content='tesseract 3.04.00' />
  <meta name='ocr-capabilities' content='ocr_page ocr_carea ocr_par ocr_line ocrx_word'/>
</head>
<body>
  <div class='ocr_page' id='page_1' title='image "./opusepistolarumd04erasuoft_0241.png"; bbox 0 0 1990 3353; ppageno 0'>
   <div class='ocr_carea' id='block_1_1' title="bbox 117 138 240 194">
    <p class='ocr_par' dir='ltr' id='par_1_1' title="bbox 117 138 240 194">
     <span class='ocr_line' id='line_1_1' title="bbox 117 138 240 194; baseline 0.016 -17"><span class='ocrx_word' id='word_1_1' title='bbox 117 138 240 194; x_wconf 82' lang='lat'><strong>¹073]</strong></span> 
     </span>
    </p>
   </div>
   <div class='ocr_carea' id='block_1_2' title="bbox 534 140 1306 182">
    <p class='ocr_par' dir='ltr' id='par_1_2' title="bbox 534 140 1306 182">
     <span class='ocr_line' id='line_1_2' title="bbox 534 140 1306 182; baseline 0.001 -2"><span class='ocrx_word' id='word_1_2' title='bbox 534 140 689 180; x_wconf 71' lang='lat' dir='ltr'>FROM</span> <span class='ocrx_word' id='word_1_3' title='bbox 726 141 996 181; x_wconf 87' lang='lat' dir='ltr'><strong>WILLIAM</strong></span> <span class='ocrx_word' id='word_1_4' title='bbox 1033 141 1306 182; x_wconf 86' lang='lat' dir='ltr'>BUDAEUS</span> 
     </span>
    </p>
   </div>
   <div class='ocr_carea' id='block_1_3' title="bbox 1637 144 1714 182">
    <p class='ocr_par' dir='ltr' id='par_1_3' title="bbox 1637 144 1714 182">
     <span class='ocr_line' id='line_1_3' title="bbox 1637 144 1714 182; baseline -0.013 0"><span class='ocrx_word' id='word_1_5' title='bbox 1637 144 1714 182; x_wconf 87' lang='lat'><strong>197</strong></span> 
     </span>
    </p>
   </div>
   <div class='ocr_carea' id='block_1_4' title="bbox 108 250 1715 410">
    <p class='ocr_par' dir='ltr' id='par_1_4' title="bbox 108 250 1715 410">
     <span class='ocr_line' id='line_1_4' title="bbox 108 250 1715 302; baseline 0 -12"><span class='ocrx_word' id='word_1_6' title='bbox 108 253 328 302; x_wconf 81' lang='grc' dir='ltr'>παρασιτεῖν</span> <span class='ocrx_word' id='word_1_7' title='bbox 348 253 383 290; x_wconf 81' lang='grc' dir='ltr'><strong>οἷ</strong></span> <span class='ocrx_word' id='word_1_8' title='bbox 402 251 507 292; x_wconf 72' lang='grc' dir='ltr'>οὗτος</span> <span class='ocrx_word' id='word_1_9' title='bbox 526 250 591 301; x_wconf 80' lang='grc' dir='ltr'>ε’μὲ</span> <span class='ocrx_word' id='word_1_10' title='bbox 611 252 710 297; x_wconf 78' lang='grc' dir='ltr'>ἀξιοῖ</span> <span class='ocrx_word' id='word_1_11' title='bbox 726 265 735 298; x_wconf 85' lang='grc'>;</span> <span class='ocrx_word' id='word_1_12' title='bbox 749 250 771 266; x_wconf 86' lang='grc'><strong>”</strong></span> <span class='ocrx_word' id='word_1_13' title='bbox 800 250 932 301; x_wconf 84' lang='lat' dir='ltr'><strong>Egon&#39;</strong></span> <span class='ocrx_word' id='word_1_14' title='bbox 951 264 998 290; x_wconf 84' lang='lat' dir='ltr'><strong>eo</strong></span> <span class='ocrx_word' id='word_1_15' title='bbox 1017 251 1264 290; x_wconf 71' lang='lat' dir='ltr'>insolentiae</span> <span class='ocrx_word' id='word_1_16' title='bbox 1282 251 1471 290; x_wconf 85' lang='lat' dir='ltr'>venerim</span> <span class='ocrx_word' id='word_1_17' title='bbox 1492 254 1537 290; x_wconf 79' lang='lat' dir='ltr'><strong>Vt</strong></span> <span class='ocrx_word' id='word_1_18' title='bbox 1557 251 1715 302; x_wconf 79' lang='lat' dir='ltr'><strong>aliquid</strong></span> 
     </span>
     <span class='ocr_line' id='line_1_5' title="bbox 108 305 1715 356; baseline -0.001 -11"><span class='ocrx_word' id='word_1_19' title='bbox 108 306 361 345; x_wconf 87' lang='lat' dir='ltr'><strong>eiuscemodi</strong></span> <span class='ocrx_word' id='word_1_20' title='bbox 388 306 528 347; x_wconf 89' lang='lat' dir='ltr'><strong>animo</strong></span> <span class='ocrx_word' id='word_1_21' title='bbox 555 305 835 355; x_wconf 87' lang='lat' dir='ltr'><strong>agitauerim‘?</strong></span> <span class='ocrx_word' id='word_1_22' title='bbox 873 318 1011 355; x_wconf 83' lang='lat' dir='ltr'>egone,</span> <span class='ocrx_word' id='word_1_23' title='bbox 1045 306 1082 344; x_wconf 89' lang='lat' dir='ltr'><strong>si</strong></span> <span class='ocrx_word' id='word_1_24' title='bbox 1108 306 1290 344; x_wconf 80' lang='lat' dir='ltr'><strong>antistiti</strong></span> <span class='ocrx_word' id='word_1_25' title='bbox 1323 306 1493 356; x_wconf 90' lang='lat' dir='ltr'><strong>quidem</strong></span> <span class='ocrx_word' id='word_1_26' title='bbox 1522 308 1596 344; x_wconf 90' lang='lat' dir='ltr'><strong>tuo</strong></span> <span class='ocrx_word' id='word_1_27' title='bbox 1626 319 1715 344; x_wconf 89' lang='lat' dir='ltr'><strong>esse</strong></span> 
     </span>
     <span class='ocr_line' id='line_1_6' title="bbox 109 359 1714 410; baseline -0.001 -11"><span class='ocrx_word' id='word_1_28' title='bbox 109 360 216 399; x_wconf 91' lang='lat' dir='ltr'><strong>mihi</strong></span> <span class='ocrx_word' id='word_1_29' title='bbox 246 360 487 410; x_wconf 77' lang='lat' dir='ltr'><strong>contigisset</strong></span> <span class='ocrx_word' id='word_1_30' title='bbox 515 360 861 409; x_wconf 89' lang='lat' dir='ltr'><strong>fortunarumque</strong></span> <span class='ocrx_word' id='word_1_31' title='bbox 886 359 1081 398; x_wconf 82' lang='lat' dir='ltr'><strong>auctori?</strong></span> <span class='ocrx_word' id='word_1_32' title='bbox 1127 360 1191 399; x_wconf 83' lang='lat' dir='ltr'><strong>Tu</strong></span> <span class='ocrx_word' id='word_1_33' title='bbox 1213 360 1294 399; x_wconf 87' lang='lat' dir='ltr'><strong>ista</strong></span> <span class='ocrx_word' id='word_1_34' title='bbox 1323 359 1558 398; x_wconf 84' lang='lat' dir='ltr'><strong>inconsulte</strong></span> <span class='ocrx_word' id='word_1_35' title='bbox 1589 360 1714 398; x_wconf 89' lang='lat' dir='ltr'><strong>rumi-</strong></span> 
     </span>
    </p>
   </div>
   <div class='ocr_carea' id='block_1_5' title="bbox 108 414 523 465">
    <p class='ocr_par' dir='ltr' id='par_1_5' title="bbox 108 414 523 465">
     <span class='ocr_line' id='line_1_7' title="bbox 108 414 523 465; baseline -0.002 -12"><span class='ocrx_word' id='word_1_36' title='bbox 108 415 264 465; x_wconf 83' lang='lat' dir='ltr'><strong>gerulis</strong></span> <span class='ocrx_word' id='word_1_37' title='bbox 302 414 523 453; x_wconf 80' lang='lat' dir='ltr'><strong>credidisti.</strong></span> 
     </span>
    </p>
   </div>
   <div class='ocr_carea' id='block_1_6' title="bbox 109 413 1774 519">
    <p class='ocr_par' dir='ltr' id='par_1_6' title="bbox 109 413 1774 519">
     <span class='ocr_line' id='line_1_8' title="bbox 583 413 1774 465; baseline -0.001 -14"><span class='ocrx_word' id='word_1_38' title='bbox 583 413 741 462; x_wconf 76' lang='lat' dir='ltr'><strong>Quibus</strong></span> <span class='ocrx_word' id='word_1_39' title='bbox 779 414 861 452; x_wconf 88' lang='lat' dir='ltr'><strong>iam</strong></span> <span class='ocrx_word' id='word_1_40' title='bbox 904 415 1014 453; x_wconf 89' lang='lat' dir='ltr'><strong>certe</strong></span> <span class='ocrx_word' id='word_1_41' title='bbox 1062 414 1379 465; x_wconf 88' lang='lat' dir='ltr'><strong>suspitiunculis</strong></span> <span class='ocrx_word' id='word_1_42' title='bbox 1418 414 1715 464; x_wconf 86' lang='lat' dir='ltr'><strong>abstergendos</strong></span> <span class='ocrx_word' id='word_1_43' title='bbox 1733 428 1774 460; x_wconf 85' lang='lat'><strong>50</strong></span> 
     </span>
     <span class='ocr_line' id='line_1_9' title="bbox 109 468 1422 519; baseline -0.002 -11"><span class='ocrx_word' id='word_1_44' title='bbox 109 468 306 519; x_wconf 90' lang='lat' dir='ltr'><strong>vtrinque</strong></span> <span class='ocrx_word' id='word_1_45' title='bbox 325 469 487 508; x_wconf 89' lang='lat' dir='ltr'><strong>animos</strong></span> <span class='ocrx_word' id='word_1_46' title='bbox 506 468 626 507; x_wconf 89' lang='lat' dir='ltr'><strong>nobis</strong></span> <span class='ocrx_word' id='word_1_47' title='bbox 644 480 732 507; x_wconf 87' lang='lat' dir='ltr'><strong>esse</strong></span> <span class='ocrx_word' id='word_1_48' title='bbox 752 481 908 507; x_wconf 86' lang='lat' dir='ltr'><strong>censeO.</strong></span> <span class='ocrx_word' id='word_1_49' title='bbox 1420 470 1422 472; x_wconf 75' lang='grc'>’</span> 
     </span>
    </p>
   </div>
   <div class='ocr_carea' id='block_1_7' title="bbox 108 522 1715 681">
    <p class='ocr_par' dir='ltr' id='par_1_7' title="bbox 108 522 1715 681">
     <span class='ocr_line' id='line_1_10' title="bbox 161 522 1715 572; baseline -0.001 -10"><span class='ocrx_word' id='word_1_50' title='bbox 161 523 321 562; x_wconf 88' lang='lat' dir='ltr'><strong>Verum</strong></span> <span class='ocrx_word' id='word_1_51' title='bbox 349 522 456 561; x_wconf 86' lang='lat' dir='ltr'><strong>mira</strong></span> <span class='ocrx_word' id='word_1_52' title='bbox 483 525 582 562; x_wconf 88' lang='lat' dir='ltr'><strong>sunt</strong></span> <span class='ocrx_word' id='word_1_53' title='bbox 615 522 690 560; x_wconf 89' lang='lat' dir='ltr'><strong>illa</strong></span> <span class='ocrx_word' id='word_1_54' title='bbox 723 536 825 572; x_wconf 84' lang='lat' dir='ltr'><strong>quae</strong></span> <span class='ocrx_word' id='word_1_55' title='bbox 859 522 1007 561; x_wconf 90' lang='lat' dir='ltr'><strong>scribis</strong></span> <span class='ocrx_word' id='word_1_56' title='bbox 1038 523 1088 561; x_wconf 93' lang='lat' dir='ltr'><strong>de</strong></span> <span class='ocrx_word' id='word_1_57' title='bbox 1120 522 1208 561; x_wconf 88' lang='lat' dir='ltr'><strong>illis</strong></span> <span class='ocrx_word' id='word_1_58' title='bbox 1239 522 1485 561; x_wconf 87' lang='lat' dir='ltr'><strong>eruditionis</strong></span> <span class='ocrx_word' id='word_1_59' title='bbox 1514 522 1715 572; x_wconf 79' lang='lat' dir='ltr'><strong>ingenuae</strong></span> 
     </span>
     <span class='ocr_line' id='line_1_11' title="bbox 109 576 1714 627; baseline -0.001 -11"><span class='ocrx_word' id='word_1_60' title='bbox 109 577 313 616; x_wconf 85' lang='lat' dir='ltr'><strong>hostibus.</strong></span> <span class='ocrx_word' id='word_1_61' title='bbox 354 577 547 616; x_wconf 90' lang='lat' dir='ltr'><strong>Profecto</strong></span> <span class='ocrx_word' id='word_1_62' title='bbox 568 578 630 615; x_wconf 86' lang='lat' dir='ltr'><strong>tui</strong></span> <span class='ocrx_word' id='word_1_63' title='bbox 650 590 717 614; x_wconf 92' lang='lat' dir='ltr'><strong>me</strong></span> <span class='ocrx_word' id='word_1_64' title='bbox 737 577 822 615; x_wconf 88' lang='lat' dir='ltr'><strong>iam</strong></span> <span class='ocrx_word' id='word_1_65' title='bbox 838 576 971 627; x_wconf 89' lang='lat' dir='ltr'><strong>coepit</strong></span> <span class='ocrx_word' id='word_1_66' title='bbox 990 576 1264 625; x_wconf 87' lang='lat' dir='ltr'><strong>miserescere,</strong></span> <span class='ocrx_word' id='word_1_67' title='bbox 1284 577 1351 615; x_wconf 91' lang='lat' dir='ltr'><strong>cui</strong></span> <span class='ocrx_word' id='word_1_68' title='bbox 1369 577 1414 615; x_wconf 91' lang='lat' dir='ltr'><strong>in</strong></span> <span class='ocrx_word' id='word_1_69' title='bbox 1434 590 1526 615; x_wconf 89' lang='lat' dir='ltr'><strong>eam</strong></span> <span class='ocrx_word' id='word_1_70' title='bbox 1547 589 1714 615; x_wconf 84' lang='lat' dir='ltr'><strong>arenam</strong></span> 
     </span>
     <span class='ocr_line' id='line_1_12' title="bbox 108 631 1715 681; baseline -0.001 -11"><span class='ocrx_word' id='word_1_71' title='bbox 108 632 356 671; x_wconf 86' lang='lat' dir='ltr'><strong>descendere</strong></span> <span class='ocrx_word' id='word_1_72' title='bbox 385 644 497 670; x_wconf 89' lang='lat' dir='ltr'><strong>nunc</strong></span> <span class='ocrx_word' id='word_1_73' title='bbox 525 644 689 670; x_wconf 89' lang='lat' dir='ltr'><strong>necesse</strong></span> <span class='ocrx_word' id='word_1_74' title='bbox 718 631 785 679; x_wconf 88' lang='lat' dir='ltr'><strong>sit,</strong></span> <span class='ocrx_word' id='word_1_75' title='bbox 818 633 891 670; x_wconf 88' lang='lat' dir='ltr'><strong>aut</strong></span> <span class='ocrx_word' id='word_1_76' title='bbox 919 631 1197 681; x_wconf 86' lang='lat' dir='ltr'><strong>patrocinium</strong></span> <span class='ocrx_word' id='word_1_77' title='bbox 1226 631 1500 670; x_wconf 90' lang='lat' dir='ltr'><strong>deserendum</strong></span> <span class='ocrx_word' id='word_1_78' title='bbox 1530 631 1715 670; x_wconf 86' lang='lat' dir='ltr'><strong>instituti</strong></span> 
     </span>
    </p>
   </div>
   <div class='ocr_carea' id='block_1_8' title="bbox 109 685 1771 736">
    <p class='ocr_par' dir='ltr' id='par_1_8' title="bbox 109 685 1771 736">
     <span class='ocr_line' id='line_1_13' title="bbox 109 685 1771 736; baseline 0.001 -12"><span class='ocrx_word' id='word_1_79' title='bbox 109 685 396 725; x_wconf 87' lang='lat' dir='ltr'><strong>honestissimi</strong></span> <span class='ocrx_word' id='word_1_80' title='bbox 415 686 669 735; x_wconf 85' lang='lat' dir='ltr'><strong>vltimaeque</strong></span> <span class='ocrx_word' id='word_1_81' title='bbox 693 685 927 725; x_wconf 88' lang='lat' dir='ltr'><strong>voluntatis</strong></span> <span class='ocrx_word' id='word_1_82' title='bbox 952 685 1067 724; x_wconf 90' lang='lat' dir='ltr'><strong>illius</strong></span> <span class='ocrx_word' id='word_1_83' title='bbox 1092 685 1308 734; x_wconf 89' lang='lat' dir='ltr'><strong>antistitis,</strong></span> <span class='ocrx_word' id='word_1_84' title='bbox 1332 686 1403 735; x_wconf 89' lang='lat' dir='ltr'><strong>qui</strong></span> <span class='ocrx_word' id='word_1_85' title='bbox 1424 685 1612 736; x_wconf 86' lang='lat' dir='ltr'><strong>legatum</strong></span> <span class='ocrx_word' id='word_1_86' title='bbox 1631 699 1714 723; x_wconf 90' lang='lat' dir='ltr'><strong>me-</strong></span> <span class='ocrx_word' id='word_1_87' title='bbox 1732 694 1771 726; x_wconf 83' lang='grc'><strong>55</strong></span> 
     </span>
    </p>
   </div>
   <div class='ocr_carea' id='block_1_9' title="bbox 108 739 1714 790">
    <p class='ocr_par' dir='ltr' id='par_1_9' title="bbox 108 739 1714 790">
     <span class='ocr_line' id='line_1_14' title="bbox 108 739 1714 790; baseline -0.001 -11"><span class='ocrx_word' id='word_1_88' title='bbox 108 740 310 780; x_wconf 87' lang='lat' dir='ltr'><strong>morabile</strong></span> <span class='ocrx_word' id='word_1_89' title='bbox 331 740 669 790; x_wconf 88' lang='lat' dir='ltr'><strong>vberrimumque</strong></span> <span class='ocrx_word' id='word_1_90' title='bbox 688 739 860 790; x_wconf 89' lang='lat' dir='ltr'><strong>reliquit</strong></span> <span class='ocrx_word' id='word_1_91' title='bbox 888 740 938 779; x_wconf 88' lang='lat' dir='ltr'><strong>ad</strong></span> <span class='ocrx_word' id='word_1_92' title='bbox 965 740 1105 779; x_wconf 90' lang='lat' dir='ltr'><strong>studia</strong></span> <span class='ocrx_word' id='word_1_93' title='bbox 1130 740 1277 779; x_wconf 86' lang='lat' dir='ltr'><strong>alenda</strong></span> <span class='ocrx_word' id='word_1_94' title='bbox 1303 739 1527 778; x_wconf 88' lang='lat' dir='ltr'><strong>hominum</strong></span> <span class='ocrx_word' id='word_1_95' title='bbox 1547 739 1714 790; x_wconf 84' lang='lat' dir='ltr'><strong>ingenio</strong></span> 
     </span>
    </p>
   </div>
   <div class='ocr_carea' id='block_1_10' title="bbox 107 794 406 888">
    <p class='ocr_par' dir='ltr' id='par_1_10' title="bbox 107 794 406 888">
     <span class='ocr_line' id='line_1_15' title="bbox 107 794 402 845; baseline 0.003 -13"><span class='ocrx_word' id='word_1_96' title='bbox 107 794 402 845; x_wconf 88' lang='lat' dir='ltr'><strong>praeditorum.</strong></span> 
     </span>
     <span class='ocr_line' id='line_1_16' title="bbox 107 849 406 888; baseline 0 -1"><span class='ocrx_word' id='word_1_97' title='bbox 107 849 406 888; x_wconf 79' lang='lat' dir='ltr'><strong>defensoribus,</strong></span> 
     </span>
    </p>
   </div>
   <div class='ocr_carea' id='block_1_11' title="bbox 462 793 1716 899">
    <p class='ocr_par' dir='ltr' id='par_1_11' title="bbox 462 793 1716 899">
     <span class='ocr_line' id='line_1_17' title="bbox 462 793 1716 844; baseline -0.001 -11"><span class='ocrx_word' id='word_1_98' title='bbox 462 794 544 833; x_wconf 91' lang='lat' dir='ltr'><strong>Hic</strong></span> <span class='ocrx_word' id='word_1_99' title='bbox 572 794 835 844; x_wconf 84' lang='lat' dir='ltr'><strong>aequioribus</strong></span> <span class='ocrx_word' id='word_1_100' title='bbox 865 795 1038 833; x_wconf 90' lang='lat' dir='ltr'><strong>omnino</strong></span> <span class='ocrx_word' id='word_1_101' title='bbox 1067 794 1229 833; x_wconf 89' lang='lat' dir='ltr'><strong>vtimur</strong></span> <span class='ocrx_word' id='word_1_102' title='bbox 1262 807 1397 833; x_wconf 88' lang='lat' dir='ltr'><strong>sacrae</strong></span> <span class='ocrx_word' id='word_1_103' title='bbox 1431 793 1716 844; x_wconf 85' lang='lat' dir='ltr'><strong>philosophiae</strong></span> 
     </span>
     <span class='ocr_line' id='line_1_18' title="bbox 467 848 1715 899; baseline 0 -12"><span class='ocrx_word' id='word_1_104' title='bbox 467 849 600 897; x_wconf 78' lang='lat' dir='ltr'><strong>Quare</strong></span> <span class='ocrx_word' id='word_1_105' title='bbox 629 849 665 887; x_wconf 90' lang='lat' dir='ltr'><strong>si</strong></span> <span class='ocrx_word' id='word_1_106' title='bbox 693 848 817 887; x_wconf 87' lang='lat' dir='ltr'><strong>istinc</strong></span> <span class='ocrx_word' id='word_1_107' title='bbox 845 848 1064 899; x_wconf 88' lang='lat' dir='ltr'><strong>paululum</strong></span> <span class='ocrx_word' id='word_1_108' title='bbox 1095 849 1348 897; x_wconf 83' lang='lat' dir='ltr'><strong>concederes,</strong></span> <span class='ocrx_word' id='word_1_109' title='bbox 1377 851 1423 887; x_wconf 87' lang='lat' dir='ltr'><strong>vt</strong></span> <span class='ocrx_word' id='word_1_110' title='bbox 1452 849 1646 887; x_wconf 87' lang='lat' dir='ltr'><strong>statuisse</strong></span> <span class='ocrx_word' id='word_1_111' title='bbox 1674 851 1715 887; x_wconf 88' lang='lat' dir='ltr'><strong>te</strong></span> 
     </span>
    </p>
   </div>
   <div class='ocr_carea' id='block_1_12' title="bbox 107 903 1715 954">
    <p class='ocr_par' dir='ltr' id='par_1_12' title="bbox 107 903 1715 954">
     <span class='ocr_line' id='line_1_19' title="bbox 107 903 1715 954; baseline 0 -13"><span class='ocrx_word' id='word_1_112' title='bbox 107 916 250 942; x_wconf 87' lang='lat' dir='ltr'><strong>rumor</strong></span> <span class='ocrx_word' id='word_1_113' title='bbox 269 906 346 948; x_wconf 86' lang='lat' dir='ltr'><strong>est,</strong></span> <span class='ocrx_word' id='word_1_114' title='bbox 365 906 533 942; x_wconf 87' lang='lat' dir='ltr'><strong>tuarum</strong></span> <span class='ocrx_word' id='word_1_115' title='bbox 560 917 699 942; x_wconf 90' lang='lat' dir='ltr'><strong>rerum</strong></span> <span class='ocrx_word' id='word_1_116' title='bbox 723 903 880 942; x_wconf 90' lang='lat' dir='ltr'><strong>iactura</strong></span> <span class='ocrx_word' id='word_1_117' title='bbox 908 903 1111 954; x_wconf 89' lang='lat' dir='ltr'><strong>istiusque</strong></span> <span class='ocrx_word' id='word_1_118' title='bbox 1135 903 1376 953; x_wconf 89' lang='lat' dir='ltr'><strong>prouinciae</strong></span> <span class='ocrx_word' id='word_1_119' title='bbox 1401 903 1715 942; x_wconf 89' lang='lat' dir='ltr'><strong>commodorum</strong></span> 
     </span>
    </p>
   </div>
   <div class='ocr_carea' id='block_1_13' title="bbox 107 957 1562 1008">
    <p class='ocr_par' dir='ltr' id='par_1_13' title="bbox 107 957 1562 1008">
     <span class='ocr_line' id='line_1_20' title="bbox 107 957 1562 1008; baseline -0.001 -12"><span class='ocrx_word' id='word_1_120' title='bbox 107 957 267 1008; x_wconf 87' lang='lat' dir='ltr'><strong>ingens,</strong></span> <span class='ocrx_word' id='word_1_121' title='bbox 289 961 335 997; x_wconf 89' lang='lat' dir='ltr'><strong>vt</strong></span> <span class='ocrx_word' id='word_1_122' title='bbox 355 957 512 1008; x_wconf 81' lang='lat' dir='ltr'><strong>opinor,</strong></span> <span class='ocrx_word' id='word_1_123' title='bbox 533 958 827 1008; x_wconf 89' lang='lat' dir='ltr'><strong>compendium</strong></span> <span class='ocrx_word' id='word_1_124' title='bbox 847 957 1000 997; x_wconf 78' lang='lat' dir='ltr'><strong>laboris</strong></span> <span class='ocrx_word' id='word_1_125' title='bbox 1026 958 1324 1008; x_wconf 83' lang='lat' dir='ltr'><strong>molestiaeque</strong></span> <span class='ocrx_word' id='word_1_126' title='bbox 1345 957 1562 996; x_wconf 86' lang='lat' dir='ltr'><strong>factitares.</strong></span> 
     </span>
    </p>
   </div>
   <div class='ocr_carea' id='block_1_14' title="bbox 105 1012 1715 1118">
    <p class='ocr_par' dir='ltr' id='par_1_14' title="bbox 105 1012 1715 1118">
     <span class='ocr_line' id='line_1_21' title="bbox 108 1012 1715 1062; baseline -0.001 -12"><span class='ocrx_word' id='word_1_127' title='bbox 108 1012 154 1050; x_wconf 87' lang='lat' dir='ltr'><strong>in</strong></span> <span class='ocrx_word' id='word_1_128' title='bbox 172 1013 270 1051; x_wconf 87' lang='lat' dir='ltr'><strong>vrbe</strong></span> <span class='ocrx_word' id='word_1_129' title='bbox 290 1012 475 1061; x_wconf 90' lang='lat' dir='ltr'><strong>omnino,</strong></span> <span class='ocrx_word' id='word_1_130' title='bbox 498 1012 533 1050; x_wconf 87' lang='lat' dir='ltr'><strong>si</strong></span> <span class='ocrx_word' id='word_1_131' title='bbox 552 1026 639 1050; x_wconf 87' lang='lat' dir='ltr'><strong>non</strong></span> <span class='ocrx_word' id='word_1_132' title='bbox 658 1012 808 1062; x_wconf 88' lang='lat' dir='ltr'><strong>ample,</strong></span> <span class='ocrx_word' id='word_1_133' title='bbox 830 1015 938 1051; x_wconf 86' lang='lat' dir='ltr'><strong>certe</strong></span> <span class='ocrx_word' id='word_1_134' title='bbox 957 1012 1185 1051; x_wconf 89' lang='lat' dir='ltr'><strong>honorifice</strong></span> <span class='ocrx_word' id='word_1_135' title='bbox 1200 1016 1241 1051; x_wconf 89' lang='lat' dir='ltr'><strong>et</strong></span> <span class='ocrx_word' id='word_1_136' title='bbox 1261 1012 1476 1051; x_wconf 90' lang='lat' dir='ltr'><strong>commode</strong></span> <span class='ocrx_word' id='word_1_137' title='bbox 1496 1025 1593 1050; x_wconf 89' lang='lat' dir='ltr'><strong>cum</strong></span> <span class='ocrx_word' id='word_1_138' title='bbox 1612 1012 1715 1050; x_wconf 85' lang='lat' dir='ltr'><strong>viris</strong></span> 
     </span>
     <span class='ocr_line' id='line_1_22' title="bbox 105 1066 1713 1118; baseline -0.001 -13"><span class='ocrx_word' id='word_1_139' title='bbox 105 1067 475 1106; x_wconf 84' lang='lat' dir='ltr'><strong>existimatissimis</strong></span> <span class='ocrx_word' id='word_1_140' title='bbox 506 1066 645 1117; x_wconf 84' lang='lat' dir='ltr'><strong>agitur</strong></span> <span class='ocrx_word' id='word_1_141' title='bbox 676 1066 978 1118; x_wconf 86' lang='lat' dir='ltr'><strong>primariaeque</strong></span> <span class='ocrx_word' id='word_1_142' title='bbox 1015 1067 1390 1105; x_wconf 83' lang='lat' dir='ltr'><strong>commendationis</strong></span> <span class='ocrx_word' id='word_1_143' title='bbox 1419 1066 1464 1105; x_wconf 88' lang='lat' dir='ltr'><strong>in</strong></span> <span class='ocrx_word' id='word_1_144' title='bbox 1497 1066 1713 1105; x_wconf 90' lang='lat' dir='ltr'><strong>literarum</strong></span> 
     </span>
    </p>
   </div>
   <div class='ocr_carea' id='block_1_15' title="bbox 106 1120 627 1171">
    <p class='ocr_par' dir='ltr' id='par_1_15' title="bbox 106 1120 627 1171">
     <span class='ocr_line' id='line_1_23' title="bbox 106 1120 627 1171; baseline 0 -11"><span class='ocrx_word' id='word_1_145' title='bbox 106 1120 331 1160; x_wconf 81' lang='lat' dir='ltr'><strong>lautiorum</strong></span> <span class='ocrx_word' id='word_1_146' title='bbox 360 1121 627 1171; x_wconf 87' lang='lat' dir='ltr'><strong>professione.</strong></span> 
     </span>
    </p>
   </div>
   <div class='ocr_carea' id='block_1_16' title="bbox 162 1175 1715 1225">
    <p class='ocr_par' dir='ltr' id='par_1_16' title="bbox 162 1175 1715 1225">
     <span class='ocr_line' id='line_1_24' title="bbox 162 1175 1715 1225; baseline -0.001 -11"><span class='ocrx_word' id='word_1_147' title='bbox 162 1176 224 1214; x_wconf 87' lang='lat' dir='ltr'><strong>Tu</strong></span> <span class='ocrx_word' id='word_1_148' title='bbox 259 1176 470 1215; x_wconf 89' lang='lat' dir='ltr'><strong>rationum</strong></span> <span class='ocrx_word' id='word_1_149' title='bbox 506 1177 674 1214; x_wconf 87' lang='lat' dir='ltr'><strong>tuarum</strong></span> <span class='ocrx_word' id='word_1_150' title='bbox 710 1189 920 1214; x_wconf 87' lang='lat' dir='ltr'><strong>summam</strong></span> <span class='ocrx_word' id='word_1_151' title='bbox 956 1175 1104 1215; x_wconf 86' lang='lat' dir='ltr'><strong>melius</strong></span> <span class='ocrx_word' id='word_1_152' title='bbox 1143 1176 1312 1223; x_wconf 81' lang='lat' dir='ltr'><strong>nouisti,</strong></span> <span class='ocrx_word' id='word_1_153' title='bbox 1355 1188 1456 1225; x_wconf 87' lang='lat' dir='ltr'><strong>quas</strong></span> <span class='ocrx_word' id='word_1_154' title='bbox 1493 1175 1631 1223; x_wconf 85' lang='lat' dir='ltr'><strong>etiam,</strong></span> <span class='ocrx_word' id='word_1_155' title='bbox 1669 1178 1715 1213; x_wconf 89' lang='lat' dir='ltr'><strong>vt</strong></span> 
     </span>
    </p>
   </div>
   <div class='ocr_carea' id='block_1_17' title="bbox 107 1230 1772 1335">
    <p class='ocr_par' dir='ltr' id='par_1_17' title="bbox 107 1230 1772 1335">
     <span class='ocr_line' id='line_1_25' title="bbox 107 1230 1772 1281; baseline -0.001 -12"><span class='ocrx_word' id='word_1_156' title='bbox 107 1230 299 1274; x_wconf 83' lang='lat' dir='ltr'><strong>arbitror,</strong></span> <span class='ocrx_word' id='word_1_157' title='bbox 321 1243 417 1269; x_wconf 91' lang='lat' dir='ltr'><strong>cum</strong></span> <span class='ocrx_word' id='word_1_158' title='bbox 437 1230 582 1268; x_wconf 84' lang='lat' dir='ltr'><strong>amicis</strong></span> <span class='ocrx_word' id='word_1_159' title='bbox 602 1230 871 1268; x_wconf 87' lang='lat' dir='ltr'><strong>iuratioribus</strong></span> <span class='ocrx_word' id='word_1_160' title='bbox 897 1230 1119 1269; x_wconf 87' lang='lat' dir='ltr'><strong>subducis:</strong></span> <span class='ocrx_word' id='word_1_161' title='bbox 1149 1244 1222 1281; x_wconf 83' lang='lat' dir='ltr'><strong>ego</strong></span> <span class='ocrx_word' id='word_1_162' title='bbox 1243 1243 1337 1268; x_wconf 91' lang='lat' dir='ltr'><strong>cum</strong></span> <span class='ocrx_word' id='word_1_163' title='bbox 1365 1230 1572 1268; x_wconf 89' lang='lat' dir='ltr'><strong>scribendi</strong></span> <span class='ocrx_word' id='word_1_164' title='bbox 1598 1243 1713 1280; x_wconf 85' lang='lat' dir='ltr'><strong>argu-</strong></span> <span class='ocrx_word' id='word_1_165' title='bbox 1731 1240 1772 1281; x_wconf 84' lang='lat'><strong>65</strong></span> 
     </span>
     <span class='ocr_line' id='line_1_26' title="bbox 108 1284 1148 1335; baseline 0.001 -12"><span class='ocrx_word' id='word_1_166' title='bbox 108 1286 301 1323; x_wconf 90' lang='lat' dir='ltr'><strong>mentum</strong></span> <span class='ocrx_word' id='word_1_167' title='bbox 335 1285 600 1335; x_wconf 84' lang='lat' dir='ltr'><strong>requirerem,</strong></span> <span class='ocrx_word' id='word_1_168' title='bbox 633 1284 734 1323; x_wconf 87' lang='lat' dir='ltr'><strong>haec</strong></span> <span class='ocrx_word' id='word_1_169' title='bbox 765 1284 962 1334; x_wconf 88' lang='lat' dir='ltr'><strong>epistolae</strong></span> <span class='ocrx_word' id='word_1_170' title='bbox 996 1284 1148 1324; x_wconf 90' lang='lat' dir='ltr'><strong>addidi.</strong></span> 
     </span>
    </p>
   </div>
   <div class='ocr_carea' id='block_1_18' title="bbox 1206 1284 1714 1334">
    <p class='ocr_par' dir='ltr' id='par_1_18' title="bbox 1206 1284 1714 1334">
     <span class='ocr_line' id='line_1_27' title="bbox 1206 1284 1714 1334; baseline -0.002 -11"><span class='ocrx_word' id='word_1_171' title='bbox 1206 1285 1313 1323; x_wconf 83' lang='lat' dir='ltr'><strong>Nam</strong></span> <span class='ocrx_word' id='word_1_172' title='bbox 1350 1285 1399 1323; x_wconf 88' lang='lat' dir='ltr'><strong>de</strong></span> <span class='ocrx_word' id='word_1_173' title='bbox 1431 1284 1564 1323; x_wconf 88' lang='lat' dir='ltr'><strong>aulica</strong></span> <span class='ocrx_word' id='word_1_174' title='bbox 1598 1298 1714 1334; x_wconf 85' lang='lat' dir='ltr'><strong>expe-</strong></span> 
     </span>
    </p>
   </div>
   <div class='ocr_carea' id='block_1_19' title="bbox 108 1338 1715 1443">
    <p class='ocr_par' dir='ltr' id='par_1_19' title="bbox 108 1338 1715 1443">
     <span class='ocr_line' id='line_1_28' title="bbox 108 1338 1714 1389; baseline -0.001 -11"><span class='ocrx_word' id='word_1_175' title='bbox 108 1339 268 1378; x_wconf 87' lang='lat' dir='ltr'><strong>ditione</strong></span> <span class='ocrx_word' id='word_1_176' title='bbox 295 1353 388 1378; x_wconf 91' lang='lat' dir='ltr'><strong>mea</strong></span> <span class='ocrx_word' id='word_1_177' title='bbox 413 1352 499 1378; x_wconf 90' lang='lat' dir='ltr'><strong>non</strong></span> <span class='ocrx_word' id='word_1_178' title='bbox 526 1341 588 1378; x_wconf 89' lang='lat' dir='ltr'><strong>est</strong></span> <span class='ocrx_word' id='word_1_179' title='bbox 611 1339 721 1389; x_wconf 93' lang='lat' dir='ltr'><strong>quod</strong></span> <span class='ocrx_word' id='word_1_180' title='bbox 747 1339 931 1378; x_wconf 85' lang='lat' dir='ltr'><strong>fabulam</strong></span> <span class='ocrx_word' id='word_1_181' title='bbox 957 1352 1055 1377; x_wconf 75' lang='lat' dir='ltr'><strong>mox</strong></span> <span class='ocrx_word' id='word_1_182' title='bbox 1074 1352 1098 1377; x_wconf 89' lang='lat' dir='ltr'><strong>a</strong></span> <span class='ocrx_word' id='word_1_183' title='bbox 1124 1352 1191 1377; x_wconf 89' lang='lat' dir='ltr'><strong>me</strong></span> <span class='ocrx_word' id='word_1_184' title='bbox 1212 1341 1425 1389; x_wconf 83' lang='lat' dir='ltr'><strong>expectes:</strong></span> <span class='ocrx_word' id='word_1_185' title='bbox 1456 1352 1568 1377; x_wconf 91' lang='lat' dir='ltr'><strong>nunc</strong></span> <span class='ocrx_word' id='word_1_186' title='bbox 1588 1338 1714 1376; x_wconf 86' lang='lat' dir='ltr'><strong>etiam</strong></span> 
     </span>
     <span class='ocr_line' id='line_1_29' title="bbox 108 1393 1715 1443; baseline 0.001 -12"><span class='ocrx_word' id='word_1_187' title='bbox 108 1393 152 1431; x_wconf 90' lang='lat' dir='ltr'><strong>in</strong></span> <span class='ocrx_word' id='word_1_188' title='bbox 181 1393 300 1433; x_wconf 91' lang='lat' dir='ltr'><strong>seriis</strong></span> <span class='ocrx_word' id='word_1_189' title='bbox 334 1396 567 1443; x_wconf 85' lang='lat' dir='ltr'><strong>occupatus,</strong></span> <span class='ocrx_word' id='word_1_190' title='bbox 604 1393 892 1432; x_wconf 88' lang='lat' dir='ltr'><strong>huiuscemodi</strong></span> <span class='ocrx_word' id='word_1_191' title='bbox 922 1393 1046 1443; x_wconf 86' lang='lat' dir='ltr'><strong>nugis</strong></span> <span class='ocrx_word' id='word_1_192' title='bbox 1074 1407 1159 1432; x_wconf 92' lang='lat' dir='ltr'><strong>non</strong></span> <span class='ocrx_word' id='word_1_193' title='bbox 1189 1407 1319 1441; x_wconf 83' lang='lat' dir='ltr'><strong>vacas,</strong></span> <span class='ocrx_word' id='word_1_194' title='bbox 1351 1396 1393 1431; x_wconf 89' lang='lat' dir='ltr'><strong>et</strong></span> <span class='ocrx_word' id='word_1_195' title='bbox 1426 1406 1493 1431; x_wconf 89' lang='lat' dir='ltr'><strong>me</strong></span> <span class='ocrx_word' id='word_1_196' title='bbox 1523 1393 1715 1432; x_wconf 85' lang='lat' dir='ltr'><strong>hilaritas</strong></span> 
     </span>
    </p>
   </div>
   <div class='ocr_carea' id='block_1_20' title="bbox 106 1448 497 1487">
    <p class='ocr_par' dir='ltr' id='par_1_20' title="bbox 106 1448 497 1487">
     <span class='ocr_line' id='line_1_30' title="bbox 106 1448 497 1487; baseline 0.003 -1"><span class='ocrx_word' id='word_1_197' title='bbox 106 1461 202 1486; x_wconf 86' lang='lat' dir='ltr'><strong>cum</strong></span> <span class='ocrx_word' id='word_1_198' title='bbox 232 1448 320 1487; x_wconf 92' lang='lat' dir='ltr'><strong>ocio</strong></span> <span class='ocrx_word' id='word_1_199' title='bbox 348 1448 497 1487; x_wconf 88' lang='lat' dir='ltr'><strong>deficit.</strong></span> 
     </span>
    </p>
   </div>
   <div class='ocr_carea' id='block_1_21' title="bbox 107 1559 454 1606">
    <p class='ocr_par' dir='ltr' id='par_1_21' title="bbox 107 1559 454 1606">
     <span class='ocr_line' id='line_1_31' title="bbox 107 1559 454 1606; baseline 0 -11"><span class='ocrx_word' id='word_1_200' title='bbox 107 1559 454 1606; x_wconf 85' lang='lat' dir='ltr'><strong>superuenerunt.</strong></span> 
     </span>
    </p>
   </div>
   <div class='ocr_carea' id='block_1_22' title="bbox 107 1610 1448 1661">
    <p class='ocr_par' dir='ltr' id='par_1_22' title="bbox 107 1610 1448 1661">
     <span class='ocr_line' id='line_1_32' title="bbox 107 1610 1448 1661; baseline -0.001 -11"><span class='ocrx_word' id='word_1_201' title='bbox 107 1612 253 1650; x_wconf 87' lang='lat' dir='ltr'><strong>ieiunii</strong></span> <span class='ocrx_word' id='word_1_202' title='bbox 280 1625 474 1661; x_wconf 85' lang='lat' dir='ltr'><strong>magnam</strong></span> <span class='ocrx_word' id='word_1_203' title='bbox 505 1613 664 1660; x_wconf 88' lang='lat' dir='ltr'><strong>partem</strong></span> <span class='ocrx_word' id='word_1_204' title='bbox 693 1610 944 1655; x_wconf 86' lang='lat' dir='ltr'><strong>vendicabit,</strong></span> <span class='ocrx_word' id='word_1_205' title='bbox 974 1611 1009 1649; x_wconf 90' lang='lat' dir='ltr'><strong>si</strong></span> <span class='ocrx_word' id='word_1_206' title='bbox 1037 1611 1241 1661; x_wconf 86' lang='lat' dir='ltr'><strong>auspicari</strong></span> <span class='ocrx_word' id='word_1_207' title='bbox 1271 1611 1448 1650; x_wconf 86' lang='lat' dir='ltr'><strong>vacabit.</strong></span> 
     </span>
    </p>
   </div>
   <div class='ocr_carea' id='block_1_23' title="bbox 108 1447 1775 1606">
    <p class='ocr_par' dir='ltr' id='par_1_23' title="bbox 108 1447 1775 1606">
     <span class='ocr_line' id='line_1_33' title="bbox 558 1447 1715 1495; baseline 0.001 -9"><span class='ocrx_word' id='word_1_208' title='bbox 558 1448 667 1486; x_wconf 88' lang='lat' dir='ltr'><strong>Nam</strong></span> <span class='ocrx_word' id='word_1_209' title='bbox 696 1448 763 1486; x_wconf 88' lang='lat' dir='ltr'><strong>his</strong></span> <span class='ocrx_word' id='word_1_210' title='bbox 792 1447 939 1486; x_wconf 88' lang='lat' dir='ltr'><strong>diebus</strong></span> <span class='ocrx_word' id='word_1_211' title='bbox 967 1448 1108 1486; x_wconf 83' lang='lat' dir='ltr'><strong>literas</strong></span> <span class='ocrx_word' id='word_1_212' title='bbox 1137 1448 1281 1493; x_wconf 88' lang='lat' dir='ltr'><strong>Roma,</strong></span> <span class='ocrx_word' id='word_1_213' title='bbox 1310 1447 1511 1495; x_wconf 89' lang='lat' dir='ltr'><strong>Venetiis,</strong></span> <span class='ocrx_word' id='word_1_214' title='bbox 1542 1461 1592 1486; x_wconf 86' lang='lat' dir='ltr'><strong>ex</strong></span> <span class='ocrx_word' id='word_1_215' title='bbox 1619 1448 1715 1487; x_wconf 85' lang='lat' dir='ltr'><strong>aula</strong></span> 
     </span>
     <span class='ocr_line' id='line_1_34' title="bbox 108 1502 1775 1552; baseline -0.001 -10"><span class='ocrx_word' id='word_1_216' title='bbox 108 1502 360 1552; x_wconf 88' lang='lat' dir='ltr'><strong>aliundeque</strong></span> <span class='ocrx_word' id='word_1_217' title='bbox 392 1502 519 1542; x_wconf 88' lang='lat' dir='ltr'><strong>simul</strong></span> <span class='ocrx_word' id='word_1_218' title='bbox 553 1502 713 1551; x_wconf 89' lang='lat' dir='ltr'><strong>accepi:</strong></span> <span class='ocrx_word' id='word_1_219' title='bbox 753 1502 905 1552; x_wconf 88' lang='lat' dir='ltr'><strong>quibus</strong></span> <span class='ocrx_word' id='word_1_220' title='bbox 938 1515 1034 1540; x_wconf 89' lang='lat' dir='ltr'><strong>cum</strong></span> <span class='ocrx_word' id='word_1_221' title='bbox 1068 1503 1316 1552; x_wconf 87' lang='lat' dir='ltr'><strong>respondere</strong></span> <span class='ocrx_word' id='word_1_222' title='bbox 1350 1502 1588 1551; x_wconf 87' lang='lat' dir='ltr'><strong>coepissem,</strong></span> <span class='ocrx_word' id='word_1_223' title='bbox 1620 1504 1715 1540; x_wconf 89' lang='lat' dir='ltr'><strong>tuae</strong></span> <span class='ocrx_word' id='word_1_224' title='bbox 1736 1514 1775 1548; x_wconf 86' lang='lat'><strong>70</strong></span> 
     </span>
     <span class='ocr_line' id='line_1_35' title="bbox 511 1556 1716 1606; baseline -0.001 -11"><span class='ocrx_word' id='word_1_225' title='bbox 511 1557 589 1595; x_wconf 90' lang='lat' dir='ltr'><strong>Est</strong></span> <span class='ocrx_word' id='word_1_226' title='bbox 621 1559 663 1596; x_wconf 91' lang='lat' dir='ltr'><strong>et</strong></span> <span class='ocrx_word' id='word_1_227' title='bbox 693 1556 776 1595; x_wconf 87' lang='lat' dir='ltr'><strong>alia</strong></span> <span class='ocrx_word' id='word_1_228' title='bbox 808 1557 1114 1605; x_wconf 88' lang='lat' dir='ltr'><strong>commentatio,</strong></span> <span class='ocrx_word' id='word_1_229' title='bbox 1151 1570 1254 1606; x_wconf 87' lang='lat' dir='ltr'><strong>quae</strong></span> <span class='ocrx_word' id='word_1_230' title='bbox 1287 1556 1367 1595; x_wconf 86' lang='lat' dir='ltr'><strong>sibi</strong></span> <span class='ocrx_word' id='word_1_231' title='bbox 1401 1556 1716 1606; x_wconf 86' lang='lat' dir='ltr'><strong>quadragenarii</strong></span> 
     </span>
    </p>
   </div>
   <div class='ocr_carea' id='block_1_24' title="bbox 1502 1610 1716 1649">
    <p class='ocr_par' dir='ltr' id='par_1_24' title="bbox 1502 1610 1716 1649">
     <span class='ocr_line' id='line_1_36' title="bbox 1502 1610 1716 1649; baseline 0.005 -1"><span class='ocrx_word' id='word_1_232' title='bbox 1502 1610 1599 1649; x_wconf 90' lang='lat' dir='ltr'><strong>Huc</strong></span> <span class='ocrx_word' id='word_1_233' title='bbox 1628 1612 1716 1649; x_wconf 86' lang='lat' dir='ltr'><strong>tan·</strong></span> 
     </span>
    </p>
   </div>
   <div class='ocr_carea' id='block_1_25' title="bbox 107 1665 1717 1824">
    <p class='ocr_par' dir='ltr' id='par_1_25' title="bbox 107 1665 1717 1824">
     <span class='ocr_line' id='line_1_37' title="bbox 108 1665 1717 1716; baseline 0 -12"><span class='ocrx_word' id='word_1_234' title='bbox 108 1679 233 1716; x_wconf 89' lang='lat' dir='ltr'><strong>quam</strong></span> <span class='ocrx_word' id='word_1_235' title='bbox 254 1667 300 1704; x_wconf 91' lang='lat' dir='ltr'><strong>in</strong></span> <span class='ocrx_word' id='word_1_236' title='bbox 318 1666 550 1704; x_wconf 85' lang='lat' dir='ltr'><strong>securitatis</strong></span> <span class='ocrx_word' id='word_1_237' title='bbox 570 1665 829 1704; x_wconf 90' lang='lat' dir='ltr'><strong>domicilium</strong></span> <span class='ocrx_word' id='word_1_238' title='bbox 856 1679 923 1704; x_wconf 93' lang='lat' dir='ltr'><strong>me</strong></span> <span class='ocrx_word' id='word_1_239' title='bbox 943 1666 1266 1715; x_wconf 63' lang='lat' dir='ltr'><strong>transtuleram,</strong></span> <span class='ocrx_word' id='word_1_240' title='bbox 1297 1666 1367 1704; x_wconf 89' lang='lat' dir='ltr'><strong>sed</strong></span> <span class='ocrx_word' id='word_1_241' title='bbox 1396 1678 1516 1703; x_wconf 87' lang='lat' dir='ltr'><strong>curae</strong></span> <span class='ocrx_word' id='word_1_242' title='bbox 1535 1667 1576 1703; x_wconf 89' lang='lat' dir='ltr'><strong>et</strong></span> <span class='ocrx_word' id='word_1_243' title='bbox 1597 1678 1717 1715; x_wconf 85' lang='lat' dir='ltr'><strong>nego·</strong></span> 
     </span>
     <span class='ocr_line' id='line_1_38' title="bbox 107 1719 1711 1771; baseline 0 -12"><span class='ocrx_word' id='word_1_244' title='bbox 107 1720 171 1759; x_wconf 88' lang='lat' dir='ltr'><strong>cia</strong></span> <span class='ocrx_word' id='word_1_245' title='bbox 198 1721 348 1759; x_wconf 86' lang='lat' dir='ltr'><strong>vmbra</strong></span> <span class='ocrx_word' id='word_1_246' title='bbox 376 1720 613 1771; x_wconf 78' lang='lat' dir='ltr'><strong>sequacior-a</strong></span> <span class='ocrx_word' id='word_1_247' title='bbox 642 1733 709 1759; x_wconf 89' lang='lat' dir='ltr'><strong>me</strong></span> <span class='ocrx_word' id='word_1_248' title='bbox 737 1720 992 1759; x_wconf 88' lang='lat' dir='ltr'><strong>comitantur</strong></span> <span class='ocrx_word' id='word_1_249' title='bbox 1020 1733 1184 1770; x_wconf 91' lang='lat' dir='ltr'><strong>quoquo</strong></span> <span class='ocrx_word' id='word_1_250' title='bbox 1212 1720 1402 1771; x_wconf 83' lang='lat' dir='ltr'><strong>gentium</strong></span> <span class='ocrx_word' id='word_1_251' title='bbox 1431 1719 1711 1769; x_wconf 87' lang='lat' dir='ltr'><strong>locorumque.</strong></span> 
     </span>
     <span class='ocr_line' id='line_1_39' title="bbox 107 1774 1714 1824; baseline -0.001 -11"><span class='ocrx_word' id='word_1_252' title='bbox 107 1774 225 1814; x_wconf 89' lang='lat' dir='ltr'><strong>Haec</strong></span> <span class='ocrx_word' id='word_1_253' title='bbox 245 1775 295 1814; x_wconf 86' lang='lat' dir='ltr'><strong>ad</strong></span> <span class='ocrx_word' id='word_1_254' title='bbox 316 1777 358 1813; x_wconf 93' lang='lat' dir='ltr'><strong>te</strong></span> <span class='ocrx_word' id='word_1_255' title='bbox 377 1777 543 1813; x_wconf 84' lang='lat' dir='ltr'><strong>tantum</strong></span> <span class='ocrx_word' id='word_1_256' title='bbox 571 1774 748 1813; x_wconf 88' lang='lat' dir='ltr'><strong>scribere</strong></span> <span class='ocrx_word' id='word_1_257' title='bbox 774 1774 894 1813; x_wconf 91' lang='lat' dir='ltr'><strong>licuit</strong></span> <span class='ocrx_word' id='word_1_258' title='bbox 916 1777 1013 1813; x_wconf 89' lang='lat' dir='ltr'><strong>ante</strong></span> <span class='ocrx_word' id='word_1_259' title='bbox 1035 1788 1198 1813; x_wconf 87' lang='lat' dir='ltr'><strong>sacrum</strong></span> <span class='ocrx_word' id='word_1_260' title='bbox 1225 1774 1494 1822; x_wconf 87' lang='lat' dir='ltr'><strong>matutinum,</strong></span> <span class='ocrx_word' id='word_1_261' title='bbox 1517 1775 1714 1824; x_wconf 88' lang='lat' dir='ltr'><strong>quoniam</strong></span> 
     </span>
    </p>
   </div>
   <div class='ocr_carea' id='block_1_26' title="bbox 108 1829 629 1868">
    <p class='ocr_par' dir='ltr' id='par_1_26' title="bbox 108 1829 629 1868">
     <span class='ocr_line' id='line_1_40' title="bbox 108 1829 629 1868; baseline -0.002 0"><span class='ocrx_word' id='word_1_262' title='bbox 108 1830 197 1868; x_wconf 86' lang='lat' dir='ltr'><strong>dies</strong></span> <span class='ocrx_word' id='word_1_263' title='bbox 215 1830 346 1868; x_wconf 87' lang='lat' dir='ltr'><strong>festus</strong></span> <span class='ocrx_word' id='word_1_264' title='bbox 365 1831 463 1868; x_wconf 86' lang='lat' dir='ltr'><strong>erat.</strong></span> <span class='ocrx_word' id='word_1_265' title='bbox 514 1829 629 1868; x_wconf 89' lang='lat' dir='ltr'><strong>Vale.</strong></span> 
     </span>
    </p>
   </div>
   <div class='ocr_carea' id='block_1_27' title="bbox 680 1828 1712 1878">
    <p class='ocr_par' dir='ltr' id='par_1_27' title="bbox 680 1828 1712 1878">
     <span class='ocr_line' id='line_1_41' title="bbox 680 1828 1712 1878; baseline 0 -11"><span class='ocrx_word' id='word_1_266' title='bbox 680 1830 744 1868; x_wconf 88' lang='lat' dir='ltr'><strong>Ex</strong></span> <span class='ocrx_word' id='word_1_267' title='bbox 764 1829 966 1868; x_wconf 87' lang='lat' dir='ltr'><strong>Marliano</strong></span> <span class='ocrx_word' id='word_1_268' title='bbox 987 1831 1140 1878; x_wconf 87' lang='lat' dir='ltr'><strong>nostro,</strong></span> <span class='ocrx_word' id='word_1_269' title='bbox 1166 1829 1320 1877; x_wconf 79' lang='lat' dir='ltr'><strong>Quinto</strong></span> <span class='ocrx_word' id='word_1_270' title='bbox 1342 1828 1506 1867; x_wconf 84' lang='lat' dir='ltr'><strong>Calend.</strong></span> <span class='ocrx_word' id='word_1_271' title='bbox 1531 1829 1712 1867; x_wconf 88' lang='lat' dir='ltr'><strong>Martias.</strong></span> 
     </span>
    </p>
   </div>
   <div class='ocr_carea' id='block_1_28' title="bbox 110 1883 1716 1988">
    <p class='ocr_par' dir='ltr' id='par_1_28' title="bbox 110 1883 1716 1988">
     <span class='ocr_line' id='line_1_42' title="bbox 161 1883 1715 1931; baseline -0.001 -9"><span class='ocrx_word' id='word_1_272' title='bbox 161 1884 314 1923; x_wconf 91' lang='lat' dir='ltr'><strong>Viuem</strong></span> <span class='ocrx_word' id='word_1_273' title='bbox 329 1886 451 1922; x_wconf 88' lang='lat' dir='ltr'><strong>tuum</strong></span> <span class='ocrx_word' id='word_1_274' title='bbox 467 1883 607 1922; x_wconf 90' lang='lat' dir='ltr'><strong>verbis</strong></span> <span class='ocrx_word' id='word_1_275' title='bbox 622 1885 726 1922; x_wconf 88' lang='lat' dir='ltr'><strong>meis</strong></span> <span class='ocrx_word' id='word_1_276' title='bbox 741 1883 955 1931; x_wconf 85' lang='lat' dir='ltr'><strong>salutabis,</strong></span> <span class='ocrx_word' id='word_1_277' title='bbox 971 1883 1037 1921; x_wconf 92' lang='lat' dir='ltr'><strong>cui</strong></span> <span class='ocrx_word' id='word_1_278' title='bbox 1052 1896 1137 1922; x_wconf 89' lang='lat' dir='ltr'><strong>non</strong></span> <span class='ocrx_word' id='word_1_279' title='bbox 1152 1883 1233 1922; x_wconf 87' lang='lat' dir='ltr'><strong>fuit</strong></span> <span class='ocrx_word' id='word_1_280' title='bbox 1253 1884 1390 1922; x_wconf 87' lang='lat' dir='ltr'><strong>ocium</strong></span> <span class='ocrx_word' id='word_1_281' title='bbox 1405 1885 1452 1922; x_wconf 89' lang='lat' dir='ltr'><strong>vt</strong></span> <span class='ocrx_word' id='word_1_282' title='bbox 1468 1883 1688 1921; x_wconf 89' lang='lat' dir='ltr'><strong>scriberem</strong></span> <span class='ocrx_word' id='word_1_283' title='bbox 1706 1898 1715 1930; x_wconf 90' lang='grc'>;</span> 
     </span>
     <span class='ocr_line' id='line_1_43' title="bbox 110 1937 1716 1988; baseline -0.001 -11"><span class='ocrx_word' id='word_1_284' title='bbox 110 1940 151 1977; x_wconf 86' lang='lat' dir='ltr'><strong>et</strong></span> <span class='ocrx_word' id='word_1_285' title='bbox 171 1938 325 1988; x_wconf 87' lang='lat' dir='ltr'><strong>alioqui</strong></span> <span class='ocrx_word' id='word_1_286' title='bbox 345 1938 451 1977; x_wconf 91' lang='lat' dir='ltr'><strong>nihil</strong></span> <span class='ocrx_word' id='word_1_287' title='bbox 470 1940 559 1977; x_wconf 89' lang='lat' dir='ltr'><strong>erat</strong></span> <span class='ocrx_word' id='word_1_288' title='bbox 579 1937 687 1988; x_wconf 92' lang='lat' dir='ltr'><strong>quod</strong></span> <span class='ocrx_word' id='word_1_289' title='bbox 709 1938 943 1985; x_wconf 86' lang='lat' dir='ltr'><strong>scriberem,</strong></span> <span class='ocrx_word' id='word_1_290' title='bbox 968 1938 1049 1976; x_wconf 89' lang='lat' dir='ltr'><strong>nisi</strong></span> <span class='ocrx_word' id='word_1_291' title='bbox 1075 1939 1110 1976; x_wconf 91' lang='lat' dir='ltr'><strong>si</strong></span> <span class='ocrx_word' id='word_1_292' title='bbox 1136 1940 1324 1976; x_wconf 88' lang='lat' dir='ltr'><strong>mactum</strong></span> <span class='ocrx_word' id='word_1_293' title='bbox 1349 1950 1436 1976; x_wconf 85' lang='lat' dir='ltr'><strong>esse</strong></span> <span class='ocrx_word' id='word_1_294' title='bbox 1456 1937 1641 1976; x_wconf 90' lang='lat' dir='ltr'><strong>iuberem</strong></span> <span class='ocrx_word' id='word_1_295' title='bbox 1669 1950 1716 1976; x_wconf 89' lang='lat' dir='ltr'><strong>ea</strong></span> 
     </span>
    </p>
   </div>
   <div class='ocr_carea' id='block_1_29' title="bbox 108 1991 1341 2097">
    <p class='ocr_par' dir='ltr' id='par_1_29' title="bbox 108 1991 1341 2097">
     <span class='ocr_line' id='line_1_44' title="bbox 108 1991 1341 2043; baseline -0.001 -12"><span class='ocrx_word' id='word_1_296' title='bbox 108 1992 268 2042; x_wconf 89' lang='lat' dir='ltr'><strong>ingenii</strong></span> <span class='ocrx_word' id='word_1_297' title='bbox 306 1993 615 2042; x_wconf 87' lang='lat' dir='ltr'><strong>industriaeque</strong></span> <span class='ocrx_word' id='word_1_298' title='bbox 646 1991 834 2030; x_wconf 87' lang='lat' dir='ltr'><strong>claritate</strong></span> <span class='ocrx_word' id='word_1_299' title='bbox 863 2005 988 2043; x_wconf 89' lang='lat' dir='ltr'><strong>quam</strong></span> <span class='ocrx_word' id='word_1_300' title='bbox 1025 1995 1071 2030; x_wconf 89' lang='lat' dir='ltr'><strong>tu</strong></span> <span class='ocrx_word' id='word_1_301' title='bbox 1110 1993 1341 2031; x_wconf 86' lang='lat' dir='ltr'><strong>testificare.</strong></span> 
     </span>
     <span class='ocr_line' id='line_1_45' title="bbox 110 2046 1072 2097; baseline 0 -11"><span class='ocrx_word' id='word_1_302' title='bbox 110 2046 279 2086; x_wconf 86' lang='lat' dir='ltr'><strong>Calend.</strong></span> <span class='ocrx_word' id='word_1_303' title='bbox 307 2047 562 2096; x_wconf 88' lang='lat' dir='ltr'><strong>Februarias,</strong></span> <span class='ocrx_word' id='word_1_304' title='bbox 584 2049 655 2086; x_wconf 87' lang='lat' dir='ltr'><strong>aut</strong></span> <span class='ocrx_word' id='word_1_305' title='bbox 681 2046 879 2097; x_wconf 88' lang='lat' dir='ltr'><strong>postridie</strong></span> <span class='ocrx_word' id='word_1_306' title='bbox 907 2047 1072 2086; x_wconf 89' lang='lat' dir='ltr'><strong>Calend.</strong></span> 
     </span>
    </p>
   </div>
   <div class='ocr_carea' id='block_1_30' title="bbox 1404 1991 1714 2042">
    <p class='ocr_par' dir='ltr' id='par_1_30' title="bbox 1404 1991 1714 2042">
     <span class='ocr_line' id='line_1_46' title="bbox 1404 1991 1714 2042; baseline -0.003 -11"><span class='ocrx_word' id='word_1_307' title='bbox 1404 1991 1558 2042; x_wconf 84' lang='lat' dir='ltr'><strong>Scripsi</strong></span> <span class='ocrx_word' id='word_1_308' title='bbox 1592 1992 1630 2029; x_wconf 91' lang='lat' dir='ltr'><strong>ei</strong></span> <span class='ocrx_word' id='word_1_309' title='bbox 1663 1991 1714 2030; x_wconf 91' lang='lat' dir='ltr'><strong>ad</strong></span> 
     </span>
    </p>
   </div>
   <div class='ocr_carea' id='block_1_31' title="bbox 108 2101 1649 2154">
    <p class='ocr_par' dir='ltr' id='par_1_31' title="bbox 108 2101 1649 2154">
     <span class='ocr_line' id='line_1_47' title="bbox 108 2101 1649 2154; baseline -0.001 -16"><span class='ocrx_word' id='word_1_310' title='bbox 108 2102 282 2152; x_wconf 80' lang='grc' dir='ltr'>ἁρμοστᾶ</span> <span class='ocrx_word' id='word_1_311' title='bbox 300 2105 372 2140; x_wconf 82' lang='grc' dir='ltr'><strong>τῶν</strong></span> <span class='ocrx_word' id='word_1_312' title='bbox 392 2104 514 2140; x_wconf 80' lang='grc' dir='ltr'>καλῶν</span> <span class='ocrx_word' id='word_1_313' title='bbox 533 2102 850 2154; x_wconf 79' lang='grc' dir='ltr'>συγγραμμάτων,</span> <span class='ocrx_word' id='word_1_314' title='bbox 875 2102 936 2139; x_wconf 76' lang='grc' dir='ltr'><strong>καὶ</strong></span> <span class='ocrx_word' id='word_1_315' title='bbox 955 2101 1115 2140; x_wconf 81' lang='grc' dir='ltr'>διατέλει</span> <span class='ocrx_word' id='word_1_316' title='bbox 1133 2104 1244 2140; x_wconf 76' lang='grc' dir='ltr'>τοῦτο</span> <span class='ocrx_word' id='word_1_317' title='bbox 1263 2104 1377 2139; x_wconf 83' lang='grc' dir='ltr'>ποιῶν</span> <span class='ocrx_word' id='word_1_318' title='bbox 1398 2101 1458 2139; x_wconf 77' lang='grc' dir='ltr'><strong>καὶ</strong></span> <span class='ocrx_word' id='word_1_319' title='bbox 1478 2103 1649 2152; x_wconf 76' lang='grc' dir='ltr'>εὐτυχῶν.</span> 
     </span>
    </p>
   </div>
   <div class='ocr_carea' id='block_1_32' title="bbox 108 2179 209 2185">
    <p class='ocr_par' dir='ltr' id='par_1_32' title="bbox 108 2179 209 2185">
     <span class='ocr_line' id='line_1_48' title="bbox 108 2179 209 2185; baseline 0 0"><span class='ocrx_word' id='word_1_320' title='bbox 108 2179 209 2185; x_wconf 95' lang='lat' dir='ltr'><strong> </strong></span> 
     </span>
    </p>
   </div>
   <div class='ocr_carea' id='block_1_33' title="bbox 325 2180 453 2184">
    <p class='ocr_par' dir='ltr' id='par_1_33' title="bbox 325 2180 453 2184">
     <span class='ocr_line' id='line_1_49' title="bbox 325 2180 453 2184; baseline 0 0"><span class='ocrx_word' id='word_1_321' title='bbox 325 2180 453 2184; x_wconf 95' lang='lat' dir='ltr'><strong> </strong></span> 
     </span>
    </p>
   </div>
   <div class='ocr_carea' id='block_1_34' title="bbox 108 2211 886 2731">
    <p class='ocr_par' dir='ltr' id='par_1_34' title="bbox 151 2211 787 2252">
     <span class='ocr_line' id='line_1_50' title="bbox 151 2211 787 2252; baseline -0.005 -9"><span class='ocrx_word' id='word_1_322' title='bbox 151 2222 205 2251; x_wconf 87' lang='lat'><strong>52.</strong></span> <span class='ocrx_word' id='word_1_323' title='bbox 232 2211 372 2252; x_wconf 76' lang='lat' dir='ltr'><strong>scribis]</strong></span> <span class='ocrx_word' id='word_1_324' title='bbox 398 2211 460 2251; x_wconf 92' lang='lat' dir='ltr'><strong>Ep.</strong></span> <span class='ocrx_word' id='word_1_325' title='bbox 486 2211 578 2242; x_wconf 84' lang='lat'><strong>1066.</strong></span> <span class='ocrx_word' id='word_1_326' title='bbox 597 2211 651 2249; x_wconf 84' lang='lat'><strong>63,</strong></span> <span class='ocrx_word' id='word_1_327' title='bbox 668 2211 787 2250; x_wconf 87' lang='lat'><strong>88-90.</strong></span> 
     </span>
    </p>

    <p class='ocr_par' dir='ltr' id='par_1_35' title="bbox 153 2254 815 2295">
     <span class='ocr_line' id='line_1_51' title="bbox 153 2254 815 2295; baseline -0.002 -9"><span class='ocrx_word' id='word_1_328' title='bbox 153 2265 206 2295; x_wconf 85' lang='lat'><strong>55.</strong></span> <span class='ocrx_word' id='word_1_329' title='bbox 230 2254 423 2295; x_wconf 86' lang='lat' dir='ltr'><strong>antistitis]</strong></span> <span class='ocrx_word' id='word_1_330' title='bbox 447 2254 590 2285; x_wconf 86' lang='lat' dir='ltr'><strong>Jerome</strong></span> <span class='ocrx_word' id='word_1_331' title='bbox 607 2254 815 2286; x_wconf 81' lang='lat' dir='ltr'><strong>Busleiden.</strong></span> 
     </span>
    </p>

    <p class='ocr_par' dir='ltr' id='par_1_36' title="bbox 109 2297 886 2427">
     <span class='ocr_line' id='line_1_52' title="bbox 153 2297 886 2340; baseline -0.003 -10"><span class='ocrx_word' id='word_1_332' title='bbox 153 2301 204 2339; x_wconf 86' lang='lat'><strong>58.</strong></span> <span class='ocrx_word' id='word_1_333' title='bbox 233 2298 356 2340; x_wconf 81' lang='lat' dir='ltr'><strong>istinc]</strong></span> <span class='ocrx_word' id='word_1_334' title='bbox 381 2298 448 2329; x_wconf 89' lang='lat' dir='ltr'><strong>For</strong></span> <span class='ocrx_word' id='word_1_335' title='bbox 464 2298 645 2329; x_wconf 86' lang='lat' dir='ltr'><strong>Erasmus’</strong></span> <span class='ocrx_word' id='word_1_336' title='bbox 658 2298 831 2337; x_wconf 82' lang='lat' dir='ltr'><strong>thoughts</strong></span> <span class='ocrx_word' id='word_1_337' title='bbox 848 2297 886 2327; x_wconf 87' lang='lat' dir='ltr'><strong>of</strong></span> 
     </span>
     <span class='ocr_line' id='line_1_53' title="bbox 109 2342 881 2383; baseline -0.003 -9"><span class='ocrx_word' id='word_1_338' title='bbox 109 2343 253 2383; x_wconf 87' lang='lat' dir='ltr'><strong>leaving</strong></span> <span class='ocrx_word' id='word_1_339' title='bbox 280 2343 443 2373; x_wconf 85' lang='lat' dir='ltr'><strong>Louvain</strong></span> <span class='ocrx_word' id='word_1_340' title='bbox 471 2352 527 2372; x_wconf 83' lang='lat' dir='ltr'><strong>see</strong></span> <span class='ocrx_word' id='word_1_341' title='bbox 556 2342 645 2382; x_wconf 87' lang='lat' dir='ltr'><strong>Epp.</strong></span> <span class='ocrx_word' id='word_1_342' title='bbox 679 2342 773 2380; x_wconf 88' lang='lat'>1078.</span> <span class='ocrx_word' id='word_1_343' title='bbox 800 2343 881 2380; x_wconf 88' lang='lat' dir='ltr'><strong>63n,</strong></span> 
     </span>
     <span class='ocr_line' id='line_1_54' title="bbox 110 2388 279 2427; baseline 0 -9"><span class='ocrx_word' id='word_1_344' title='bbox 110 2398 202 2427; x_wconf 90' lang='lat'>1079.</span> <span class='ocrx_word' id='word_1_345' title='bbox 220 2388 279 2418; x_wconf 90' lang='lat' dir='ltr'><strong>8n.</strong></span> 
     </span>
    </p>

    <p class='ocr_par' dir='ltr' id='par_1_37' title="bbox 108 2428 882 2731">
     <span class='ocr_line' id='line_1_55' title="bbox 153 2428 882 2471; baseline -0.004 -9"><span class='ocrx_word' id='word_1_346' title='bbox 153 2433 206 2471; x_wconf 87' lang='lat'><strong>69.</strong></span> <span class='ocrx_word' id='word_1_347' title='bbox 233 2429 372 2471; x_wconf 84' lang='lat' dir='ltr'><strong>literas]</strong></span> <span class='ocrx_word' id='word_1_348' title='bbox 397 2430 452 2461; x_wconf 89' lang='lat' dir='ltr'><strong>On</strong></span> <span class='ocrx_word' id='word_1_349' title='bbox 469 2439 508 2460; x_wconf 89' lang='lat'><strong>21</strong></span> <span class='ocrx_word' id='word_1_350' title='bbox 528 2429 610 2460; x_wconf 87' lang='lat' dir='ltr'><strong>Feb.</strong></span> <span class='ocrx_word' id='word_1_351' title='bbox 628 2429 794 2460; x_wconf 82' lang='lat' dir='ltr'><strong>Budaeus</strong></span> <span class='ocrx_word' id='word_1_352' title='bbox 811 2428 882 2459; x_wconf 89' lang='lat' dir='ltr'><strong>had</strong></span> 
     </span>
     <span class='ocr_line' id='line_1_56' title="bbox 109 2473 882 2513; baseline -0.004 -7"><span class='ocrx_word' id='word_1_353' title='bbox 109 2475 270 2506; x_wconf 89' lang='lat' dir='ltr'><strong>received</strong></span> <span class='ocrx_word' id='word_1_354' title='bbox 305 2484 325 2505; x_wconf 89' lang='lat' dir='ltr'><strong>a</strong></span> <span class='ocrx_word' id='word_1_355' title='bbox 360 2474 486 2513; x_wconf 78' lang='lat' dir='ltr'><strong>pac-ket</strong></span> <span class='ocrx_word' id='word_1_356' title='bbox 517 2473 728 2513; x_wconf 86' lang='lat' dir='ltr'><strong>containing</strong></span> <span class='ocrx_word' id='word_1_357' title='bbox 758 2473 882 2503; x_wconf 76' lang='lat' dir='ltr'><strong>letters</strong></span> 
     </span>
     <span class='ocr_line' id='line_1_57' title="bbox 108 2516 882 2555; baseline -0.005 -5"><span class='ocrx_word' id='word_1_358' title='bbox 108 2519 199 2550; x_wconf 87' lang='lat' dir='ltr'><strong>from</strong></span> <span class='ocrx_word' id='word_1_359' title='bbox 227 2517 391 2549; x_wconf 83' lang='lat' dir='ltr'><strong>Sadoleto</strong></span> <span class='ocrx_word' id='word_1_360' title='bbox 416 2520 453 2547; x_wconf 85' lang='lat' dir='ltr'><strong>at</strong></span> <span class='ocrx_word' id='word_1_361' title='bbox 481 2517 604 2555; x_wconf 76' lang='lat' dir='ltr'><strong>Rome,</strong></span> <span class='ocrx_word' id='word_1_362' title='bbox 630 2517 723 2547; x_wconf 87' lang='lat' dir='ltr'><strong>from</strong></span> <span class='ocrx_word' id='word_1_363' title='bbox 748 2516 882 2548; x_wconf 81' lang='lat' dir='ltr'><strong>Bembo</strong></span> 
     </span>
     <span class='ocr_line' id='line_1_58' title="bbox 109 2559 882 2601; baseline -0.004 -8"><span class='ocrx_word' id='word_1_364' title='bbox 109 2563 181 2593; x_wconf 88' lang='lat' dir='ltr'><strong>and</strong></span> <span class='ocrx_word' id='word_1_365' title='bbox 220 2561 412 2601; x_wconf 86' lang='lat' dir='ltr'><strong>Longolius</strong></span> <span class='ocrx_word' id='word_1_366' title='bbox 442 2562 479 2591; x_wconf 83' lang='lat' dir='ltr'><strong>at</strong></span> <span class='ocrx_word' id='word_1_367' title='bbox 510 2560 653 2599; x_wconf 88' lang='lat' dir='ltr'><strong>Venice,</strong></span> <span class='ocrx_word' id='word_1_368' title='bbox 689 2559 760 2591; x_wconf 86' lang='lat' dir='ltr'><strong>and</strong></span> <span class='ocrx_word' id='word_1_369' title='bbox 791 2560 882 2590; x_wconf 84' lang='lat' dir='ltr'><strong>from</strong></span> 
     </span>
     <span class='ocr_line' id='line_1_59' title="bbox 110 2604 882 2646; baseline -0.003 -10"><span class='ocrx_word' id='word_1_370' title='bbox 110 2606 275 2637; x_wconf 86' lang='lat' dir='ltr'><strong>Eicholtz</strong></span> <span class='ocrx_word' id='word_1_371' title='bbox 302 2606 382 2646; x_wconf 83' lang='lat' dir='ltr'><strong>(Ep.</strong></span> <span class='ocrx_word' id='word_1_372' title='bbox 403 2605 483 2644; x_wconf 89' lang='lat'>866)</span> <span class='ocrx_word' id='word_1_373' title='bbox 508 2606 545 2635; x_wconf 88' lang='lat' dir='ltr'><strong>at</strong></span> <span class='ocrx_word' id='word_1_374' title='bbox 563 2605 736 2643; x_wconf 88' lang='lat' dir='ltr'><strong>Cologne;</strong></span> <span class='ocrx_word' id='word_1_375' title='bbox 761 2604 882 2634; x_wconf 86' lang='lat' dir='ltr'><strong>which</strong></span> 
     </span>
     <span class='ocr_line' id='line_1_60' title="bbox 109 2647 881 2687; baseline -0.003 -7"><span class='ocrx_word' id='word_1_376' title='bbox 109 2650 155 2680; x_wconf 78' lang='lat' dir='ltr'><strong>he</strong></span> <span class='ocrx_word' id='word_1_377' title='bbox 172 2649 357 2680; x_wconf 84' lang='lat' dir='ltr'><strong>answered</strong></span> <span class='ocrx_word' id='word_1_378' title='bbox 369 2658 477 2687; x_wconf 88' lang='lat'><strong>22-24</strong></span> <span class='ocrx_word' id='word_1_379' title='bbox 490 2647 570 2678; x_wconf 87' lang='lat' dir='ltr'><strong>Feb.</strong></span> <span class='ocrx_word' id='word_1_380' title='bbox 584 2648 674 2679; x_wconf 87' lang='lat' dir='ltr'><strong>with</strong></span> <span class='ocrx_word' id='word_1_381' title='bbox 689 2647 774 2678; x_wconf 84' lang='lat' dir='ltr'><strong>BE.⁴</strong></span> <span class='ocrx_word' id='word_1_382' title='bbox 784 2649 881 2687; x_wconf 87' lang='lat'><strong>55-8.</strong></span> 
     </span>
     <span class='ocr_line' id='line_1_61' title="bbox 108 2691 584 2731; baseline -0.004 -7"><span class='ocrx_word' id='word_1_383' title='bbox 108 2693 174 2724; x_wconf 64' lang='lat' dir='ltr'><strong>See</strong></span> <span class='ocrx_word' id='word_1_384' title='bbox 192 2693 266 2723; x_wconf 76' lang='lat' dir='ltr'><strong>also</strong></span> <span class='ocrx_word' id='word_1_385' title='bbox 284 2691 371 2723; x_wconf 70' lang='grc' dir='ltr'><strong>ΒΕ.4</strong></span> <span class='ocrx_word' id='word_1_386' title='bbox 388 2701 440 2731; x_wconf 83' lang='grc'><strong>54,</strong></span> <span class='ocrx_word' id='word_1_387' title='bbox 462 2702 513 2731; x_wconf 87' lang='lat'><strong>59,</strong></span> <span class='ocrx_word' id='word_1_388' title='bbox 532 2693 584 2722; x_wconf 87' lang='lat'><strong>60.</strong></span> 
     </span>
    </p>
   </div>
   <div class='ocr_carea' id='block_1_35' title="bbox 158 2735 881 2776">
    <p class='ocr_par' dir='ltr' id='par_1_38' title="bbox 158 2735 881 2776">
     <span class='ocr_line' id='line_1_62' title="bbox 158 2735 881 2776; baseline 0 -11"><span class='ocrx_word' id='word_1_389' title='bbox 158 2746 206 2775; x_wconf 88' lang='lat'><strong>71.</strong></span> <span class='ocrx_word' id='word_1_390' title='bbox 233 2735 507 2776; x_wconf 79' lang='lat' dir='ltr'><strong>commentatio]</strong></span> <span class='ocrx_word' id='word_1_391' title='bbox 569 2735 616 2766; x_wconf 89' lang='lat' dir='ltr'><strong>M.</strong></span> <span class='ocrx_word' id='word_1_392' title='bbox 679 2735 881 2766; x_wconf 75' lang='lat' dir='ltr'><strong>Delaruclle</strong></span> 
     </span>
    </p>
   </div>
   <div class='ocr_carea' id='block_1_36' title="bbox 942 2210 1718 2775">
    <p class='ocr_par' dir='ltr' id='par_1_39' title="bbox 942 2210 1718 2645">
     <span class='ocr_line' id='line_1_63' title="bbox 942 2210 1717 2249; baseline 0 -8"><span class='ocrx_word' id='word_1_393' title='bbox 942 2211 1126 2241; x_wconf 83' lang='lat' dir='ltr'><strong>identifies</strong></span> <span class='ocrx_word' id='word_1_394' title='bbox 1160 2210 1234 2241; x_wconf 87' lang='lat' dir='ltr'><strong>this</strong></span> <span class='ocrx_word' id='word_1_395' title='bbox 1260 2211 1508 2249; x_wconf 78' lang='lat' dir='ltr'><strong>composition,</strong></span> <span class='ocrx_word' id='word_1_396' title='bbox 1542 2210 1662 2240; x_wconf 82' lang='lat' dir='ltr'><strong>which</strong></span> <span class='ocrx_word' id='word_1_397' title='bbox 1687 2210 1717 2241; x_wconf 77' lang='lat' dir='ltr'><strong>is</strong></span> 
     </span>
     <span class='ocr_line' id='line_1_64' title="bbox 943 2253 1713 2293; baseline -0.001 -8"><span class='ocrx_word' id='word_1_398' title='bbox 943 2254 1088 2285; x_wconf 87' lang='lat' dir='ltr'><strong>alluded</strong></span> <span class='ocrx_word' id='word_1_399' title='bbox 1102 2256 1136 2285; x_wconf 85' lang='lat' dir='ltr'><strong>to</strong></span> <span class='ocrx_word' id='word_1_400' title='bbox 1152 2254 1226 2285; x_wconf 86' lang='lat' dir='ltr'><strong>also</strong></span> <span class='ocrx_word' id='word_1_401' title='bbox 1244 2255 1282 2284; x_wconf 90' lang='lat' dir='ltr'><strong>in</strong></span> <span class='ocrx_word' id='word_1_402' title='bbox 1300 2253 1384 2284; x_wconf 65' lang='lat' dir='ltr'><strong>BE.4</strong></span> <span class='ocrx_word' id='word_1_403' title='bbox 1395 2263 1451 2292; x_wconf 86' lang='lat'><strong>43,</strong></span> <span class='ocrx_word' id='word_1_404' title='bbox 1462 2254 1517 2292; x_wconf 92' lang='lat'><strong>48,</strong></span> <span class='ocrx_word' id='word_1_405' title='bbox 1528 2263 1582 2293; x_wconf 80' lang='lat'><strong>50,</strong></span> <span class='ocrx_word' id='word_1_406' title='bbox 1595 2255 1648 2286; x_wconf 86' lang='lat'><strong>60.</strong></span> <span class='ocrx_word' id='word_1_407' title='bbox 1660 2255 1713 2293; x_wconf 86' lang='lat'><strong>61,</strong></span> 
     </span>
     <span class='ocr_line' id='line_1_65' title="bbox 943 2296 1717 2337; baseline -0.001 -9"><span class='ocrx_word' id='word_1_408' title='bbox 943 2300 997 2337; x_wconf 86' lang='lat'><strong>62,</strong></span> <span class='ocrx_word' id='word_1_409' title='bbox 1014 2299 1067 2336; x_wconf 85' lang='lat'><strong>82,</strong></span> <span class='ocrx_word' id='word_1_410' title='bbox 1083 2299 1134 2336; x_wconf 77' lang='lat'><strong>83,</strong></span> <span class='ocrx_word' id='word_1_411' title='bbox 1158 2298 1249 2329; x_wconf 82' lang='lat' dir='ltr'><strong>with</strong></span> <span class='ocrx_word' id='word_1_412' title='bbox 1276 2296 1455 2328; x_wconf 83' lang='lat' dir='ltr'><strong>Budaeus&#39;</strong></span> <span class='ocrx_word' id='word_1_413' title='bbox 1479 2300 1523 2327; x_wconf 80' lang='lat' dir='ltr'><strong>De</strong></span> <span class='ocrx_word' id='word_1_414' title='bbox 1548 2302 1717 2334; x_wconf 68' lang='lat' dir='ltr'><strong>contemptu</strong></span> 
     </span>
     <span class='ocr_line' id='line_1_66' title="bbox 942 2341 1715 2381; baseline 0.001 -10"><span class='ocrx_word' id='word_1_415' title='bbox 942 2353 1046 2372; x_wconf 69' lang='lat' dir='ltr'><strong>rerum</strong></span> <span class='ocrx_word' id='word_1_416' title='bbox 1064 2344 1283 2381; x_wconf 60' lang='lat' dir='ltr'><strong>J111·tz‹c‘la7·um,</strong></span> <span class='ocrx_word' id='word_1_417' title='bbox 1312 2341 1432 2372; x_wconf 88' lang='lat' dir='ltr'><strong>which</strong></span> <span class='ocrx_word' id='word_1_418' title='bbox 1458 2351 1531 2372; x_wconf 84' lang='lat' dir='ltr'><strong>was</strong></span> <span class='ocrx_word' id='word_1_419' title='bbox 1569 2342 1715 2380; x_wconf 84' lang='lat' dir='ltr'><strong>printed</strong></span> 
     </span>
     <span class='ocr_line' id='line_1_67' title="bbox 944 2385 1715 2425; baseline 0 -10"><span class='ocrx_word' id='word_1_420' title='bbox 944 2387 989 2425; x_wconf 82' lang='lat' dir='ltr'><strong>by</strong></span> <span class='ocrx_word' id='word_1_421' title='bbox 1017 2385 1165 2424; x_wconf 80' lang='lat' dir='ltr'><strong>Badius,</strong></span> <span class='ocrx_word' id='word_1_422' title='bbox 1192 2396 1283 2424; x_wconf 82' lang='lat' dir='ltr'><strong>s.a.;</strong></span> <span class='ocrx_word' id='word_1_423' title='bbox 1315 2386 1380 2415; x_wconf 88' lang='lat' dir='ltr'><strong>but</strong></span> <span class='ocrx_word' id='word_1_424' title='bbox 1407 2385 1498 2415; x_wconf 87' lang='lat' dir='ltr'><strong>with</strong></span> <span class='ocrx_word' id='word_1_425' title='bbox 1526 2385 1589 2415; x_wconf 87' lang='lat' dir='ltr'><strong>the</strong></span> <span class='ocrx_word' id='word_1_426' title='bbox 1615 2385 1715 2416; x_wconf 83' lang='lat' dir='ltr'><strong>mark</strong></span> 
     </span>
     <span class='ocr_line' id='line_1_68' title="bbox 942 2428 1718 2469; baseline -0.001 -10"><span class='ocrx_word' id='word_1_427' title='bbox 942 2429 1062 2459; x_wconf 87' lang='lat' dir='ltr'><strong>which</strong></span> <span class='ocrx_word' id='word_1_428' title='bbox 1102 2430 1133 2460; x_wconf 88' lang='lat' dir='ltr'><strong>is</strong></span> <span class='ocrx_word' id='word_1_429' title='bbox 1170 2429 1247 2459; x_wconf 79' lang='lat' dir='ltr'><strong>first</strong></span> <span class='ocrx_word' id='word_1_430' title='bbox 1286 2429 1398 2460; x_wconf 84' lang='lat' dir='ltr'><strong>found</strong></span> <span class='ocrx_word' id='word_1_431' title='bbox 1437 2429 1475 2459; x_wconf 88' lang='lat' dir='ltr'><strong>in</strong></span> <span class='ocrx_word' id='word_1_432' title='bbox 1514 2428 1601 2469; x_wconf 85' lang='lat' dir='ltr'><strong>July</strong></span> <span class='ocrx_word' id='word_1_433' title='bbox 1634 2438 1718 2468; x_wconf 87' lang='lat'>1520</span> 
     </span>
     <span class='ocr_line' id='line_1_69' title="bbox 944 2472 1717 2514; baseline -0.004 -9"><span class='ocrx_word' id='word_1_434' title='bbox 944 2472 1159 2512; x_wconf 78' lang='lat' dir='ltr'><strong>(Renouard,</strong></span> <span class='ocrx_word' id='word_1_435' title='bbox 1179 2475 1313 2512; x_wconf 73' lang='lat' dir='ltr'><strong>Badius,</strong></span> <span class='ocrx_word' id='word_1_436' title='bbox 1333 2474 1355 2511; x_wconf 87' lang='lat' dir='ltr'><strong>i,</strong></span> <span class='ocrx_word' id='word_1_437' title='bbox 1375 2482 1406 2512; x_wconf 87' lang='lat' dir='ltr'><strong>p.</strong></span> <span class='ocrx_word' id='word_1_438' title='bbox 1428 2472 1497 2514; x_wconf 82' lang='lat'><strong>44),</strong></span> <span class='ocrx_word' id='word_1_439' title='bbox 1517 2473 1589 2502; x_wconf 83' lang='lat' dir='ltr'><strong>and</strong></span> <span class='ocrx_word' id='word_1_440' title='bbox 1602 2473 1717 2503; x_wconf 76' lang='lat' dir='ltr'><strong>there.-</strong></span> 
     </span>
     <span class='ocr_line' id='line_1_70' title="bbox 942 2516 1715 2556; baseline 0 -10"><span class='ocrx_word' id='word_1_441' title='bbox 942 2517 1016 2547; x_wconf 69' lang='lat' dir='ltr'><strong>fore</strong></span> <span class='ocrx_word' id='word_1_442' title='bbox 1033 2517 1262 2556; x_wconf 69' lang='lat' dir='ltr'><strong>presumably</strong></span> <span class='ocrx_word' id='word_1_443' title='bbox 1279 2517 1387 2547; x_wconf 84' lang='lat' dir='ltr'><strong>about</strong></span> <span class='ocrx_word' id='word_1_444' title='bbox 1408 2517 1488 2547; x_wconf 84' lang='lat' dir='ltr'><strong>that</strong></span> <span class='ocrx_word' id='word_1_445' title='bbox 1515 2517 1614 2547; x_wconf 80' lang='lat' dir='ltr'><strong>time.</strong></span> <span class='ocrx_word' id='word_1_446' title='bbox 1664 2516 1715 2547; x_wconf 87' lang='lat' dir='ltr'><strong>Cf.</strong></span> 
     </span>
     <span class='ocr_line' id='line_1_71' title="bbox 944 2560 1124 2600; baseline 0 -9"><span class='ocrx_word' id='word_1_447' title='bbox 944 2561 1006 2600; x_wconf 81' lang='lat' dir='ltr'><strong>Ep.</strong></span> <span class='ocrx_word' id='word_1_448' title='bbox 1033 2560 1124 2598; x_wconf 88' lang='lat'><strong>1184.</strong></span> 
     </span>
     <span class='ocr_line' id='line_1_72' title="bbox 1029 2604 1693 2645; baseline 0 -12"><span class='ocrx_word' id='word_1_449' title='bbox 1029 2604 1322 2645; x_wconf 79' lang='lat' dir='ltr'><strong>quadragenarii]</strong></span> <span class='ocrx_word' id='word_1_450' title='bbox 1348 2604 1399 2634; x_wconf 88' lang='lat' dir='ltr'><strong>Cf.</strong></span> <span class='ocrx_word' id='word_1_451' title='bbox 1417 2604 1480 2643; x_wconf 86' lang='lat' dir='ltr'><strong>Ep.</strong></span> <span class='ocrx_word' id='word_1_452' title='bbox 1503 2613 1596 2642; x_wconf 90' lang='lat'><strong>1070.</strong></span> <span class='ocrx_word' id='word_1_453' title='bbox 1617 2613 1693 2634; x_wconf 74' lang='lat'><strong>111).</strong></span> 
     </span>
    </p>

    <p class='ocr_par' dir='ltr' id='par_1_40' title="bbox 943 2647 1717 2730">
     <span class='ocr_line' id='line_1_73' title="bbox 987 2647 1717 2688; baseline 0 -11"><span class='ocrx_word' id='word_1_454' title='bbox 987 2649 1037 2686; x_wconf 89' lang='lat'><strong>76.</strong></span> <span class='ocrx_word' id='word_1_455' title='bbox 1065 2648 1142 2677; x_wconf 79' lang='lat' dir='ltr'><strong>(lies</strong></span> <span class='ocrx_word' id='word_1_456' title='bbox 1158 2647 1284 2688; x_wconf 71' lang='lat' dir='ltr'><strong>festus]</strong></span> <span class='ocrx_word' id='word_1_457' title='bbox 1309 2648 1352 2677; x_wconf 87' lang='lat'><strong>26</strong></span> <span class='ocrx_word' id='word_1_458' title='bbox 1368 2648 1447 2678; x_wconf 85' lang='lat' dir='ltr'><strong>Feb.</strong></span> <span class='ocrx_word' id='word_1_459' title='bbox 1466 2657 1550 2687; x_wconf 85' lang='lat'>1520</span> <span class='ocrx_word' id='word_1_460' title='bbox 1567 2657 1638 2678; x_wconf 84' lang='lat' dir='ltr'><strong>was</strong></span> <span class='ocrx_word' id='word_1_461' title='bbox 1654 2648 1717 2678; x_wconf 74' lang='lat' dir='ltr'><strong>the</strong></span> 
     </span>
     <span class='ocr_line' id='line_1_74' title="bbox 943 2691 1357 2730; baseline 0.002 -9"><span class='ocrx_word' id='word_1_462' title='bbox 943 2691 1020 2721; x_wconf 71' lang='lat' dir='ltr'><strong>first</strong></span> <span class='ocrx_word' id='word_1_463' title='bbox 1036 2692 1182 2730; x_wconf 78' lang='lat' dir='ltr'><strong>Sunday</strong></span> <span class='ocrx_word' id='word_1_464' title='bbox 1201 2692 1238 2722; x_wconf 89' lang='lat' dir='ltr'><strong>in</strong></span> <span class='ocrx_word' id='word_1_465' title='bbox 1256 2692 1357 2722; x_wconf 89' lang='lat' dir='ltr'><strong>Lent.</strong></span> 
     </span>
    </p>

    <p class='ocr_par' dir='ltr' id='par_1_41' title="bbox 986 2734 1597 2775">
     <span class='ocr_line' id='line_1_75' title="bbox 986 2734 1597 2775; baseline 0 -11"><span class='ocrx_word' id='word_1_466' title='bbox 986 2735 1037 2766; x_wconf 80' lang='lat'><strong>80.</strong></span> <span class='ocrx_word' id='word_1_467' title='bbox 1065 2735 1235 2774; x_wconf 76' lang='lat' dir='ltr'><strong>postridie</strong></span> <span class='ocrx_word' id='word_1_468' title='bbox 1254 2734 1416 2775; x_wconf 80' lang='lat' dir='ltr'><strong>Calend.]</strong></span> <span class='ocrx_word' id='word_1_469' title='bbox 1443 2734 1529 2765; x_wconf 63' lang='lat' dir='ltr'><strong>BE.4</strong></span> <span class='ocrx_word' id='word_1_470' title='bbox 1546 2744 1597 2774; x_wconf 81' lang='lat'><strong>52.</strong></span> 
     </span>
    </p>
   </div>
   <div class='ocr_carea' id='block_1_37' title="bbox 1624 956 1774 996">
    <p class='ocr_par' dir='ltr' id='par_1_42' title="bbox 1624 956 1774 996">
     <span class='ocr_line' id='line_1_76' title="bbox 1624 956 1774 996; baseline -0.013 -1"><span class='ocrx_word' id='word_1_471' title='bbox 1624 956 1714 996; x_wconf 78' lang='lat' dir='ltr'><strong>Hac</strong></span> <span class='ocrx_word' id='word_1_472' title='bbox 1731 963 1774 994; x_wconf 92' lang='lat'><strong>60</strong></span> 
     </span>
    </p>
   </div>
   <div class='ocr_carea' id='block_1_38' title="bbox 1124 2046 1776 2097">
    <p class='ocr_par' dir='ltr' id='par_1_43' title="bbox 1124 2046 1776 2097">
     <span class='ocr_line' id='line_1_77' title="bbox 1124 2046 1776 2097; baseline -0.002 -12"><span class='ocrx_word' id='word_1_473' title='bbox 1124 2046 1311 2097; x_wconf 75' lang='grc' dir='ltr'>”Ερρωσο,</span> <span class='ocrx_word' id='word_1_474' title='bbox 1342 2047 1368 2083; x_wconf 80' lang='grc' dir='ltr'><em>ὦ</em></span> <span class='ocrx_word' id='word_1_475' title='bbox 1391 2046 1630 2096; x_wconf 81' lang='grc' dir='ltr'>ἐπανορθωτὰ</span> <span class='ocrx_word' id='word_1_476' title='bbox 1656 2046 1716 2084; x_wconf 86' lang='grc' dir='ltr'><strong>καὶ</strong></span> <span class='ocrx_word' id='word_1_477' title='bbox 1734 2053 1776 2084; x_wconf 83' lang='lat' dir='ltr'><strong>So</strong></span> 
     </span>
    </p>
   </div>
  </div>
 </body>
</html>
