1990 3353
90 141 211 196 1061]
595 142 752 182 FROM
790 143 1046 183 EDWARD
1085 144 1193 182 LEE
1614 147 1692 185 177

83 252 218 292 multa
237 252 462 291 resecuisse
478 254 524 291 vt
544 251 628 290 iarn
643 265 667 290 a
682 252 907 301 posteriore
929 253 1038 292 Noui
1059 253 1317 293 Testamenti
1332 254 1537 294 aeditione
1552 269 1678 306 super

83 319 284 346 uacanea:
311 320 437 356 quam
452 308 631 345 nectum
645 307 688 345 in
704 306 778 345 illo
790 307 980 356 proximo
996 307 1204 358 colloquio
1217 308 1416 355 videram,
1433 312 1516 356 aut,
1531 310 1566 348 si
1582 310 1677 349 vide

84 374 186 408 ram,
209 374 295 399 non
317 361 574 399 contuleram
594 360 731 399 adhuc
750 374 844 399 cum
865 362 972 400 meis
991 362 1359 402 Annotationibus.
1398 364 1481 402 Nec
1502 367 1564 402 est
1585 365 1691 414 quod
1710 368 1775 409 690

84 415 253 454 obiicias
271 415 379 453 mihi
397 416 563 464 σφάλμα
582 415 778 465 μνημικόν,
806 416 914 465 quod
935 418 1162 466 vtrumque
1182 417 1370 465 dixerim,
1394 420 1435 457 et
1462 419 1693 457 retexuisse

83 483 150 508 me
172 483 274 520 opus
302 472 341 508 et
366 469 491 508 etiam
517 483 733 519 nunquam
760 470 951 508 futurum
970 473 1017 509 vt
1042 470 1199 509 librum
1219 472 1494 522 euulgarem‘?
1523 473 1692 512 Etenim

82 524 260 562 alterum
280 524 357 562 feci
377 524 422 562 in
449 523 610 572 Martio,
633 537 763 574 quum
784 526 824 562 te
851 525 1137 563 consentiente
1157 525 1316 564 librum
1337 526 1386 564 ad
1415 527 1690 565 reuerendum

84 578 325 617 Roffensem
345 591 479 617 essem
496 579 724 617 missurus:
764 580 805 616 et
834 579 912 617 hoc
931 579 1100 629 quidem
1127 582 1314 629 tempore
1339 582 1521 620 secunda
1541 581 1692 620 aeditio

83 635 155 671 tua
171 632 361 671 nondum
382 633 605 682 prostabat.
665 632 797 671 Porro
816 633 996 672 alterum
1017 634 1102 672 dixi
1127 637 1268 683 postea
1288 635 1333 672 in
1353 635 1474 683 Iulio,
1497 636 1565 674 vbi
1587 636 1692 674 mul·
1710 639 1773 680 695

83 689 220 725 torum
236 687 464 725 amicorum
479 686 621 725 literas
634 687 683 725 ad
700 687 962 726 concordiam
978 701 1053 727 nos
1067 688 1282 727 hortantes
1297 690 1556 739 accepissem.
1600 691 1692 729 Hoc

83 740 200 780 volui
220 741 316 779 dare
331 741 621 779 voluntatibus
641 742 889 790 amicorum2
935 742 991 780 Et
1011 741 1133 792 plane
1152 751 1244 781 tum
1264 743 1465 782 habebam
1488 745 1531 782 in
1552 745 1692 783 animo

84 795 192 845 quod
213 795 312 843 dixi,
335 795 459 833 modo
479 795 732 834 reuerendus
753 796 950 834 dominus
974 797 1183 836 Roffensis
1209 810 1426 836 censuram
1450 799 1692 848 dignaretur

84 849 302 898 suscipere.
327 862 402 887 nec
422 852 468 888 tu
487 850 668 899 amplius
688 863 892 899 pungeres
911 851 960 888 ad
982 851 1224 890 aedendum.

139 904 255 943 Nihil
271 904 338 943 hic
357 904 484 942 fuisse
504 904 661 942 factum
682 905 765 943 nisi
783 904 1096 955 simplicissimo
1115 906 1267 955 animo,
1289 906 1402 945 Deus
1425 907 1505 946 scit
1523 921 1532 955 ;
1562 907 1633 957 qui
1653 910 1692 946 01
1714 919 1777 952 700

83 960 162 997 scit
191 961 395 1008 quantum
423 958 712 997 abhorruerim
741 959 793 997 ab
821 960 900 998 hoc
931 960 1167 1008 certamine,
1203 974 1326 1010 quam
1356 964 1397 1000 et
1432 962 1552 1000 dulce
1585 962 1694 1000 1111111

83 1013 211 1051 fuerit
231 1013 336 1051 illud
355 1026 497 1051 meum
523 1013 661 1051 ocium
689 1026 783 1052 cum
810 1013 943 1053 literis
965 1014 1132 1053 Graecis
1151 1017 1192 1053 et
1211 1014 1440 1055 Hebraicis.
1502 1016 1620 1064 Quod
1649 1019 1693 1055 tu

84 1068 208 1106 toties
232 1067 534 1115 interturbasti,
558 1067 677 1106 nulla
702 1080 872 1117 prorsus
899 1082 921 1106 a
941 1082 1008 1106 me
1029 1069 1183 1108 iniuria
1211 1070 1449 1118 lacessitus3
1479 1071 1550 1109 sed
1571 1072 1693 1121 (quod

86 1135 182 1160 vero
213 1122 351 1160 simile
382 1122 459 1170 est)
493 1124 564 1160 aut
598 1122 779 1172 opimam
812 1123 889 1161 tibi
919 1123 1084 1162 laudem
1113 1128 1186 1162 aut
1215 1125 1369 1173 grande
1397 1124 1505 1163 mihi
1534 1125 1693 1164 malum

83 1176 295 1225 pollicitus
316 1189 366 1214 ex
386 1177 462 1214 hac
482 1190 634 1226 pugna,
657 1179 729 1214 aut
748 1176 872 1215 etiam
888 1177 993 1216 forte
1011 1178 1125 1216 aliud
1145 1178 1190 1216 in
1209 1181 1372 1228 pectore
1390 1179 1560 1229 habens,
1580 1180 1691 1218 aliud
1715 1187 1775 1219 705

84 1230 129 1268 in
163 1244 242 1270 ore.
304 1231 412 1269 Nam
446 1234 486 1269 et
525 1231 762 1270 rumoribus
795 1232 931 1270 fuerat
972 1233 1322 1281 satisfaciendum,
1357 1234 1430 1283 qui
1463 1236 1536 1272 tua
1575 1234 1694 1285 culpa

84 1285 216 1335 sparsi
236 1287 347 1332 sunt,
371 1298 457 1323 non
482 1298 584 1324 mea.
645 1286 734 1335 Ego
756 1288 922 1324 tantum
949 1289 1086 1336 partes
1106 1300 1220 1326 meas
1245 1290 1408 1326 tutatus
1435 1301 1527 1326 sum
1552 1291 1693 1327 contra

84 1340 326 1378 calumnias.
387 1340 450 1377 Tu
484 1353 700 1390 nunquam
735 1340 903 1379 cessasti
933 1341 1040 1390 apud
1077 1354 1235 1390 pueros,
1268 1343 1376 1391 apud
1412 1342 1550 1392 laicos,
1582 1343 1692 1393 apud

84 1394 464 1432 essedarios—nam
486 1396 527 1432 et
546 1393 590 1432 in
611 1395 754 1432 essedo
778 1394 970 1433 intellexi
990 1397 1030 1434 te
1059 1396 1262 1445 quaedam
1287 1397 1551 1435 effutisse—:
1582 1401 1629 1436 vt
1649 1398 1693 1436 in

84 1448 161 1486 hoc
190 1449 462 1487 Dodonaeum
488 1461 532 1487 es
557 1449 698 1486 verius
722 1448 779 1487 sis
802 1462 927 1499 quam
955 1463 1038 1499 egO.
1062 1451 1134 1500 qui
1153 1450 1306 1500 vbique
1327 1465 1372 1489 ac
1396 1453 1593 1501 perpetuo
1614 1452 1693 1490 tin-
1715 1459 1777 1491 710

86 1502 226 1551 nieris,
263 1516 338 1541 nec
368 1516 552 1553 vnquam
581 1503 787 1553 quieueris
820 1503 869 1541 ab
900 1504 973 1542 1110
1006 1504 1070 1542 (110
1099 1518 1180 1554 quo
1210 1506 1394 1554 primum
1425 1508 1464 1544 te
1498 1506 1694 1544 hortante

85 1557 190 1595 hanc
210 1571 375 1607 operam
395 1557 606 1607 ingressus
626 1571 721 1596 sum
737 1572 746 1605 ;
776 1558 981 1596 1111111111111
1001 1558 1169 1608 quiduis
1190 1560 1381 1609 aequiore
1397 1560 1538 1599 animo
1558 1561 1695 1599 ferens

85 1625 210 1661 quam
240 1612 420 1650 amicum
448 1611 711 1658 monitorem,
738 1613 979 1661 praesertim
1009 1613 1081 1662 qui
1109 1614 1221 1651 idem
1250 1615 1306 1653 sit
1333 1614 1545 1664 ingenuus
1572 1627 1617 1653 ac
1647 1628 1694 1653 ex

84 1667 224 1705 animo
245 1669 428 1714 moneat,
448 1666 520 1717 qui
539 1679 631 1704 mos
651 1670 713 1704 est
732 1666 961 1715 syncel-iter
980 1668 1221 1706 amicorum.

140 1721 219 1759 Sed
244 1721 352 1771 quod
376 1723 465 1759 tam
491 1721 703 1759 sitientem
732 1721 885 1770 gloriae
911 1722 1010 1760 facis
1038 1735 1106 1760 me
1130 1725 1177 1761 vt
1200 1723 1267 1761 vel
1294 1723 1447 1761 scelere
1471 1723 1537 1762 vel
1563 1723 1695 1773 impu·
1717 1738 1776 1770 715

87 1775 227 1814 dentia
245 1775 373 1813 velim
401 1788 495 1813 eam
521 1775 630 1813 mihi
657 1789 798 1825 parare
819 1776 933 1825 (nam
962 1789 1029 1814 1110
1056 1777 1302 1816 Herostrato
1326 1778 1507 1816 similem
1528 1778 1629 1817 facis
1655 1781 1695 1817 et

86 1830 222 1868 nescio
253 1830 319 1868 cui
346 1829 536 1868 Ortwino
563 1830 734 1879 613110),
763 1844 848 1868 11011
875 1830 1030 1869 videris
1060 1831 1166 1869 mihi
1195 1834 1334 1870 tecum
1364 1833 1463 1870 satis
1489 1835 1692 1880 constare,

86 1885 157 1934 qui
178 1898 245 1922 1110
265 1884 454 1922 simulet
478 1884 632 1933 gloriae
661 1885 859 1934 cupidum
879 1885 1005 1923 facias
1031 1888 1071 1923 et
1095 1899 1265 1934 prorsus
1291 1886 1501 1925 insanum.
1564 1888 1695 1926 Plane

86 1939 307 1988 plusquam
327 1938 567 1986 insanirem,
590 1939 626 1976 si
646 1942 732 1977 tam
752 1941 939 1988 paratam
959 1939 1118 1979 habens
1137 1941 1314 1990 gloriam
1334 1954 1383 1979 ex
1404 1943 1477 1979 tuo
1496 1942 1692 1991 pollicito,

88 1995 127 2031 et
152 1995 239 2031 tam
260 1993 345 2031 leui
371 2006 505 2042 opera,
529 1996 575 2031 vt
599 1993 644 2031 in
671 1993 756 2032 tuis
783 1994 927 2032 erratis
954 1995 1204 2032 caecutirem
1231 1995 1589 2045 adblandirerque,
1616 1996 1696 2034 alia
1715 2011 1777 2044 720

88 2048 154 2086 via
169 2061 408 2097 quaererem
425 2060 519 2085 cum
541 2047 748 2086 laboriosa
770 2061 815 2086 ac
831 2048 1016 2098 ancipiti,
1035 2052 1126 2087 tum
1147 2050 1271 2087 etiam
1287 2049 1434 2088 multis
1451 2050 1697 2088 nominibus

88 2102 324 2151 periculosa.
384 2102 472 2140 Tua
497 2102 571 2140 illa
593 2101 678 2141 13111
704 2115 899 2151 praesens
925 2103 1032 2141 mihi
1062 2106 1160 2151 erat,
1194 2105 1230 2142 si
1259 2104 1318 2142 sic
1345 2104 1510 2148 vellem,
1538 2107 1584 2143 vt
1612 2106 1696 2143 13111

88 2156 280 2195 omnium
301 2169 371 2194 ore
391 2159 579 2194 cantaret
604 2158 612 2174 ⁴
631 2156 762 2195 Leeus
781 2157 947 2195 Erasmi
973 2170 1020 2195 30
1044 2157 1260 2196 Musarum
1281 2158 1553 2208 omniumque
1574 2159 1696 2197 bona-

88 2223 183 2249 rum
204 2210 419 2249 literarum
438 2211 597 2249 amicus
611 2209 630 2248 ¹.
692 2211 756 2249 Ex
775 2211 901 2249 dubio
922 2211 999 2249 hoc
1016 2213 1240 2250 certamine
1261 2213 1297 2250 si
1318 2226 1422 2262 quae
1443 2215 1693 2262 expectetur,

88 2265 219 2303 serius
243 2267 384 2303 tamen
410 2265 562 2310 veniet,
594 2278 669 2303 nec
699 2265 800 2303 satis
830 2268 946 2315 grata
977 2267 1085 2316 quod
1117 2280 1212 2304 cum
1241 2267 1390 2305 multis
1419 2267 1622 2306 molestiis
1651 2281 1697 2306 ac
1718 2285 1778 2316 525

88 2319 279 2368 periculis
299 2319 354 2358 sit
382 2319 618 2367 coniuncta,
646 2332 720 2357 nec
746 2320 848 2359 satis
873 2320 1007 2359 solida
1034 2322 1141 2370 quod
1170 2334 1334 2370 semper
1360 2322 1438 2360 erit
1466 2322 1696 2360 multorum

89 2373 383 2411 Erasmeorum
410 2373 581 2412 latratui
610 2374 796 2412 obnoxia.
858 2374 939 2413 Sed
965 2388 1011 2413 03
1037 2377 1099 2413 051
1126 2378 1198 2413 tua
1229 2376 1434 2414 modestia
1461 2378 1508 2414 vt
1536 2390 1698 2425 semper

90 2427 195 2466 mihi
215 2428 374 2466 tribuas
394 2429 503 2477 quod
524 2427 602 2466 tibi
622 2428 827 2477 peculiare
847 2431 910 2467 est
927 2443 935 2476 ;
966 2429 1038 2479 qui
1053 2432 1099 2467 vt
1119 2429 1295 2478 gloriam
1316 2430 1395 2468 tibi
1416 2430 1560 2480 parias,
1583 2430 1697 2469 velut

91 2482 275 2520 censoria
293 2482 456 2532 virgula
482 2482 532 2520 de
560 2482 755 2521 omnibus
776 2484 1028 2521 sententiam
1056 2484 1153 2529 fers,
1180 2484 1422 2533 antiquitati
1450 2498 1532 2523 non
1561 2485 1697 2533 cedis;

91 2537 175 2574 imo
197 2536 268 2586 qui
288 2536 420 2574 videri
435 2537 500 2575 vis
512 2536 606 2585 plus
621 2550 729 2575 vnus
745 2537 886 2576 videre
906 2551 1031 2587 quam
1047 2538 1230 2576 viderint
1247 2551 1393 2577 omnes
1413 2539 1477 2577 1111
1493 2539 1698 2577 Ecclesiae
1719 2554 1734 2584 7
1741 2554 1781 2584 30

92 2594 258 2629 sanctae
288 2591 588 2640 sapientissimi
623 2591 779 2630 heroes.
841 2592 927 2642 Ego
959 2592 1032 2629 vni
1066 2595 1234 2630 tantum
1266 2593 1344 2631 tibi
1382 2596 1422 2632 et
1463 2596 1524 2631 tot
1563 2594 1698 2632 modis

92 2644 267 2694 vrgenti,
301 2645 427 2683 etiam
458 2646 494 2683 si
523 2645 644 2694 paulo
675 2645 849 2684 liberius
877 2648 983 2684 forte
1013 2659 1137 2696 quam
1168 2649 1214 2684 tu
1243 2647 1385 2695 velles,
1419 2648 1527 2686 nihil
1557 2651 1697 2686 tamen

91 2700 188 2750 plus
209 2699 319 2736 iusto
339 2699 560 2748 aliquoties
581 2700 786 2749 obstrepo.

148 2753 227 2791 Sed
267 2753 376 2802 quod
416 2754 571 2791 factum
610 2767 753 2792 meum
792 2754 1034 2793 incendiarii
1072 2755 1258 2803 exemplo
1296 2755 1505 2804 nobilitas,
1546 2756 1695 2794 viderit

92 2820 246 2857 aequus
277 2807 415 2856 quiuis
442 2810 533 2845 vter
563 2810 751 2846 nostrum
781 2809 1085 2847 incendiarium
1114 2810 1249 2859 magis
1278 2810 1438 2858 referat,
1470 2823 1598 2860 egone
1628 2810 1696 2860 qui
1719 2819 1778 2851 735

135 2912 211 2942 688.
240 2909 447 2950 resecuisse]
465 2910 514 2941 Cf.
536 2911 600 2951 Ep.
622 2921 713 2951 1053.
735 2922 831 2951 44-7.
974 2921 1045 2951 713.
1071 2912 1302 2954 monitorem]
1336 2913 1409 2944 But
1437 2913 1479 2944 cf.
1509 2913 1573 2953 Ep.
1603 2913 1694 2950 1076.

134 2957 209 2994 691.
236 2953 398 2995 obiicias]
417 2954 482 2993 Bp.
502 2963 594 2993 1053.
614 2964 663 2994 57.
928 2957 986 2986 611.

137 3009 208 3038 710.
236 2997 485 3039 Dodonaeum]
501 2997 554 3029 Cf.
569 2999 658 3038 Epp.
676 3008 858 3039 1030.1411‚
975 3008 1049 3037 715.
1076 2999 1177 3039 facis]
1198 3000 1259 3040 Ep.
1285 3009 1379 3038 1053.
1399 3009 1458 3030 201
1480 3010 1550 3039 seq.

97 3051 189 3082 1053.
215 3050 334 3082 334—5.
975 3053 1046 3081 722.
1071 3042 1143 3073 Tua
1163 3043 1241 3084 illa]
1260 3053 1300 3075 sc.
1322 3045 1444 3083 gloria.

161 3109 237 3131 4⁵2.4
917 3115 944 3141 N
