1990 3353
105 154 228 209 1093]
637 157 707 197 'ro
747 158 983 197 THoMAs
1022 158 1178 198 MORE
1626 161 1704 199 241

100 263 227 303 etiam
256 264 396 314 ipsum
427 265 649 314 poeniteat,
680 267 731 311 et,
764 264 799 303 si
832 279 896 304 res
929 269 1035 305 esset
1066 267 1239 316 integra,
1271 280 1356 306 non
1387 267 1441 306 sit
1471 266 1709 305 facturus—

101 332 236 369 neque
255 319 370 357 enim
391 319 609 369 quisquam
630 321 718 357 tam
737 319 839 358 felix
859 322 922 359 est
941 323 987 359 vt
1007 321 1199 359 omnibus
1218 321 1333 360 horis
1353 321 1552 372 sapiat—,
1568 324 1707 360 tamen

100 372 138 412 is
174 374 248 421 est,
283 386 408 424 quem
442 374 478 411 si
510 386 653 412 nosses
687 374 868 424 propius,
905 375 1091 414 hominis
1124 378 1216 414 tum
1250 376 1418 425 ingenio
1449 377 1542 414 tum
1576 375 1710 414 literis
1730 384 1770 426 85

101 426 386 476 delectareris3
421 441 554 478 neque
584 441 820 478 quenquam
846 428 977 468 alium
1005 429 1122 468 facile
1153 430 1329 480 reperies
1357 443 1478 480 quem
1507 429 1710 468 iudicares

100 494 240 520 amore
259 485 330 520 tuo
350 482 596 532 digniorem.
655 482 801 532 Neque
821 482 945 522 debes
965 483 1015 522 ab
1035 483 1231 522 omnibus
1250 486 1336 523 tam
1356 484 1520 523 sedatos
1539 485 1710 522 affectus

100 534 276 586 exigere,
299 549 426 586 quam
452 549 596 575 omnes
624 536 752 575 ferme
780 550 854 587 pro
884 538 1054 577 caeteris
1082 538 1203 577 factis
1232 538 1317 577 tuis
1345 552 1499 589 proque
1528 540 1707 589 spectata

101 591 186 629 iam
206 590 276 628 diu
298 590 518 640 prudentia
539 603 708 639 prorsus
735 593 955 641 expectant
980 592 1053 631 abs
1083 596 1134 631 te.
1197 593 1368 631 Brixius
1397 606 1635 643 quanquam
1664 592 1709 630 in

101 644 353 695 Chordigera
375 658 449 684 sua
475 645 675 695 quaedam
702 645 932 695 scripserat,
954 646 999 685 in
1025 660 1128 697 quae
1159 650 1204 685 tu
1233 647 1450 686 lacessitus
1478 647 1594 697 prius
1622 647 1710 685 iure
1730 659 1771 691 90

101 699 286 748 potueris
319 699 507 737 acerbius
540 699 678 747 etiam,
713 701 957 749 praesertim
990 703 1037 740 vt
1070 704 1164 740 tum
1197 715 1264 740 res
1299 704 1428 748 erant,
1460 701 1710 748 rescribere3

100 756 243 791 tamen
268 755 490 804 postquam
515 753 817 804 epigrammata
842 757 914 793 tua
938 755 1078 805 >lepore
1107 756 1289 806 quodam
1319 755 1514 795 omnibus
1543 756 1711 795 adblan-

101 806 268 856 dientia,
284 808 475 846 omnium
488 807 597 846 risus
612 808 861 847 excitassent
876 809 920 848 in
936 810 1070 857 illum,
1085 810 1229 849 mirari
1244 824 1328 849 non
1344 810 1468 849 debes
1489 810 1526 849 si
1544 810 1711 849 iuuenis

103 862 252 900 natura
272 862 497 901 vehemens
521 862 734 912 famaeque
760 866 969 913 appetens,
994 864 1304 914 aliquantulum
1331 878 1354 903 a
1381 864 1710 903 consideratione

102 916 167 954 sui
187 916 286 955 facti
305 916 446 955 dolore
461 917 640 967 quodam
655 917 784 955 animi
799 920 912 957 totus
927 920 971 957 in
986 920 1081 958 tuos
1092 932 1238 958 versus
1252 932 1432 968 auersus,
1448 919 1528 958 sibi
1543 920 1710 969 putauit
1730 928 1770 959 95

102 970 301 1009 iniuriam
320 971 424 1018 fieri,
447 984 573 1021 quam
593 984 636 1010 se
655 985 739 1010 non
760 972 1109 1012 animaduerteret
1130 987 1262 1024 neque
1287 974 1435 1013 merito
1463 987 1539 1012 nec
1562 974 1710 1013 idoneo

101 1028 286 1074 tempore
304 1025 523 1065 vindicare.

158 1080 250 1119 Scio
274 1083 315 1118 te
338 1093 423 1119 non
450 1079 559 1119 tanti
582 1081 713 1119 facere
738 1082 913 1131 paucula
938 1081 1010 1120 illa
1036 1082 1336 1132 epigrammata
1366 1096 1469 1133 quae
1496 1082 1637 1121 lusisti
1666 1082 1711 1120 in

102 1133 238 1181 illum,
271 1134 374 1185 quin
403 1134 489 1184 pati
516 1135 652 1184 possis
679 1138 726 1173 vt
754 1136 799 1174 in
833 1149 969 1174 meam
1002 1137 1178 1187 gratiam
1212 1137 1480 1185 aboleantur;
1524 1137 1595 1187 qui
1628 1137 1711 1175 nisi

103 1188 336 1228 monuisses
365 1202 466 1235 sero,
500 1189 579 1227 hoc
606 1191 679 1228 tua
707 1192 856 1239 sponte
885 1191 1055 1230 curabas
1083 1191 1197 1239 olim,
1227 1204 1359 1241 quum
1387 1193 1525 1230 totum
1555 1191 1711 1229 librum

103 1256 188 1282 non
207 1243 385 1282 libenter
408 1243 570 1282 audires
594 1244 860 1294 proditurum
889 1245 934 1283 in
964 1245 1189 1296 publicum.
1252 1245 1390 1295 Igitur
1418 1245 1591 1284 efficiam
1618 1248 1663 1284 vt
1689 1259 1711 1283 e

102 1299 175 1336 tua
202 1298 430 1345 voluntate,
462 1311 558 1336 cum
587 1298 760 1348 posthac
789 1300 1013 1338 excudetur
1040 1300 1158 1342 liber,
1190 1299 1440 1339 omittantur
1473 1300 1554 1349 illa,
1588 1303 1712 1350 atque

102 1352 289 1391 vicissim
325 1365 378 1390 ne
415 1355 663 1402 propagetur
699 1353 958 1393 Antimorus.
1032 1355 1098 1393 Ita
1136 1354 1207 1392 fiet
1246 1356 1292 1393 vt
1330 1356 1365 1393 si
1405 1355 1511 1393 nihil
1549 1355 1709 1393 accedat

103 1406 308 1455 alimenti,
346 1406 457 1456 ignis
489 1406 568 1445 iste
601 1407 802 1457 paulatim
841 1408 1079 1447 emoriatur.
1139 1409 1258 1457 Quod
1297 1409 1332 1447 si
1369 1411 1457 1447 tam
1491 1409 1711 1448 obfirmato

103 1461 244 1499 animo
263 1461 483 1500 decreuisti
502 1461 621 1499 litem
645 1461 753 1500 hanc
779 1463 981 1512 persequi,
1006 1465 1146 1502 tamen
1172 1476 1245 1512 per
1270 1464 1498 1502 amicitiam
1524 1466 1711 1501 nostram
1734 1479 1793 1510 105

104 1528 239 1565 neque
260 1528 413 1554 nouam
434 1529 567 1565 neque
586 1515 816 1566 vulgarem,
836 1530 977 1566 precor
996 1517 1125 1556 etiam
1148 1520 1271 1568 atque
1299 1518 1425 1556 etiam
1453 1517 1646 1567 dispicias
1666 1520 1712 1556 vt

105 1582 194 1608 rem
214 1570 472 1609 tractandam
495 1573 626 1619 putes.
687 1570 787 1620 Ego,
806 1571 841 1610 si
861 1571 983 1610 detur
1002 1572 1126 1622 optio,
1145 1573 1195 1618 te,
1215 1574 1261 1610 vt
1282 1571 1379 1621 dixi,
1398 1574 1530 1610 tacere
1550 1571 1708 1617 malim,

104 1637 150 1663 ac
169 1637 257 1663 rem
276 1623 398 1674 plane
418 1625 765 1663 contemnendam
781 1628 1056 1664 contemnere.
1103 1626 1153 1664 Id
1169 1626 1205 1664 si
1224 1626 1315 1664 fieri
1334 1639 1418 1664 non
1439 1628 1585 1676 potest,
1602 1626 1711 1676 quod

105 1678 345 1728 proximum
379 1680 440 1717 est
474 1678 663 1728 optarim,
701 1682 747 1718 vt
781 1681 890 1730 quod
924 1683 965 1719 et
998 1681 1198 1719 hactenus
1231 1681 1303 1720 abs
1337 1684 1379 1720 te
1412 1683 1602 1719 curatum
1637 1683 1710 1728 est,

105 1733 336 1772 eruditione
360 1734 527 1772 tantum
553 1735 594 1772 et
620 1746 751 1777 causa,
776 1747 862 1773 non
886 1735 1013 1773 etiam
1038 1735 1328 1774 maledicentia
1352 1735 1518 1774 vincere
1544 1748 1712 1785 pergas:

107 1789 154 1825 vt
179 1787 376 1838 quoniam
401 1788 578 1826 alterum
604 1788 787 1826 amicum
813 1789 964 1828 habere
990 1802 1058 1827 me
1076 1789 1199 1828 video
1226 1790 1424 1828 nonnihil
1450 1790 1528 1828 hoc
1554 1789 1714 1828 infelici

107 1854 203 1881 casu
236 1842 450 1890 mutilum,
482 1843 659 1881 alterum
693 1844 852 1890 saltem,
891 1844 963 1894 qui
996 1844 1103 1882 mihi
1137 1844 1195 1882 sic
1229 1847 1291 1882 est
1325 1844 1472 1883 charus
1501 1846 1548 1884 vt
1580 1857 1711 1882 vnum

106 1896 303 1935 omnibus
322 1896 497 1935 habeam
516 1896 732 1947 potiorem,
749 1898 907 1948 possim
922 1900 1121 1948 perpetuo
1136 1911 1300 1937 seruare
1314 1899 1542 1949 integrum,
1555 1898 1715 1937 felicior

106 1950 285 1999 futurus,
304 1951 339 1989 si
355 1952 564 2001 vtrunque
576 1950 710 1990 liceat.
755 1953 927 1991 Etenim
944 1966 1075 2003 quum
1091 1953 1199 1991 nihil
1215 1953 1271 1991 sit
1286 1953 1449 1992 homini
1465 1953 1714 2003 praeciosius

107 2004 190 2044 fido
223 2005 414 2055 bonoque
447 2006 589 2053 amico,
627 2018 700 2056 par
733 2010 796 2045 est
829 2007 989 2046 nullius
1024 2008 1084 2046 rei
1118 2008 1317 2046 iacturam
1351 2021 1477 2057 quam
1510 2007 1715 2046 amicitiae

107 2060 254 2098 ducere
282 2059 526 2110 grauiorem.

163 2114 275 2153 Haec
313 2113 556 2163 scripsimus
592 2115 637 2153 in
677 2115 825 2154 mediis
859 2115 1007 2163 turbis,
1045 2116 1089 2154 in
1127 2116 1279 2166 quibus
1317 2129 1393 2155 nos
1428 2130 1513 2154 non
1547 2116 1713 2166 ignoras

109 2169 276 2207 versari.
336 2168 450 2206 Bene
480 2169 582 2217 vale,
614 2170 843 2208 amicorum
872 2170 1175 2220 syncerissime.

167 2223 449 2272 Antuuerpiae
469 2223 522 2261 vi.
548 2222 632 2262 Cal.
656 2224 767 2263 Maii.
792 2225 914 2262 Amo
934 2238 1098 2263 M.D.xx.

1734 1205 1795 1228 100

1736 1751 1797 1771 110

1736 2023 1794 2054 115

602 2332 671 2361 103.
700 2321 846 2353 accedat
864 2324 891 2352 F
905 2324 1017 2360 Corriy.
1034 2333 1040 2351 ε
1067 2321 1204 2352 accidat
1222 2323 1258 2352 F.

158 2413 228 2435 100.
257 2404 360 2445 olim]
395 2405 462 2435 For
489 2404 551 2434 the
577 2404 655 2434 first
682 2404 819 2436 edition
843 2403 883 2434 of

113 2448 239 2479 More’s
277 2450 527 2487 Epiyrammata,
568 2447 683 2487 Basle,
725 2447 874 2487 Froben,

114 2492 237 2523 March
258 2492 348 2530 1518.

162 2545 233 2566 101.
259 2534 425 2576 efficiam]
467 2534 553 2565 This
607 2535 769 2575 proposal
824 2535 878 2565 for

111 2590 132 2609 a
164 2577 323 2618 peaceful
351 2578 560 2609 settlement
584 2589 656 2609 was
680 2578 876 2609 frustrated

114 2622 159 2662 by
183 2622 245 2653 the
271 2622 491 2662 publication
519 2623 558 2653 of
583 2622 710 2653 Mores
738 2625 877 2659 Epistola

113 2669 156 2696 ad
186 2668 336 2696 Brixiam
367 2666 404 2706 (l.
431 2665 502 2704 63).
550 2666 594 2697 In
634 2675 877 2704 consequence

113 2710 175 2740 the
198 2710 375 2749 epigrams
401 2710 539 2749 against
566 2709 712 2739 Brixius
740 2710 877 2740 remain

114 2753 152 2783 in
170 2753 232 2784 the
249 2753 335 2792 only
351 2753 442 2783 later
458 2753 594 2783 edition
609 2754 645 2783 of
659 2751 784 2783 More's
800 2755 877 2790 Epi-

112 2801 288 2833 qrftmmaca
312 2795 456 2836 printed
481 2796 613 2836 during
637 2797 698 2827 the
724 2796 877 2827 lifetime

181 3116 254 3137 4:24

948 2402 986 2434 of
1006 2403 1175 2434 Erasmus
1201 2401 1274 2433 and
1299 2401 1404 2441 More,
1424 2401 1541 2438 Basle‚
1560 2401 1714 2439 Froben,

948 2447 1029 2477 Dec.
1048 2455 1142 2485 1520.
1178 2446 1253 2476 The
1272 2445 1507 2485 predilection
1522 2444 1560 2474 of
1573 2446 1634 2476 the
1651 2456 1715 2487 age

947 2491 1002 2521 for
1029 2492 1260 2528 controversy
1285 2490 1315 2519 is
1344 2487 1552 2520 illustrated
1580 2490 1626 2529 by
1652 2491 1713 2522 the

946 2534 1016 2565 fact
1045 2533 1123 2564 that
1155 2534 1192 2564 at
1219 2533 1293 2563 this
1318 2543 1406 2572 very
1431 2533 1518 2563 time
1544 2533 1714 2566 Erasmus·

945 2588 1018 2608 was
1052 2578 1159 2616 being
1194 2575 1305 2615 urged
1337 2577 1384 2616 by
1418 2576 1476 2607 his
1508 2577 1645 2608 friends
1678 2581 1713 2609 to

946 2632 965 2652 a
989 2621 1129 2650 similar
1153 2620 1390 2659 composition
1415 2621 1505 2651 with
1530 2621 1619 2652 Lee:
1655 2632 1712 2653 see

947 2665 1033 2704 ΕΗ).
1054 2674 1134 2703 1037
1148 2663 1293 2702 introd.y
1308 2664 1488 2704 1078.38n,
1503 2673 1600 2704 1090,
1618 2676 1710 2705 1097.

994 2718 1065 2746 117.
1091 2708 1223 2747 turbis]
1247 2707 1320 2738 The
1337 2708 1501 2747 printing
1518 2711 1556 2739 of
1570 2709 1626 2740 his
1644 2711 1710 2740 last

948 2752 1046 2791 reply
1072 2754 1108 2780 to
1134 2751 1225 2788 Lw3
1261 2752 1302 2782 cf.
1332 2752 1418 2791 Epp.
1451 2753 1534 2783 1086
1563 2753 1710 2791 introd.y

951 2806 1043 2834 1092.
1066 2804 1179 2824 11-12.
