1990 3353
309 170 387 209 196
773 171 1026 210 LETTERS
1064 171 1134 210 OF
1170 170 1436 210 ERAsMUs
1780 169 1905 223 [1520

305 280 462 320 riorum
492 280 846 330 philosophorum,
885 279 1035 320 doloris
1067 281 1282 320 vacuitate.
1342 280 1469 320 Mane
1493 281 1620 332 igitur
1638 281 1747 320 haec
1777 281 1829 320 ad
1862 285 1906 321 te

305 335 461 385 scripsi,
483 349 535 373 ne
554 335 819 374 tabellaiium
845 347 1051 374 morarer
1080 335 1245 386 quando
1264 336 1322 375 ita
1341 336 1483 391 orabat
1502 349 1569 385 me
1591 335 1807 384 Beraldus,
1831 336 1904 387 qui

247 404 287 427 10
306 390 343 429 ei
362 389 556 428 comitem
576 403 671 428 cum
698 389 889 459 epistolio
909 389 1032 428 dedit.

361 447 516 494 Πρῶτον
534 446 602 493 μὲν
622 444 696 488 οίν,
717 444 743 481 ὠ
764 445 850 493 ἄνερ
861 444 1182 493 προσφιλέστατε,
1206 446 1282 485 τοῖς
1305 444 1533 494 ἐπουρανίοις
1554 445 1709 496 εὔχομαι
1727 447 1823 483 πᾶσι
1843 445 1903 484 καὶ

305 499 458 566 ffdO'alS‘:
477 498 572 547 ὅσην
593 516 630 536 ΕΙ)
633 515 734 536 VOLssJ'
754 498 847 549 ἔχων
867 500 937 550 ἐγὼ
964 498 1119 537 διατελῶ
1138 515 1213 544 (Tot,
1228 516 1416 549 TOO'OE'UT‘YJV
1435 498 1594 549 ὑπάρξαί.
1612 516 1677 550 ,stoc
1694 500 1796 548 παρά
1815 511 1902 538 (7ου

306 553 418 591 ἔπειθ’
437 553 528 603 ὅπερ
547 553 629 591 ἐστὶ
651 553 810 602 μάλισθ’
831 553 921 602 υπὲρ
939 553 1043 602 ἡμῶν
1064 555 1130 602 τῆς
1155 570 1193 591 τε
1217 554 1394 603 ἡμετερας
1421 554 1614 602 εὐσεβείας
1638 570 1677 592 τε
1701 554 1761 592 καὶ
1781 553 1900 604 δόξης,

304 609 414 646 τοῦτο
432 609 679 657 παραστῆσαι
696 608 761 646 τὸν
780 608 874 645 Θεὸν
893 608 991 657 ἡμῖν.
1050 609 1168 646 Τοῦτο
1198 607 1228 645 δ’
1246 608 1350 647 ἐστὶν
1368 610 1411 646 οὐ
1430 608 1546 658 μόνον
1565 608 1632 657 τὴν
1652 609 1793 646 εὔνοιαν
1812 609 1903 658 ἴσην

247 677 284 708 15
303 662 488 712 ἀλλήλοις
520 662 731 707 ἀποδοῦναι,
762 662 864 699 ἀλλὰ
893 662 953 700 καὶ
980 663 1027 713 τῇ
1056 663 1244 712 ἀμνηστίᾳ
1267 664 1314 713 τῇ
1340 663 1502 713 τεθείσῃ,
1530 664 1578 703 ὡς
1604 660 1813 714 προῄρηται
1841 664 1902 702 καὶ

301 717 542 766 βεβούληται
560 718 664 766 ἡμῶν
680 718 859 766 ἑκάτερος,
876 717 988 756 οὕτως
1005 717 1255 767 ἐναπομένειν.
1304 718 1381 755 Καὶ
1399 719 1515 756 ταῦτα
1534 719 1603 767 μὲν
1617 718 1709 755 οὕτω
1728 735 1900 770 πεπαρῳ-

301 770 428 820 δήσθω
453 771 636 820 εὐφημίας
659 771 768 820 δῆθεν
797 772 911 809 ἕνεκα.
964 770 1094 810 ’'Eo-rw
1120 771 1165 820 δὴ
1191 773 1210 809 ὁ
1233 772 1441 820 ἀμνηστίας
1467 773 1578 821 νόμος
1605 773 1726 822 πάντῃ
1755 773 1901 813 πάντως

300 826 432 874 κύριος,
453 827 500 866 ὡς
519 826 564 874 δὴ
585 826 767 876 ἐκκλησίᾳ
787 826 891 876 τρίτῃ
912 826 1086 875 κείμενος.
1131 825 1223 865 Hae
1244 828 1351 864 certe
1371 826 1461 877 lege
1484 828 1594 865 stare
1615 826 1721 864 mihi
1740 828 1899 866 certum

299 883 361 919 est
381 882 578 930 tanquam
599 880 846 919 trinundino
865 880 1033 930 perlata.

241 949 280 970 20
354 934 500 984 Itaque
539 934 711 973 obiectis
749 948 834 973 non
871 934 1376 985 respondebo-quoniam
1420 934 1528 973 hanc
1565 937 1773 973 excetram
1817 934 1900 974 alia

297 990 456 1028 ratione
470 989 783 1027 ineluctabilem
797 1002 885 1028 esse
899 989 1009 1027 inter
1023 987 1562 1039 nosfsatisfconuenit—nisi
1576 989 1654 1028 hoc
1668 988 1894 1038 inficiabor,

298 1043 406 1092 quod
428 1046 473 1082 tu
490 1043 540 1081 de
554 1043 833 1093 strophologia
852 1043 992 1093 inquis
1011 1056 1075 1081 me
1097 1056 1181 1081 non
1198 1056 1357 1093 negare.
1399 1043 1531 1091 Quem
1550 1043 1686 1082 locum
1701 1043 1901 1093 epistolae

296 1109 412 1136 meae
441 1098 538 1137 vide
571 1098 698 1136 etiam
735 1100 859 1148 atque
889 1098 1016 1135 etiam
1049 1100 1096 1136 vt
1129 1098 1230 1136 satis
1268 1097 1532 1136 intellexeris.
1590 1098 1751 1136 Deinde
1789 1098 1897 1147 quod

296 1152 531 1191 testificaris
546 1154 587 1190 te
607 1152 715 1190 nihil
735 1165 918 1202 vnquam
938 1151 1188 1199 oblocutum,
1210 1165 1283 1202 per
1301 1165 1369 1190 me
1387 1151 1485 1190 licet
1503 1154 1548 1190 vt
1568 1165 1715 1190 verum
1734 1152 1800 1199 sit,
1822 1165 1897 1191 nec

238 1219 275 1251 25
296 1219 460 1245 necesse
488 1206 617 1244 habeo
642 1207 827 1244 vicissim
850 1206 997 1245 itidem
1024 1206 1266 1245 contestari:
1298 1219 1393 1244 cum
1420 1207 1463 1245 id
1490 1206 1590 1245 satis
1615 1206 1897 1256 superioribus

296 1260 484 1308 epistolis
509 1263 649 1299 actum
675 1261 742 1309 sit,
772 1261 808 1299 si
835 1261 964 1299 semel
990 1261 1056 1309 agi
1082 1260 1228 1310 potuit.
1289 1260 1404 1308 Quod
1432 1261 1468 1298 si
1495 1260 1566 1311 qui
1592 1263 1761 1299 tuorum
1790 1260 1897 1300 mihi

295 1315 641 1363 obtrectauerunt,
671 1318 716 1353 vt
742 1328 811 1353 eos
840 1315 981 1353 fecisse
1010 1315 1186 1353 literatis
1214 1315 1467 1353 testimoniis
1496 1315 1661 1362 credidi,
1692 1328 1777 1353 non
1807 1317 1895 1353 tam

294 1369 510 1419 improbus
531 1383 626 1408 sum
646 1372 692 1407 vt
711 1371 835 1407 etiam
863 1370 897 1407 si
917 1370 958 1407 id
980 1382 1100 1407 causa
1118 1371 1190 1408 tua
1215 1369 1500 1416 instituerunt,
1524 1371 1570 1407 tu
1590 1369 1758 1407 illorum
1784 1382 1897 1418 prae·

294 1426 403 1462 stare
436 1423 583 1462 debeas
614 1426 687 1462 aut
719 1424 944 1462 stultitiam
983 1425 1055 1462 aut
1094 1423 1282 1462 studium
1316 1424 1613 1463 inconsultum.
1673 1424 1814 1473 Atque
1847 1425 1893 1462 vt

232 1492 273 1521 30
292 1478 555 1516 stomachum
589 1479 762 1516 antehac
796 1477 887 1516 aloe
917 1479 1091 1516 fortasse
1119 1477 1344 1516 immodice
1373 1480 1602 1528 temperata
1633 1478 1891 1527 perpurgaui‚

292 1532 349 1570 sic
370 1532 495 1571 etiam
516 1533 652 1571 aureis
671 1534 783 1571 aceto
803 1533 973 1582 posthac
993 1531 1131 1570 eluere
1149 1532 1288 1581 statui,
1308 1546 1360 1570 ne
1380 1532 1568 1582 quemuis
1584 1532 1896 1572 obtrectationis

292 1588 363 1625 aut
384 1587 667 1636 querimoniae
693 1587 894 1625 nuncium
918 1600 1001 1625 non
1025 1599 1244 1625 excussum
1272 1587 1507 1625 admittant.
1564 1587 1693 1636 Saepe
1712 1587 1825 1625 enim
1849 1586 1894 1625 in

292 1640 481 1679 fraudem
508 1641 637 1679 nimia
662 1641 928 1690 simplicitate
954 1641 1092 1679 incidi.
1153 1641 1203 1679 Id
1230 1641 1338 1691 quod
1364 1640 1442 1679 tibi
1471 1641 1665 1679 accidisse
1694 1641 1815 1679 credo
1843 1641 1895 1683 de

292 1695 480 1744 epistolis
500 1696 595 1743 tuis,
621 1709 723 1745 quas
742 1699 788 1734 tu
809 1695 1029 1735 maledicas
1049 1695 1243 1745 appellas,
1267 1708 1341 1745 ego
1366 1695 1588 1734 immodice
1608 1695 1756 1734 salsas:
1787 1708 1893 1746 quae

231 1759 270 1791 35
291 1751 431 1787 tamen
459 1763 483 1788 a
512 1751 552 1788 te
581 1752 693 1788 aceto
722 1752 863 1800 postea
893 1751 933 1788 et
961 1752 1061 1788 tunc
1090 1750 1215 1788 etiam
1245 1750 1409 1797 tinctae,
1431 1749 1614 1788 multum
1641 1751 1893 1788 remiserunt

289 1804 449 1842 muriae
469 1806 512 1842 et
531 1804 766 1854 salsuginis.

345 1858 461 1906 Quod
482 1858 589 1897 mihi
608 1861 649 1896 et
670 1859 829 1909 ingenii
848 1860 888 1896 et
909 1858 1120 1897 doctrinae
1139 1858 1276 1907 palma
1295 1857 1404 1896 cedis
1425 1859 1465 1896 et
1484 1856 1613 1905 laude,
1633 1871 1717 1896 non
1737 1858 1892 1908 accipio

290 1913 398 1961 quod
420 1913 503 1951 das.
556 1913 652 1951 Non
673 1913 713 1951 id
735 1913 933 1962 agebatur
952 1914 1093 1951 nostra
1111 1912 1183 1950 illa
1203 1912 1504 1950 controuersia:
1535 1925 1659 1962 quam
1678 1912 1738 1950 ita
1757 1912 1891 1962 ipsam

289 1967 469 2005 decisam
498 1977 586 2005 esse
614 1967 717 2015 volo,
754 1967 861 2005 nihil
894 1969 939 2005 vt
968 1967 1066 2005 inde
1097 1967 1205 2005 mihi
1237 1966 1453 2005 accessisse
1482 1967 1685 2012 videatur,
1722 1980 1774 2005 ne
1805 1980 1890 2006 non

229 2035 271 2066 40
288 2021 468 2071 gratuita
496 2022 561 2059 sit.
622 2021 676 2059 Et
704 2021 861 2071 alioqui
890 2034 1104 2071 nunquam
1133 2034 1179 2059 ea
1208 2021 1258 2059 de
1286 2034 1330 2059 re
1363 2021 1608 2059 contendere
1638 2021 1815 2071 litigiose
1844 2021 1891 2061 in

288 2075 479 2113 animum
499 2076 706 2122 inducam,
729 2076 848 2114 cuius
867 2075 1008 2114 acerba
1029 2075 1249 2125 odiosaque
1271 2074 1511 2124 disceptatio
1533 2077 1594 2113 est
1614 2075 1890 2125 tranquillita-

288 2129 423 2179 tisque
452 2130 767 2179 interpellatrix.
832 2130 1039 2168 Iudicium
1068 2132 1207 2168 autem
1236 2130 1321 2168 fere
1349 2129 1621 2178 posthumum
1649 2143 1736 2168 esse
1769 2130 1885 2177 solet,

289 2183 493 2222 duntaxat
518 2184 835 2234 incorruptum:
869 2197 1104 2234 quanquam
1130 2184 1230 2222 satis
1253 2185 1510 2233 compertum
1538 2184 1668 2222 habeo
1693 2197 1785 2222 eam
1811 2183 1889 2223 tibi

288 2238 563 2287 suspitionem
584 2239 829 2288 praecordiis
853 2239 1074 2288 aliquando
1103 2238 1292 2285 haesisse,
1326 2238 1365 2278 ὅς
1393 2255 1447 2290 γε,
1479 2238 1506 2275 ὦ
1534 2241 1583 2289 γῆ
1614 2239 1674 2276 καὶ
1704 2238 1792 2282 θεοί,
1822 2240 1888 2276 οὐκ

227 2306 268 2337 45
289 2293 457 2342 ὤκνησας
478 2296 591 2331 εἰπεῖν
614 2294 714 2339 ποτέ,
742 2294 823 2330 “Ti
846 2294 890 2342 δὴ
916 2294 1104 2342 βούληται
1131 2295 1150 2331 ὁ
1174 2292 1380 2341 Βουδαῖος;
1409 2290 1592 2341 Ἐξέστην
1617 2310 1658 2331 τε
1682 2292 1753 2342 ἤδη
1779 2294 1889 2344 αὐτῷ,

288 2348 348 2384 καὶ
377 2350 439 2385 νῦν
468 2347 512 2396 δὴ
540 2351 748 2398 παραχωρῶ
777 2351 849 2386 τῶν
874 2348 1060 2398 πρωτείων
1088 2350 1160 2385 τῶν
1190 2348 1282 2385 κατὰ
1309 2347 1377 2396 τὴν
1405 2347 1583 2385 παιδείαν.
1630 2347 1732 2397 Ἀρά
1755 2364 1798 2399 γε
1827 2348 1887 2386 καὶ

333 2487 383 2517 15.
408 2480 450 2512 B:
476 2479 650 2518 προήρηται
668 2490 711 2510 a:
735 2478 911 2519 προείρηται
928 2481 970 2511 H.
1109 2480 1159 2510 18.
1183 2481 1239 2509 H.
1265 2477 1419 2517 ἐκκλησία
1437 2489 1466 2510 α.
1629 2480 1681 2517 36.
1708 2479 1844 2509 muriae
1861 2483 1890 2510 F

287 2524 417 2559 (orriya
444 2523 598 2553 inim-rie
613 2535 644 2553 α.
779 2532 832 2562 45.
856 2522 1015 2562 βούληται
1033 2521 1129 2554 aN23
1154 2522 1307 2557 βούλεται
1325 2522 1369 2552 Ν2
1379 2524 1411 2556 β.
1527 2522 1651 2561 ἐξέστιν
1666 2524 1698 2556 β.
1833 2523 1886 2560 46:

285 2566 351 2598 aB:
377 2565 530 2603 προτείωι
544 2569 578 2596 F.

333 2686 381 2708 12.
408 2675 549 2716 εὔνοιαν]
580 2677 623 2706 In
650 2676 772 2707 letters
801 2676 840 2707 of
867 2675 940 2706 this
965 2676 1054 2706 time
1116 2674 1277 2706 faciendo
1290 2673 1309 2704 '.

286 2723 323 2751 ts»
350 2721 454 2751 Vives
481 2720 646 2750 Budaeus
678 2721 799 2750 writes
832 2720 922 2750 with
954 2721 1054 2759 great
1157 2728 1209 2750 22.
1234 2717 1373 2758 inquis]
1400 2718 1461 2757 Ep.
1482 2718 1574 2748 1066.
1588 2717 1685 2757 38-9.

284 2764 502 2795 admiration
522 2763 560 2794 of
574 2764 742 2793 Erasmus
757 2775 763 2793 :
790 2762 878 2794 ΒΕ.1
896 2763 929 2794 ff.
946 2764 988 2793 26
1002 2765 1051 2802 v⁰‚
1157 2773 1208 2800 24.
1235 2761 1451 2802 testificaris]
1476 2761 1537 2801 Ep.
1561 2762 1654 2792 1066.
1673 2771 1716 2799 40
1732 2771 1803 2801 seq.

283 2808 326 2848 83
347 2823 370 2833 z
390 2806 476 2838 BE.⁴
493 2816 545 2845 51,
564 2808 617 2837 66.
1155 2815 1208 2844 31.
1234 2803 1367 2845 aureis]
1394 2808 1447 2835 i.e.
1467 2814 1582 2835 aures.

331 2861 380 2891 19.
405 2849 635 2890 trinundino]
663 2850 712 2881 Cf.
734 2849 843 2881 Rutil.
869 2861 919 2887 ap.
945 2849 1051 2881 Maer.
1155 2858 1208 2888 34.
1233 2847 1440 2888 maledicas]
1466 2848 1527 2887 Ep.
1549 2848 1643 2879 1066.
1666 2857 1693 2879 1.

283 2898 315 2926 S.
335 2905 362 2926 1.
384 2895 432 2926 16.
456 2904 497 2932 34
518 2896 526 2912 ⁴
541 2904 630 2932 quae
655 2893 870 2924 trinundino
895 2894 952 2923 die
975 2903 1054 2933 pro-
1155 2893 1209 2931 36.
1234 2891 1386 2931 muriae]
1406 2891 1456 2922 Cf.
1477 2892 1564 2922 Hor.
1583 2894 1615 2922 S.
1634 2902 1663 2923 2.
1682 2892 1712 2921 8.
1730 2900 1782 2931 53.

282 2939 407 2978 posita,
428 2948 446 2967 a
462 2937 616 2976 singulis
631 2938 738 2975 atque
756 2937 935 2968 vniuersis
950 2937 1052 2967 facile
1154 2945 1206 2974 37.
1233 2934 1343 2976 cedis]
1368 2935 1432 2974 Ep.
1453 2937 1546 2965 1066.
1569 2945 1684 2973 19—20.

282 2983 521 3013 noscebantur
534 2981 541 2992 ‘
560 2992 567 3011 z
591 2991 636 3011 on
653 2981 752 3011 three
770 2981 1026 3019 markoet-days.
1154 2988 1205 3018 45.
1231 2977 1328 3008 εἰπεῖν
1340 2977 1433 3019 ποτέ]
1451 2978 1468 3008 Ι
1481 2978 1525 3009 (10
1540 2981 1600 3009 not
1615 2978 1721 3009 know
1734 2978 1854 3008 where
1873 2990 1881 3009 ε

325 3035 377 3056 20.
402 3025 473 3055 alia
503 3023 658 3064 ratione]
692 3023 724 3054 A
757 3026 840 3054 noto
872 3025 902 3054 is
933 3023 1049 3054 added
1110 3021 1339 3062 presumably
1386 3022 1424 3052 in
1471 3022 1616 3061 writing
1662 3023 1699 3052 to
1742 3031 1807 3053 one
1846 3021 1885 3052 of

286 3069 319 3098 in
352 3070 396 3102 B:
436 3071 498 3099 ‘sau
538 3077 643 3106 quam
681 3067 789 3098 finem
828 3067 1049 3098 rescribendi
1107 3066 1281 3097 Budaeus’
1299 3065 1444 3096 friends.
