1990 3353
119 136 133 160 1
146 137 160 161 1
174 137 188 161 1
199 123 239 176 7]
568 125 637 164 ΤΟ
675 126 990 165 GERMANUS
1029 128 1102 165 BR
1115 127 1273 167 IXIUS
1640 127 1720 165 295

169 232 328 282 Itaque,
353 233 413 271 mi
432 233 566 280 Brixi,
586 233 708 283 plane
734 234 859 284 friget
884 235 1085 273 cauillum
1116 235 1218 274 illud
1249 238 1383 283 tuum,
1405 236 1513 286 quod
1543 235 1721 274 subinde

116 286 267 336 repetis
292 287 337 325 in
361 287 565 326 ‘Mmrus’.
622 287 775 326 Nullus
806 291 868 327 est
897 288 962 327 illi
991 292 1077 327 tam
1110 289 1306 328 inimicus
1341 291 1444 340 quin
1477 290 1721 340 prudentiae

115 341 281 379 laudem
302 342 461 380 affatim
481 342 647 381 tribuat.
706 342 815 381 Nam
834 344 943 393 quod
963 344 1117 393 vbique
1138 345 1269 383 videri
1286 345 1353 383 vis
1373 345 1538 382 Morum
1562 357 1612 382 ex
1637 344 1722 382 alto

116 394 323 445 despicere
351 409 396 434 ac
425 397 543 435 velut
571 410 644 446 pro
673 396 977 436 delectamento
1005 397 1173 445 habere,
1202 412 1344 437 vereor
1373 412 1425 436 ne
1455 412 1604 448 parum
1633 411 1724 447 pro-

116 449 255 487 baturi
273 451 359 488 sint
379 464 525 500 graues
545 456 586 489 et
605 451 760 489 eruditi
779 452 871 490 viri.
932 451 1041 490 Nam
1061 455 1107 491 vt
1131 455 1171 490 te
1198 467 1372 491 numero
1396 453 1507 491 inter
1533 452 1722 499 eximios.

116 503 175 541 ita
194 517 277 542 non
298 505 419 543 video
440 519 520 555 qua
538 507 654 555 parte
676 505 818 544 Morus
846 505 902 544 sit
927 506 1005 545 tibi
1031 509 1370 555 contemnendus,
1393 508 1483 546 siue
1510 508 1723 546 fortunam

115 560 283 606 spectes,
299 560 387 597 siue
402 562 572 597 naturae
588 560 714 607 dotes,
730 560 818 598 siue
834 560 1064 610 ingenium.
1081 561 1168 599 siue
1184 575 1332 609 mores⁷
1346 562 1436 600 siue
1451 563 1725 612 quodcunque

117 612 326 651 doctrinae
351 627 491 662 genus.
551 614 607 651 Et
630 627 712 663 quo
735 615 871 664 magis
897 615 1081 654 admiror
1110 615 1215 654 Mori
1244 617 1370 664 dotes,
1396 617 1504 666 quod
1535 630 1609 666 ego
1639 629 1725 653 non

121 666 218 704 facio
237 668 361 713 solus,
386 669 464 706 hoc
484 668 617 718 magis
637 668 853 718 cupiebam
873 669 985 707 inter
1002 683 1078 708 vos
1098 671 1332 718 conuenire,
1354 673 1427 709 tua
1452 671 1586 720 magis
1605 683 1727 708 causa

119 734 242 770 quam
268 721 396 770 illius,
420 722 506 761 imo
533 736 625 761 mea
651 736 814 773 quoque
843 737 974 772 causa,
1000 738 1052 762 ne
1078 737 1158 774 qua
1187 738 1252 763 res
1282 728 1469 764 nostram
1497 725 1725 764 amicitiam

119 776 389 815 obnubilaret.
451 777 567 825 Quod
587 777 746 816 factum
765 780 838 825 est,
861 779 1064 817 infectum
1091 779 1182 817 fieri
1208 793 1295 818 non
1319 782 1486 829 potest;
1515 784 1726 817 caeterum

119 831 297 880 optarim
317 831 395 869 hoc
416 832 610 882 quicquid
631 835 693 870 est
712 834 923 871 tumultus
948 833 1116 871 aboleri.
1178 834 1296 882 Quod
1325 836 1465 873 autem
1496 833 1628 872 credis
1653 831 1726 871 vix

119 884 206 922 fieri
234 898 352 934 posse
383 889 429 924 vt
462 891 533 924 tua
561 887 813 924 Antimorus
846 887 1084 935 obsolescat.
1116 894 1187 926 aut
1222 902 1296 938 ego
1330 888 1453 938 plane
1485 889 1617 936 fallor,
1655 890 1725 926 aut

118 938 260 977 nullus
279 942 342 977 est
361 940 515 978 iterum
535 941 758 988 aedit-urus,
776 941 812 979 si
832 943 879 979 tu
898 942 1174 992 conquiescas.
1223 943 1336 981 Illud
1357 943 1504 981 multis
1524 943 1724 991 displicet,

119 994 226 1043 quod
248 993 414 1033 Morum
434 1008 579 1033 rursus
599 995 776 1045 attigisti
796 996 840 1034 in
859 997 1116 1046 praefatione
1132 998 1322 1047 quadam,
1341 1011 1437 1035 cum
1451 998 1523 1035 ille
1537 997 1589 1036 ad
1605 999 1728 1035 tuum

118 1047 309 1086 libellum
328 1049 438 1087 nihil
455 1050 590 1088 adhuc
608 1050 877 1099 responderit.

172 1102 253 1141 Sed
283 1106 329 1142 vt
359 1103 516 1152 finiam,
546 1105 702 1154 optime
729 1105 861 1150 Brixi.
890 1106 927 1144 si
955 1106 1019 1144 vis
1048 1119 1114 1144 me
1144 1106 1221 1144 hoc
1250 1119 1369 1156 agere
1400 1120 1497 1144 cum
1526 1105 1654 1154 Moro,
1682 1109 1727 1143 vt

119 1158 263 1207 iungat
283 1171 356 1196 vos
381 1160 596 1207 amnestia,
621 1172 791 1209 pergam
817 1160 859 1197 id
886 1160 1018 1198 facere
1045 1161 1153 1210 quod
1181 1162 1306 1210 coepi.
1368 1160 1442 1199 Sin
1472 1164 1662 1210 expectas
1682 1163 1727 1198 vt

121 1212 261 1250 Morus
298 1212 377 1250 tibi
415 1214 590 1262 supplex
629 1214 692 1260 sit.
728 1214 851 1263 plane
890 1214 1056 1253 falleris.
1117 1215 1171 1253 Vt
1207 1215 1322 1253 illius
1355 1216 1546 1254 animum
1580 1215 1725 1262 sentio,

119 1266 294 1305 feliciter
321 1280 482 1316 gessero
510 1281 598 1306 rem
627 1268 664 1306 si
693 1268 769 1306 hoc
802 1269 853 1307 ab
884 1269 956 1307 illo
988 1270 1222 1319 impetrem,
1257 1271 1303 1308 vt
1337 1270 1444 1307 nolit
1473 1271 1515 1307 te
1547 1269 1729 1308 odiosius

119 1321 345 1370 impetere;
374 1322 501 1371 idque
520 1325 566 1360 vt
586 1322 669 1371 fiat,
694 1323 875 1361 arbitror
899 1326 939 1361 et
965 1324 1017 1362 ad
1043 1337 1310 1362 communem
1339 1325 1574 1362 studiorum
1600 1324 1730 1374 digni-

119 1378 248 1414 tatem
269 1379 311 1414 et
331 1377 381 1414 ad
402 1377 464 1414 tui
483 1377 669 1415 nominis
689 1378 950 1416 honestatem
970 1379 1191 1428 pertinere.

174 1430 292 1479 Quod
323 1431 466 1468 adiicis
493 1432 683 1469 animum
713 1432 763 1469 ad
793 1445 859 1470 res
886 1433 1147 1482 theologicas,
1182 1435 1425 1483 nostrasque
1454 1433 1730 1483 Paraphrases

121 1485 246 1523 habes
266 1485 430 1523 assidue
449 1485 494 1523 in
514 1486 718 1533 manibus,
742 1499 826 1524 non
845 1500 1015 1536 possum
1036 1500 1122 1525 non
1147 1487 1319 1538 probare
1345 1491 1466 1526 tuum
1493 1487 1727 1526 consilium.

120 1539 370 1577 Aedidimus
397 1540 586 1588 proxima
615 1540 748 1579 fetura
779 1541 1076 1591 Paraphrasim
1110 1542 1155 1579 in
1186 1542 1380 1591 epistolas
1411 1541 1527 1579 Petri
1560 1542 1662 1580 duas
1691 1545 1732 1579 et

121 1606 249 1632 vnam
280 1594 420 1632 Iudae.
482 1594 573 1632 Hoc
604 1599 797 1643 agentem
829 1596 1002 1634 morbus
1034 1597 1250 1646 oppressit,
1286 1597 1358 1635 sed
1392 1596 1595 1645 paulatim
1628 1595 1731 1634 reui-

122 1647 336 1687 uiscimus.
381 1649 494 1686 Bene
509 1649 611 1696 vale.
628 1649 748 1687 Brixi
764 1649 927 1688 doctiss.
974 1650 1117 1689 Saluta
1133 1651 1287 1689 amicos
1302 1664 1448 1690 omnes
1464 1650 1729 1689 nominatim.

176 1703 464 1753 Antuuerpiae
519 1716 594 1742 v11.
618 1704 702 1743 Cal.
728 1705 808 1743 Iul.
830 1707 953 1743 ANNO
972 1718 1135 1743 maxx.

594 1921 717 1960 1118.
779 1920 842 1961 To
876 1919 1096 1961 RicHARn
1129 1920 1260 1961 PACE.

172 2027 365 2074 Epistolae
383 2029 432 2064 ad
450 2029 618 2065 diuersos
634 2041 670 2075 p.
692 2039 770 2075 524.
1391 2030 1580 2074 Antwerp.

173 2087 269 2123 HN:
297 2087 416 2123 Lond.
434 2087 512 2122 xiii.
532 2098 573 2131 41
595 2100 602 2123 :
631 2088 704 2123 LB.
727 2098 807 2133 559.
1263 2087 1317 2134 (c.
1339 2097 1379 2132 25
1401 2087 1498 2123 June
1517 2086 1562 2133 i»
1586 2095 1684 2131 1520.

169 2204 293 2246 [From
309 2203 371 2235 the
388 2205 591 2235 connexion
606 2205 699 2235 with
720 2204 782 2234 the
805 2203 909 2234 other
932 2202 1234 2242 correspondence
1260 2201 1298 2231 of
1318 2201 1394 2231 this
1422 2199 1546 2240 period
1560 2209 1580 2229 a
1597 2198 1735 2238 conjec-

124 2248 220 2279 tural
243 2248 474 2279 mouth-date
505 2258 588 2288 may
617 2249 659 2279 be
689 2247 866 2288 assigned.
915 2247 949 2278 It
981 2247 1011 2277 is
1041 2246 1189 2277 evident
1220 2245 1301 2276 that
1339 2245 1428 2275 Pace
1464 2243 1537 2274 and
1565 2243 1737 2273 Erasmus

126 2292 198 2323 had
213 2291 399 2323 coincided
414 2292 645 2331 somewhere,
665 2292 739 2323 and
761 2292 841 2322 that
864 2291 966 2330 Pace,
985 2290 1151 2330 learning
1174 2288 1248 2319 this
1268 2288 1346 2328 just
1368 2288 1486 2319 before
1504 2287 1548 2317 he
1566 2287 1643 2326 left,
1662 2286 1734 2317 had

127 2339 209 2367 sent
225 2345 246 2367 a
262 2338 348 2367 note
363 2335 491 2375 asking
506 2336 675 2366 Erasmus
691 2339 728 2366 to
745 2345 844 2366 come
860 2334 933 2365 and
951 2344 1009 2365 see
1025 2334 1115 2364 him.
1162 2333 1197 2364 It
1215 2333 1245 2362 is
1262 2333 1336 2363 also
1353 2332 1450 2362 clear
1466 2331 1545 2361 that
1566 2331 1735 2380 Erasmus

129 2379 300 2419 expected
317 2382 354 2410 to
370 2380 462 2410 have
479 2379 632 2410 another
647 2379 780 2410 chance
798 2379 835 2409 of
848 2379 1007 2417 meeting
1024 2378 1112 2408 Pace
1129 2377 1251 2407 before
1268 2377 1363 2416 long.
1411 2375 1506 2406 Such
1523 2385 1542 2404 a
1559 2375 1734 2405 situation

129 2424 250 2454 would
266 2424 357 2454 have
373 2425 491 2454 arisen
510 2423 541 2454 if
550 2424 647 2462 Pace,
662 2424 744 2454 who
760 2421 1013 2462 aceompanied
1030 2422 1159 2459 Hem-y
1176 2422 1212 2451 ‘to
1229 2419 1365 2450 France
1380 2419 1421 2450 in
1440 2418 1633 2458 May-July
1651 2427 1736 2457 1520

131 2466 192 2508 (cf.
209 2468 272 2507 Ep.
295 2468 388 2498 1106.
407 2474 506 2507 93n),
525 2467 597 2497 had
614 2467 703 2498 been
728 2466 905 2497 detached
928 2475 975 2496 011
999 2475 1019 2495 a
1040 2465 1188 2495 mis-sion
1213 2466 1249 2494 to
1265 2464 1442 2503 Antwerp
1459 2462 1498 2493 in
1515 2462 1632 2494 June:
1657 2463 1740 2493 orif

131 2512 176 2541 he
194 2511 267 2542 had
282 2512 373 2541 been
390 2513 469 2541 sent
486 2511 536 2541 off
548 2510 642 2542 from
660 2511 776 2542 Calais
796 2510 874 2550 just
890 2509 982 2540 after
1004 2508 1183 2539 Erasmus’
1208 2507 1342 2538 arrival
1369 2507 1469 2537 there
1495 2507 1534 2536 in
1557 2506 1645 2545 July
1661 2505 1735 2546 (see

132 2555 271 2594 below).
319 2554 432 2585 There
450 2555 480 2585 is
496 2564 542 2585 no
558 2554 728 2585 evidence
745 2554 823 2585 that
843 2553 930 2584 Par-e
955 2563 1028 2583 was
1053 2553 1090 2582 in
1115 2552 1290 2591 Antwerp
1314 2553 1351 2582 at
1372 2550 1449 2581 this
1473 2551 1588 2581 time:
1612 2559 1649 2580 so
1672 2549 1735 2580 the

181 2689 251 2709 102.
280 2678 420 2718 erus]
446 2678 498 2709 Cf.
516 2677 580 2718 Ep.
604 2688 696 2718 1045.
719 2689 758 2709 10
775 2681 839 2709 etc.
960 2679 1005 2708 its
1032 2676 1173 2717 preface
1202 2677 1232 2706 is
1258 2675 1487 2715 presumably
1504 2674 1565 2704 the
1594 2682 1660 2703 one
1685 2682 1736 2703 re-

181 2732 252 2762 115.
268 2721 508 2762 praefatione]
528 2722 635 2756 NBG.
656 2722 705 2752 xl.
725 2723 790 2761 870
808 2732 907 2753 men-
960 2722 1077 2752 feri-ed
1104 2722 1140 2751 to
1168 2720 1263 2750 licre.
1313 2718 1370 2749 He
1394 2718 1549 2757 perhaps
1580 2715 1736 2766 checked

135 2768 232 2798 tions
249 2776 270 2796 a
285 2765 414 2797 second
430 2765 566 2796 edition
583 2765 622 2796 of
634 2766 696 2796 1111·
709 2768 906 2803 choo-digera.
962 2766 1008 2795 its
1031 2764 1114 2801 sale,
1143 2774 1180 2794 as
1210 2763 1306 2793 More
1334 2762 1406 2792 had
1437 2761 1532 2791 done
1563 2760 1655 2790 With
1678 2760 1738 2790 lus

137 2811 248 2851 Paris,
270 2819 375 2849 15193
399 2809 471 2840 and
496 2808 533 2840 P.
559 2809 737 2849 Papillon‚
757 2812 836 2840 Bibl.
857 2813 909 2840 cles
961 2808 1061 2848 reply
1081 2807 1159 2848 (Ep.
1180 2807 1274 2846 1096.
1294 2814 1446 2844 117e21).
1502 2804 1577 2834 The
1591 2806 1735 2834 Antano-

134 2859 262 2886 auteurs
277 2856 313 2884 cle
329 2855 517 2891 Bourqoqne,
541 2862 632 2891 1745.
653 2853 674 2883 i.
695 2863 766 2892 109,
784 2854 908 2893 speaks
962 2863 1026 2890 rus,
1048 2854 1114 2890 too,
1138 2852 1167 2881 is
1184 2851 1230 2890 by
1247 2860 1292 2880 no
1310 2859 1432 2880 means
1449 2857 1626 2879 common.

137 2898 176 2929 of
209 2896 367 2928 Brixius'
399 2898 561 2935 Carmina,
603 2905 696 2935 1519,
733 2896 853 2927 which
879 2897 909 2926 is
1007 2895 1078 2926 116.
1108 2894 1203 2925 nihil
1217 2894 1334 2924 adhuc
1348 2891 1589 2933 responderit]
1605 2891 1656 2922 Cf.
1671 2890 1734 2928 Ep.

137 2941 309 2982 probably
324 2940 387 2970 the
405 2949 500 2970 same
518 2939 617 2970 book.
666 2939 684 2970 1
697 2942 826 2970 cannot
840 2940 909 2970 dis·
965 2940 1059 2978 1096.
1083 2947 1180 2968 121n.

138 2995 242 3016 cover
268 2994 340 3023 any
367 2993 456 3023 copy
472 2983 510 3013 of
531 2983 584 3020 it;
609 2983 682 3017 but,
702 2993 739 3013 as
763 2983 910 3014 Brixius
1009 2991 1078 3020 125.
1106 2980 1376 3021 Paraphrasim]
1403 2979 1467 3010 See
1484 2979 1547 3020 Ep.
1571 2987 1663 3008 1112.

139 3028 331 3070 published
349 3036 396 3058 no
412 3027 517 3058 other
533 3027 624 3057 book
641 3031 676 3057 :lt
706 3027 780 3057 this
808 3027 907 3058 tium».
1010 3028 1079 3056 126.
1108 3024 1267 3065 morbus]
1295 3025 1357 3055 See
1377 3023 1399 3054 1.
1424 3024 1476 3054 16.

1744 467 1803 499 105

1747 739 1810 761 110

1752 1011 1809 1043 115

1749 1283 1810 1306 120

1753 1551 1811 1584 125
