1990 3353
338 108 418 146 494
813 108 1062 148 LETTERS
1100 109 1169 147 OF
1207 109 1473 148 ERASMUs

1813 107 1936 162 [1521

371 227 731 257 ABSOLVTIsSIMO
762 227 1006 259 THEOLOGO
1036 228 1081 258 D.
1112 228 1340 259 LODOVICO
1373 229 1507 269 BERO,
1538 228 1762 258 BASILEAE
1793 228 1913 258 APVD

447 295 710 326 COLLEGIVM
741 295 846 325 DIVI
878 296 1013 326 PETRI
1044 297 1336 337 PRAEPOSITO,
1369 297 1578 327 PATRONO
1608 298 1665 327 ET
1696 297 1840 328 AMICO

586 363 969 402 INCOMPARABILI,
1002 365 1206 395 ERASMVS
1238 365 1570 396 ROTERODAMVS
1603 366 1636 395 S.
1658 366 1699 396 D.

396 434 702 472 liRVDI'rIssIME
739 434 815 483 vir,
857 434 966 472 belle
1005 435 1123 472 nobis
1156 435 1366 473 consuluit
1405 435 1625 482 Lutherus,
1663 435 1736 484 qui
1775 434 1944 473 furiosis

340 488 589 538 quibusdam
628 489 831 526 bonarum
868 489 1087 526 literarum
1121 489 1308 527 osoribus
1343 490 1651 537 optatissimum
1684 489 1819 527 telum
1853 502 1944 538 por-

340 544 455 589 rexit,
480 556 560 592 quo
589 543 777 580 saeuiant
805 543 850 580 in
880 543 1013 592 capita
1041 543 1247 581 bonorum
1276 543 1461 581 virorum
1493 544 1564 592 qui
1593 543 1774 592 simplici
1802 543 1944 582 animo

341 597 537 635 fauebant
559 597 833 646 Euangelicae
853 597 1072 643 doctrinae,
1095 600 1136 635 et
1156 598 1200 635 in
1221 599 1402 647 optimas
1421 598 1573 636 literas.
1619 600 1707 635 Aut
1727 611 1802 646 ego
1821 597 1947 646 plane

305 667 321 697 5
342 651 473 698 fallor,
491 654 563 689 aut
582 651 653 688 ille
672 652 857 690 fabulam
879 653 1081 701 optimam
1102 665 1186 689 non
1207 651 1364 700 optime
1383 652 1467 701 agit
1487 652 1699 689 hactenus.
1743 652 1944 702 Egregius

286 938 324 959 10

285 1481 324 1502 20

285 2022 326 2054 30

342 706 496 743 vindex
525 706 798 755 Euangelicae
827 706 1054 744 libertatis:
1085 719 1210 755 quam
1239 706 1298 743 ita
1323 707 1514 753 tentauit,
1544 709 1590 744 vt
1618 719 1758 744 verear
1787 719 1840 744 ne
1867 719 1945 755 pro

342 760 524 809 simplici
544 760 639 809 iugo
658 761 876 809 geminum
897 761 951 798 sit
970 761 1092 798 nobis
1112 761 1343 808 ferendum,
1367 774 1412 799 ac
1432 761 1553 799 nobis
1571 774 1649 798 vsu
1668 760 1807 798 veniat
1834 760 1944 810 quod

343 814 448 852 solet
478 814 530 852 iis
560 815 723 863 quibus,
758 816 857 852 dum
889 828 1035 864 parum
1065 815 1205 853 dextre
1238 817 1444 853 conantur
1476 815 1694 864 effringere
1725 827 1942 861 carcerem,

343 869 610 918 duplicantur
642 869 869 918 compedes,
901 870 1052 918 quique
1087 869 1309 918 pharmaco
1336 882 1484 919 parum
1514 869 1729 907 commode
1758 868 1944 907 adhibito

343 924 538 961 morbum
567 926 824 972 exasperant.
883 926 1023 972 Atque
1051 923 1139 972 ipse
1169 923 1339 972 quidem
1367 923 1554 961 fortassis
1584 923 1629 961 in
1659 925 1750 961 tuto
1778 925 1866 970 est3
1902 924 1946 961 at

344 979 463 1015 tanto
483 978 662 1016 atrocius
681 978 758 1015 hae
778 978 1020 1026 phanaticae
1044 977 1190 1016 beluae
1209 991 1253 1015 ac
1275 978 1416 1015 deuoti
1438 978 1577 1016 hostes
1605 977 1788 1015 melioris
1815 978 1945 1015 erudi-

342 1032 471 1070 tionis
494 1033 687 1070 saeuiunt
712 1032 780 1069 hic
800 1032 844 1069 in
864 1032 1070 1081 opt-imum
1092 1045 1310 1081 quemque.
1367 1031 1527 1070 Putant
1553 1031 1665 1069 enim
1693 1032 1742 1069 ad
1771 1032 1947 1069 Lutheri

344 1087 567 1124 factionem
590 1087 796 1135 pertinere
821 1087 1056 1136 quicunque
1084 1087 1232 1124 fauerit
1258 1084 1534 1135 Euangelicae
1561 1085 1847 1136 philosophiae
1873 1088 1943 1124 aut

342 1140 526 1190 politiori
554 1140 806 1178 literaturae.
865 1141 931 1179 Me
960 1141 1005 1178 in
1036 1141 1230 1178 omnibus
1259 1141 1537 1183 concionibus,
1571 1141 1615 1177 in
1649 1139 1865 1184 conuiuiis,
1900 1140 1946 1178 in

306 1209 321 1240 ;
344 1194 560 1244 colloquiis
579 1194 638 1233 sic
657 1195 844 1244 lapidant
864 1195 1073 1242 conuiciis,
1093 1197 1140 1233 vt
1161 1208 1236 1232 nec
1255 1195 1336 1245 ipsi
1356 1195 1567 1244 Stephano
1588 1207 1776 1232 cessurus
1791 1194 1944 1233 videar.

344 1249 423 1287 Ille
453 1249 582 1286 semel
611 1249 784 1287 obrutus
813 1249 940 1287 finem
969 1250 1177 1287 malorum
1206 1249 1382 1288 inuenit.
1441 1250 1530 1298 Ego
1557 1249 1650 1287 sine
1676 1249 1760 1286 fine
1787 1248 1948 1298 lapidor

345 1318 367 1342 a
388 1306 449 1341 tot
468 1303 731 1341 examinibus
751 1304 999 1350 rabularum,
1021 1304 1189 1341 interim
1210 1305 1351 1341 tamen
1370 1304 1476 1342 bene
1495 1316 1660 1341 merens
1679 1303 1728 1341 de
1747 1303 1859 1351 ipsis.

399 1359 481 1396 Res
500 1358 721 1396 acerbitate
741 1357 1077 1396 Lutheranorum
1097 1361 1139 1396 et
1158 1358 1389 1396 stoliditate
1415 1358 1676 1408 quorundam
1706 1357 1778 1407 qui
1803 1357 1947 1395 sedulo

344 1412 478 1462 magis
506 1426 631 1462 quam
660 1413 887 1461 prudenter
914 1413 1010 1450 huic
1041 1413 1154 1451 malo
1183 1413 1338 1450 mederi
1367 1415 1582 1459 conantur,
1607 1413 1651 1449 in
1680 1424 1776 1449 eum
1805 1412 1946 1449 locum

344 1467 519 1505 deducta
548 1470 610 1505 est
638 1469 686 1505 vt
709 1461 790 1516 'ego
821 1480 919 1505 sane
949 1467 1114 1505 nullum
1148 1467 1313 1505 videam
1346 1468 1505 1505 exitum
1537 1467 1618 1504 nisi
1647 1479 1712 1504 res
1739 1466 1948 1504 humanae

345 1534 496 1570 magno
518 1521 703 1559 tumultu
724 1521 987 1559 misceantur.
1049 1521 1151 1569 Quis
1170 1522 1440 1559 cacodaemon
1460 1522 1537 1559 hoc
1557 1520 1787 1571 pessimum
1805 1533 1947 1558 semen

346 1575 512 1613 miscuit
541 1576 664 1614 rebus
693 1575 970 1614 mortalium?
1025 1576 1218 1614 Adnixus
1247 1589 1354 1623 sum,
1384 1588 1480 1614 cum
1510 1588 1642 1613 essem
1672 1575 1878 1621 Coloniae,
1899 1577 1946 1613 vt

347 1630 558 1667 Lutherus
573 1630 751 1668 auferret
770 1630 935 1668 laudem
958 1630 1226 1677 obedientiae,
1245 1630 1439 1668 Pontifex
1456 1629 1699 1668 clementiae
1716 1644 1724 1667 :
1761 1632 1800 1666 et
1821 1629 1948 1678 place-

345 1684 417 1721 bat
437 1684 604 1733 regibus
623 1684 870 1733 quibusdam
891 1685 1125 1723 consilium.
1186 1685 1241 1722 Et
1264 1697 1355 1722 ecce
1381 1684 1624 1722 incendium
1652 1683 1945 1730 Demetalium,

346 1738 577 1787 Captiuitas
604 1738 870 1788 Babylonica,
895 1739 1155 1776 Assertiones
1184 1739 1280 1777 illae
1310 1739 1492 1776 nimium
1521 1738 1648 1775 fortes
1678 1737 1947 1775 reddiderunt

345 1793 517 1838 malum,
539 1794 585 1830 vt
605 1793 782 1840 videtur,
804 1793 1121 1831 immedicabile.
1183 1794 1251 1832 Sic
1275 1793 1383 1830 mihi
1406 1793 1571 1831 videtur
1592 1806 1709 1841 agere
1739 1792 1948 1829 Lutherus

347 1848 465 1896 quasi
488 1847 644 1884 seruari
669 1847 786 1884 nolit.
848 1847 1008 1885 Rursus
1037 1847 1137 1885 adeo
1165 1848 1315 1885 stolide
1345 1848 1514 1896 quidam
1542 1850 1692 1896 gerunt
1721 1859 1809 1884 rem
1838 1846 1946 1895 apud

346 1901 563 1950 populum,
585 1902 703 1950 quasi
722 1914 816 1939 cum
838 1901 1022 1939 Luthero
1042 1902 1253 1939 colludant
1273 1904 1314 1939 et
1334 1902 1379 1939 in
1399 1915 1519 1939 causa
1541 1900 1761 1939 Pontificis
1781 1913 1948 1950 praeua-

346 1955 538 1994 ricentur.
599 1956 716 2003 Quod
747 1968 878 1994 vnum
909 1958 1104 2004 superest,
1136 1956 1196 1993 mi
1224 1955 1341 2002 Bere,
1374 1969 1518 2005 precor
1545 1958 1593 1994 vt
1627 1955 1820 1994 Christus
1851 1955 1944 2004 Opt.

348 2009 454 2048 Max.
479 2009 620 2048 omnia
639 2012 775 2048 vertat
795 2010 840 2047 in
859 2010 1016 2048 bonum
1036 2024 1044 2057 3
1074 2011 1187 2048 solus
1208 2011 1320 2048 enim
1340 2010 1410 2047 ille
1430 2012 1576 2059 potest.

401 2064 659 2113 Iampridem
692 2064 830 2102 isthuc
863 2064 1096 2111 ituriebam‚
1130 2065 1200 2102 sed
1230 2066 1348 2102 erant
1377 2067 1420 2102 et
1449 2067 1549 2103 sunt
1579 2077 1682 2114 quae
1712 2077 1779 2102 me
1811 2063 1947 2101 adhuc

346 2120 616 2156 remorantur.
688 2119 814 2167 Spero
859 2131 924 2156 me
968 2119 1211 2157 adfuturum
1254 2120 1454 2157 autumno
1497 2119 1697 2168 proximo.
1767 2117 1947 2156 Interim

346 2172 538 2211 Christus
557 2175 693 2211 seruet
713 2177 752 2211 te
772 2186 866 2210 cum
886 2173 970 2211 tuis
990 2174 1184 2211 omnibus
1204 2173 1470 2212 incolumem.
1922 2177 1923 2181 ’

401 2227 526 2265 Loua.
552 2228 657 2277 prid.
683 2227 745 2266 Id.
767 2227 906 2265 Maias.
933 2229 1013 2265 An.
1038 2240 1216 2266 M.D.x):1.

390 2317 453 2338 TIT.
473 2316 739 2338 Ansowmssmo
755 2317 935 2338 THEoLoeo
953 2307 1044 2338 FN3:
1069 2318 1125 2338 om.
1146 2307 1202 2339 N2.
1582 2307 1656 2337 FN3
1673 2318 1679 2338 :
1703 2316 1874 2338 Lvnovmo
1890 2305 1947 2338 ΝΞ.

348 2361 504 2381 ΡΑΤκυΝο
522 2375 529 2381 .
551 2375 556 2381 .
576 2375 582 2382 .
604 2360 883 2382 INCOMPARABILI
898 2350 972 2382 FN³
987 2364 993 2382 :
1016 2362 1076 2383 om.
1094 2350 1150 2382 N2.

1301 2317 1334 2338 D.
1353 2317 1411 2337 om.
1429 2310 1470 2337 H.

396 2449 444 2470 10.
470 2441 509 2469 in
525 2440 613 2478 tuto]
631 2439 766 2470 Luther
782 2440 854 2470 had
872 2441 960 2470 been
977 2440 1114 2470 carried

350 2482 399 2512 off
412 2484 447 2513 to
465 2483 526 2513 the
546 2483 741 2521 Wartburg
757 2493 802 2513 on
818 2494 837 2521 4
855 2484 947 2523 May.
996 2483 1049 2514 On
1076 2493 1113 2522 15

351 2526 432 2565 May
461 2526 561 2556 Duko
590 2526 779 2556 Frederick
808 2527 846 2557 of
873 2527 1015 2565 Saxony
1042 2537 1115 2557 was

350 2570 492 2608 willing
517 2572 553 2599 to
579 2579 692 2599 swear
716 2572 753 2600 to
778 2571 968 2609 ignorance
994 2571 1032 2600 of
1059 2571 1116 2601 his

348 2612 430 2644 fate.
479 2614 542 2643 See
567 2613 762 2652 Creighton
786 2624 819 2646 v.
845 2615 914 2652 156.
964 2614 1018 2645 Cf.
1041 2614 1116 2644 also

350 2657 412 2696 Ep.
435 2666 527 2686 1221.
545 2658 625 2694 3611.

393 2709 446 2730 22.
471 2700 648 2739 Coloniae]
667 2702 730 2730 See
747 2710 804 2740 pp.
818 2711 936 2740 370—1.

394 2753 444 2781 23.
471 2744 695 2783 clementiae]
713 2744 766 2774 Cf.
783 2745 842 2783 Ep.
867 2746 961 2782 1183.
978 2746 1075 2784 655.

394 2798 444 2825 24.
471 2787 678 2827 consilinm}
694 2788 757 2818 Sec
774 2787 837 2826 Ep.
859 2798 942 2827 1149
958 2788 1088 2818 introd.

439 2830 649 2860 incendium
689 2831 943 2872 Decretalium]
980 2832 1117 2862 Luther

353 2874 460 2904 lun-nt
492 2875 608 2913 copies
633 2874 671 2903 of
700 2875 763 2904 the
796 2875 904 2905 books
928 2876 965 2905 of
993 2875 1115 2906 Canon

352 2918 435 2948 Law
460 2917 622 2956 together
645 2918 733 2947 with
758 2918 820 2949 the
844 2919 939 2958 Bull,
970 2928 1009 2948 10
1033 2919 1115 2949 Deo.

354 2970 458 3000 15203
483 2970 538 2990 sco
557 2959 641 2991 LE2.
662 2971 782 3000 374-5.

394 3013 446 3042 25.
473 3004 683 3044 Captiuitas]
708 3005 772 3035 See
800 3005 863 3045 Ep.
890 3015 980 3044 1153.
1006 3007 1113 3044 146113

1183 2440 1265 2479 and,
1292 2440 1346 2470 sor
1373 2441 1434 2470 the
1466 2441 1567 2471 effect
1599 2440 1679 2471 that
1710 2441 1740 2470 it
1770 2439 1949 2479 produced

1185 2494 1280 2523 upon
1304 2484 1487 2514 moderate
1515 2485 1674 2524 opinion,
1703 2484 1766 2523 Ep.
1790 2483 1883 2514 1186.
1915 2484 1946 2513 6.

1185 2527 1312 2558 Fishor
1333 2527 1468 2566 replied
1484 2529 1521 2558 to
1545 2528 1620 2558 this
1643 2527 1714 2557 and
1732 2527 1793 2557 the
1808 2530 1950 2557 Assertio

1186 2571 1349 2609 together
1372 2572 1411 2601 in
1443 2574 1636 2602 Asserlionz's
1657 2573 1852 2601 Lutlzeranoae
1874 2573 1949 2600 Cun-

1179 2617 1306 2654 sulatio,
1323 2615 1509 2653 Antwerp,
1525 2614 1715 2652 MHillen,
1727 2614 1838 2644 2Jan.
1857 2623 1950 2652 1523.

1271 2658 1508 2699 Assertiones]
1539 2661 1677 2688 Assertio
1706 2661 1848 2688 omnium
1874 2660 1952 2687 arti-

1185 2705 1320 2731 culorum
1342 2704 1384 2731 M.
1408 2705 1538 2732 Lumen·
1556 2712 1614 2738 per
1634 2704 1761 2732 Bullam
1784 2703 1893 2732 Leonis
1914 2703 1953 2731 X

1185 2749 1392 2775 muissimcwz
1430 2748 1664 2782 damnatorum,
1712 2744 1946 2783 XVittenberg.

1185 2787 1253 2829 (M.
1275 2787 1428 2830 Lottvr),
1449 2798 1553 2827 1520;
1576 2788 1668 2819 with
1688 2787 1825 2827 preface
1843 2787 1949 2818 dated

1189 2841 1202 2861 1
1223 2833 1302 2863 Due.
1326 2842 1408 2871 1520
1426 2832 1523 2871 <LE-2
1544 2833 1634 2873 369).
1682 2832 1734 2863 Cf.
1748 2831 1834 2871 Epp.
1858 2841 1949 2870 1195.

1185 2877 1359 2915 63·64nn,
1382 2877 1474 2913 1263.
1494 2886 1524 2914 5.

1230 2929 1283 2955 31.
1310 2919 1512 2958 itm-iebam3
1545 2918 1595 2950 Cf.
1627 2918 1715 2958 Epp.
1750 2917 1842 2956 1078.
1865 2918 1946 2956 6211,

1188 2964 1280 3001 1189.
1304 2973 1356 2993 111.

1226 3017 1278 3045 32.
1304 3006 1490 3046 autumno]
1507 3006 1570 3036 See
1588 3016 1620 3045 p.
1638 3005 1711 3044 598.
