1990 3353
110 125 184 163 109
191 108 231 165 5]
424 110 577 150 FROM
609 108 945 149 WILLIBALD
982 108 1393 149 PIRCKHEIMER
1627 107 1707 146 247

107 220 153 260 Si
181 219 402 270 quisquam
430 220 577 259 fuisset
605 219 789 270 nequior,
819 219 856 257 si
884 218 1102 269 quisquam
1130 217 1325 265 insanior,
1354 216 1467 256 hunc
1495 215 1576 255 sibi
1600 216 1706 254 dele-

109 274 267 324 gissent
299 274 426 313 huius
458 274 707 324 prouinciae,
745 286 872 323 quam
905 272 991 310 iam
1026 272 1186 321 pridem
1223 273 1366 321 agunt,
1403 270 1706 321 proconsulem.

108 328 253 379 Neque
280 328 394 367 enim
425 341 583 367 nouum
612 329 674 366 est
700 327 808 378 quod
835 328 979 377 agunt.
1037 326 1168 365 Vetus
1195 326 1272 364 hoc
1297 325 1391 364 istis
1417 325 1605 363 studium
1631 327 1704 372 est,

107 383 342 432 insignium
361 383 550 421 virorum
577 382 734 421 famam
760 383 1054 428 contemerare,
1079 383 1120 419 et
1146 381 1306 431 optima
1331 378 1578 418 conantibus
1604 378 1709 416 obsi·
1729 389 1770 419 80

109 438 228 476 stere.
289 437 398 475 Nam
432 439 479 476 vt
511 436 740 475 vetustiora
772 437 1088 486 praetereamus,
1123 448 1228 484 quae
1265 447 1361 484 pars
1395 433 1507 472 orbis
1544 433 1710 482 ignorat

108 504 234 541 quam
249 490 465 541 peruersis,
484 504 608 541 quam
623 489 945 540 sycophanticis,
963 502 1088 540 quam
1105 489 1314 527 sceleratis
1328 486 1710 527 machinationibus

108 546 353 584 vexauerint
390 545 598 595 inclytum
636 546 677 583 et
715 544 873 594 optime
910 543 961 582 de
999 543 1232 587 Germania,
1274 542 1431 593 optime
1469 542 1518 580 de
1557 541 1710 580 litteris

109 599 309 638 meritum
330 599 621 649 Capnionem‘?
667 600 714 637 vt
732 598 908 637 interim
927 597 1072 637 sileam
1097 597 1362 647 spurcissima
1386 595 1582 644 conuicia,
1607 608 1710 646 quae

110 654 156 692 in
175 653 379 692 eximium
398 654 522 692 illum
548 666 593 692 ac
618 666 712 692 vere
737 665 986 702 generosum
1012 652 1154 691 Nouae
1181 651 1362 701 Aquilae
1386 651 1605 698 Comitem,
1631 662 1711 699 que
1729 660 1769 700 85

109 708 155 747 in
184 707 369 746 nobilem
400 707 653 755 Huttenum,
684 707 864 757 denique
890 706 937 745 in
966 719 1034 744 me
1062 708 1103 745 et
1127 719 1273 745 omnes
1300 704 1528 756 Capnionis
1556 703 1711 743 amicos

109 764 399 801 euomuerunt.
457 762 564 810 Quid
590 775 675 800 non
699 761 838 800 moliti
858 762 960 800 sunt
978 761 1023 799 in
1044 760 1253 810 optimum
1273 760 1473 799 Iacobum
1494 758 1677 797 Fabrum
1690 759 1710 797 ⁶?

109 816 218 855 Nam
256 829 360 866 quae
397 817 596 855 aduersus
634 816 867 854 Lutherum
906 815 1155 865 iampridem
1199 814 1495 853 machinantur
1535 813 1710 852 forsitan

109 874 244 910 tacere
272 872 478 921 praestat,
518 884 570 908 ne
599 883 666 909 me
695 883 869 920 quoque,
899 870 1009 920 quod
1036 870 1122 908 iam
1149 869 1221 907 diu
1246 882 1378 919 egere,
1402 868 1480 907 sub
1504 866 1712 906 amiciciae

108 924 225 964 illius
243 927 459 975 praetextu
478 925 523 963 in
543 924 609 963 ius
629 925 804 975 rapiant,
827 937 873 963 ac
899 924 949 962 de
975 923 1152 963 crimine
1177 923 1358 962 haeresis
1384 935 1549 961 causam
1576 922 1712 959 dicere
1731 940 1774 973 90

111 982 270 1030 cogant.
328 979 487 1018 Verum
507 979 613 1017 illud
640 979 785 1017 nullus
809 978 983 1028 ignorat,
1006 991 1054 1017 eo
1081 978 1332 1017 temeritatis
1358 977 1453 1016 illos
1478 988 1713 1027 progressos

110 1047 200 1072 esse
218 1035 264 1072 vt
284 1036 325 1072 et
352 1033 550 1072 Pontifici
576 1046 753 1081 summo,
776 1034 826 1072 ad
853 1046 976 1083 quem
1002 1033 1217 1083 praecipue
1244 1032 1418 1071 huiusce
1446 1032 1506 1069 rei
1532 1030 1712 1079 cognitio

110 1089 280 1138 spectat,
305 1088 524 1138 negocium
550 1089 644 1135 hoc,
665 1088 774 1137 quod
801 1100 898 1126 eum
924 1090 1016 1127 tum
1044 1087 1087 1125 in
1113 1086 1309 1125 manibus
1334 1086 1485 1125 habere
1511 1085 1710 1132 sciebant,

111 1142 373 1190 extorserint,
399 1145 440 1180 et
459 1142 704 1192 priusquam
724 1142 792 1181 ille
813 1142 1067 1181 sententiam
1087 1142 1266 1189 tulisset,
1290 1141 1504 1180 haereseos
1524 1139 1713 1178 condem-

111 1197 307 1236 nauerint
326 1198 524 1235 autorem.
1732 1214 1773 1247 95

167 1250 388 1290 Caeterum
413 1264 488 1301 per
508 1250 682 1298 Gratias,
705 1250 804 1300 quid
825 1250 935 1289 aliud
955 1252 1018 1289 tot
1041 1249 1339 1300 sycophantiis,
1369 1248 1532 1300 probris
1554 1261 1600 1286 ac
1620 1260 1716 1286 con-

112 1304 232 1344 uiciis
249 1305 418 1344 effecere
434 1318 558 1355 quam
575 1305 685 1355 quod
705 1318 824 1343 suam
838 1305 1110 1343 stoliditatem
1126 1318 1265 1354 parem
1280 1304 1468 1342 maliciae
1482 1303 1713 1349 traduxere,

111 1373 239 1410 seque
258 1360 344 1398 Deo
363 1360 517 1409 pariter
536 1373 581 1398 30
601 1359 844 1398 hominibus
863 1359 1078 1398 reddidere
1098 1359 1257 1398 inuisos
1270 1360 1290 1398 ‘?
1346 1358 1563 1407 Siquidem
1583 1370 1629 1395 eo
1649 1369 1716 1394 res

111 1414 283 1453 illorum
303 1414 425 1463 culpa
447 1414 622 1452 deducta
642 1416 716 1461 est,
738 1415 783 1451 vt
801 1413 885 1452 iam
906 1413 1013 1452 nihil
1034 1413 1168 1463 magis
1186 1413 1345 1462 placeat
1364 1412 1486 1450 bonis
1507 1410 1712 1457 omnibus,

113 1481 240 1518 quam
260 1469 369 1518 quod
390 1468 482 1507 istis
502 1468 685 1507 maxime
705 1467 905 1518 displicet,
923 1468 1040 1518 isque
1061 1467 1244 1517 optimus
1265 1480 1353 1506 esse
1365 1467 1556 1506 videatur
1571 1466 1621 1504 de
1635 1477 1716 1514 quo
1737 1479 1801 1503 100

113 1522 195 1572 ipsi
228 1523 406 1573 pessime
440 1522 637 1561 sentiant.
695 1522 830 1561 Macte
860 1522 989 1572 igitur
1018 1522 1186 1569 virtute,
1222 1522 1294 1571 qui
1325 1521 1478 1571 dignus
1511 1521 1569 1558 sis
1600 1520 1716 1558 visus

112 1590 236 1628 quem
255 1576 532 1627 impurissimi
551 1576 827 1626 sycophantae
845 1590 918 1627 per
938 1576 1305 1615 sceleratissimum
1320 1575 1567 1614 histrionem
1582 1574 1716 1612 Leum

113 1630 339 1670 virulentis
371 1632 459 1670 suis
492 1631 724 1670 maledictis
762 1631 1031 1670 incesserent.
1090 1630 1217 1669 Haud
1257 1631 1371 1668 enim
1409 1629 1555 1668 maiori
1592 1628 1715 1667 laude

114 1685 260 1724 extolli
279 1688 445 1735 poteras
461 1699 584 1735 quam
600 1687 646 1724 vt
666 1685 816 1724 talium
832 1685 1037 1724 ornareris
1049 1685 1284 1734 vituperiis,
1305 1698 1377 1723 nec
1389 1696 1576 1734 vnquam
1595 1682 1717 1721 bonis

115 1742 155 1778 et
188 1739 362 1779 eruditis
390 1740 586 1790 placeres,
622 1740 706 1779 nisi
740 1740 823 1778 Leo
857 1740 1013 1790 Leique
1042 1739 1252 1778 similibus
1280 1739 1459 1778 indoctis
1487 1737 1717 1788 hypocritis
1739 1752 1800 1785 105

115 1862 178 1892 ego
194 1853 321 1884 maiori
338 1851 581 1883 admiracione
597 1851 748 1883 ducerer
763 1852 803 1883 ni
819 1851 955 1883 multos
971 1852 1027 1882 sui
1043 1851 1183 1882 similes
1200 1861 1240 1881 ac
1253 1851 1416 1882 eiusdem
1432 1851 1570 1881 farinae
1584 1849 1718 1890 reperi-

116 1899 182 1928 ret.
215 1897 306 1927 Nam
323 1906 386 1936 per
410 1896 612 1927 imortalem
638 1896 766 1932 Deum,
783 1896 840 1926 cui
863 1895 954 1926 bono
978 1895 1174 1926 nebulones
1191 1895 1253 1926 isti
1269 1904 1429 1934 vnquam
1454 1894 1719 1935 pepercerunt‘.>

116 1942 154 1971 et
170 1942 208 1971 vt
224 1940 425 1971 vetustiora
441 1941 718 1979 praetereamus,
739 1939 819 1979 quis
842 1940 981 1979 ignorat
1003 1949 1110 1978 quam
1126 1939 1304 1979 peruersis
1320 1938 1463 1969 technis
1480 1940 1516 1968 et
1539 1937 1720 1968 sceleratis

116 1983 446 2014 machinationibus
461 1983 599 2023 optimo
615 1985 651 2014 et
668 1983 875 2014 doctissimo
891 1983 1070 2022 Capnioni
1087 1982 1272 2013 illuserint
1285 1984 1301 2013 *Β
1323 1994 1353 2013 α.
1488 1982 1541 2020 84.
1567 1981 1719 2021 spurcis-

117 2027 209 2058 sima
221 2029 263 2062 B:
287 2028 416 2068 probra
432 2029 468 2057 et
485 2038 516 2058 α.
658 2027 711 2066 85.
738 2027 912 2057 eximium
929 2027 1035 2057 illum
1053 2037 1091 2057 ac
1107 2036 1188 2057 vere
1204 2029 1276 2057 add.
1295 2027 1327 2060 β.
1420 2035 1488 2065 que
1505 2026 1543 2055 in
1562 2024 1720 2055 nobilem

117 2074 192 2102 add.
218 2073 252 2106 β.
400 2072 452 2102 86.
480 2071 635 2109 denique
660 2071 699 2101 in
723 2073 797 2102 acld.
824 2072 858 2105 β.
1006 2071 1058 2110 87.
1085 2071 1325 2101 euomuerunt
1348 2070 1395 2103 B:
1418 2068 1663 2100 eructauerint
1688 2079 1719 2099 α.

118 2114 210 2154 Quid
225 2124 299 2145 non
316 2137 324 2146 .
347 2138 355 2147 .
372 2139 378 2146 .
396 2115 449 2154 89.
467 2124 569 2154 egere
586 2116 608 2148 β
624 2127 630 2147 :
647 2114 818 2154 Quinimo
834 2113 977 2145 inuidia
993 2115 1164 2153 exagitati
1179 2124 1243 2144 nec
1256 2123 1276 2143 a
1289 2113 1344 2143 sui
1357 2113 1496 2143 ordinis
1510 2112 1719 2143 abstineant

119 2158 339 2189 hominibus.
394 2158 487 2189 Nam
512 2160 633 2198 preter
656 2160 773 2189 cetera
797 2158 886 2198 quid
910 2159 1133 2188 intentatum
1159 2157 1335 2196 reliquere
1358 2159 1398 2187 vt
1422 2156 1543 2187 diuam
1569 2156 1719 2186 Mariam

119 2201 356 2242 Magdalenen
372 2202 542 2232 assertori
558 2211 621 2232 suo
638 2201 751 2233 Fabro
767 2202 947 2241 eriperent
963 2203 999 2232 et
1023 2211 1103 2232 cum
1128 2201 1348 2241 turpissimis
1371 2201 1496 2231 scortis
1520 2201 1559 2230 in
1583 2199 1721 2230 olidum

119 2246 270 2286 lupanar
286 2245 520 2276 detruderent
534 2247 550 2276 ἱ)
577 2255 657 2276 cum
676 2248 800 2276 tamen
816 2246 936 2285 potius
952 2245 1091 2276 deceret
1109 2246 1147 2275 in
1165 2256 1202 2275 re
1218 2247 1292 2275 tam
1310 2244 1419 2275 dubia
1435 2253 1513 2274 eam
1530 2243 1630 2282 sequi
1647 2242 1721 2282 opi—

122 2290 267 2321 nionem
293 2299 361 2329 que
385 2289 429 2319 ad
452 2290 624 2328 pietatem
648 2289 828 2320 accederet
852 2289 1010 2329 propius.
1057 2288 1150 2328 Quae
1168 2298 1251 2319 vero
1271 2290 1395 2319 contra
1420 2288 1619 2318 Lutherum
1644 2286 1722 2316 ausi

119 2334 213 2372 sunt,
233 2333 385 2364 forsitan
401 2334 517 2364 tacere
542 2334 707 2373 praestat,
727 2343 772 2363 ne
796 2343 861 2363 nos
884 2342 1023 2372 quoque
1046 2344 1076 2364 α.
1213 2342 1266 2371 91.
1292 2332 1425 2362 Verum
1448 2331 1541 2362 illud
1559 2330 1683 2360 nullus
1699 2331 1722 2364 β

124 2376 233 2408 *illud
258 2378 300 2411 B:
332 2377 368 2407 id
391 2376 467 2417 N):
499 2376 536 2407 id
560 2377 659 2407 enim
684 2378 757 2407 iam
780 2376 918 2416 pridem
944 2375 1141 2407 machinati
1166 2378 1262 2407 sunt.
1309 2376 1442 2407 Verum
1468 2375 1534 2406 hoc
1558 2383 1665 2405 nemo
1690 2385 1722 2406 α.

121 2430 177 2460 93.
203 2421 390 2460 negocium
410 2420 475 2450 hoc
487 2420 581 2459 quod
594 2421 636 2455 βε
661 2430 801 2451 causam
816 2429 921 2459 quam
938 2432 967 2450 α.
1073 2430 1125 2458 94.
1152 2419 1295 2450 tulisset
1312 2421 1353 2453 βε
1377 2418 1504 2449 tulerIt
1520 2430 1550 2449 α.
1642 2417 1722 2448 hae-

121 2474 238 2495 reseos
255 2466 276 2493 6
291 2475 299 2494 t
323 2464 366 2495 (le
382 2463 500 2494 heresi
518 2476 548 2494 α.
613 2465 658 2497 αβ
670 2465 680 2480 ²
699 2475 706 2494 ι
730 2464 1064 2494 condemnauerunt
1081 2463 1128 2497 [3¹.
1221 2464 1274 2502 96.
1302 2463 1434 2502 gratias
1450 2464 1473 2496 β
1488 2473 1493 2493 ;
1521 2461 1721 2492 imortalem

125 2508 241 2539 Deum
259 2519 290 2538 α.
389 2517 428 2538 30
444 2508 467 2541 β
483 2519 490 2538 :
513 2510 548 2538 et
565 2519 596 2537 α.
767 2518 819 2547 97.
845 2517 947 2538 suam
965 2507 1201 2537 stoliditatem
1218 2516 1341 2546 parem
1358 2506 1522 2537 maliciae
1539 2507 1561 2540 β
1579 2517 1586 2536 z
1610 2506 1724 2536 semet

124 2553 216 2592 ipsos
233 2563 264 2582 α.
396 2551 449 2590 98.
476 2561 581 2591 seque
598 2552 620 2585 β
636 2562 643 2581 :
667 2554 703 2581 et
720 2563 750 2582 α.
842 2552 980 2582 inuisos
997 2552 1018 2585 β
1035 2562 1042 2581 :
1066 2551 1202 2581 odiosos
1218 2562 1249 2581 α.
1382 2560 1434 2589 99.
1461 2550 1532 2580 iam
1549 2549 1644 2579 nihil
1664 2573 1670 2580 .
1689 2572 1697 2581 .
1716 2573 1724 2580 .

126 2604 199 2627 100.
227 2595 328 2634 isque
355 2595 397 2628 B:
439 2604 511 2625 non
542 2595 657 2625 solum
695 2595 801 2635 vulgo
840 2594 1042 2635 preclarum
1083 2594 1281 2633 theologiae
1315 2593 1525 2624 vocabulum
1565 2592 1725 2623 ludibrio

125 2639 308 2677 habeatur,
325 2638 386 2668 sed
403 2639 438 2668 et
462 2637 617 2677 theologi
642 2639 711 2677 ipsi
729 2638 788 2677 (de
809 2639 1010 2678 personatis
1034 2638 1174 2678 loquor)
1191 2638 1377 2676 quibusuis
1401 2637 1532 2668 scurris
1555 2638 1591 2667 et
1615 2636 1725 2666 nebu-

125 2683 267 2714 lonibus
291 2681 527 2721 improbiores
551 2684 779 2721 censeantur,
798 2693 838 2713 ac
863 2683 892 2712 is
910 2694 941 2713 a.
1078 2690 1148 2711 101.
1174 2683 1338 2712 sentiunt
1360 2683 1400 2712 H.
1507 2681 1555 2711 sis
1574 2706 1580 2711 .
1598 2704 1604 2710 .
1622 2703 1629 2710 .
1654 2689 1726 2718 103.

127 2727 348 2757 incesserent
372 2726 416 2759 B:
443 2726 541 2756 visus
568 2735 604 2756 es
636 2726 673 2755 in
706 2735 812 2764 quem
844 2725 1083 2765 impurissimi
1109 2724 1375 2756 halucinatores
1401 2725 1631 2764 spurcissima
1662 2733 1723 2754 sua

127 2770 316 2800 effutirent
341 2768 530 2799 maledicta
556 2780 587 2801 α.
740 2779 812 2808 104.
839 2769 965 2800 extolli
993 2770 1041 2803 B:
1067 2768 1156 2798 affici
1184 2780 1215 2798 α.
1325 2771 1363 2799 vt
1391 2768 1522 2799 talium
1547 2768 1725 2798 ornareris

128 2813 319 2853 vituperiis
335 2813 358 2846 β
373 2823 380 2843 :
403 2814 467 2843 tan
484 2812 630 2842 sceleste
646 2813 842 2852 vituperari
861 2824 892 2843 α.
1082 2821 1154 2850 105.
1180 2813 1248 2843 Leo
1266 2835 1272 2842 .
1294 2835 1301 2843 .
1321 2836 1327 2842 .
1349 2813 1420 2842 106.
1453 2811 1661 2850 displiceres
1678 2812 1700 2844 β
1716 2821 1722 2842 :

129 2860 204 2887 tam
222 2856 378 2887 indoctis
395 2857 429 2886 et
447 2856 611 2895 pessimis
628 2856 686 2886 his
702 2856 910 2895 displiceres
927 2855 1137 2895 hipocritis:
1163 2856 1223 2894 qui
1250 2858 1284 2886 et
1308 2856 1485 2895 optimum
1503 2855 1725 2894 Capnioncin

172 2966 226 3004 85.
247 2966 368 2996 Nouae
385 2965 556 3006 Aquilae]
575 2965 627 2996 Cf.
644 2966 730 3005 Epp.
746 2967 818 3005 877.
835 2976 898 2996 21—
1010 2966 1061 3003 87.
1088 2963 1257 3005 Fabrum]
1278 2965 1327 2995 Cf.
1350 2964 1414 3004 Ep.
1434 2974 1528 3003 1030.
1546 2964 1619 3000 4-6.

129 3019 158 3048 2,
179 3010 254 3049 889.
276 3019 373 3048 42-3.
1012 3020 1064 3048 90.
1092 3008 1263 3049 haeresis]
1281 3008 1332 3039 Cf.
1353 3008 1415 3047 Ep.
1441 3008 1531 3038 1182.
1552 3017 1608 3044 411.
