1990 3353
295 90 375 128 602
757 89 1009 129 LETTERS
1047 90 1118 129 OF
1157 89 1423 129 ERASMUS
1770 90 1890 144 [1521

352 199 469 248 Quod
491 212 655 249 operam
676 211 793 237 suam
814 198 920 237 mihi
940 201 1024 237 tam
1047 212 1248 249 propense
1265 199 1385 237 offert
1406 203 1477 237 tua
1497 199 1741 249 benignitas,
1765 200 1897 250 magis

296 254 492 292 conuenit
511 256 558 292 vt
578 266 716 292 meam
737 253 814 291 tibi
834 253 1015 301 offeram,
1034 253 1222 292 tantulus
1242 253 1370 291 cliens
1389 256 1562 303 patrono
1582 256 1711 292 tanto.
1771 253 1896 297 Fauo-

298 321 384 346 rem
405 321 450 346 ac
471 308 658 347 studium
679 307 929 357 amplector:
959 321 1040 358 quo
1060 307 1166 346 mihi
1186 320 1298 346 nunc
1328 308 1385 345 sic
1406 320 1509 357 opus
1528 311 1590 346 est
1611 310 1656 346 vt
1682 321 1897 358 nunquam

235 375 274 406 35
295 362 397 400 alias
426 375 566 412 aeque,
591 362 815 400 aduersum
846 363 1046 412 quosdam
1077 362 1216 400 odiose
1246 362 1479 400 coniuratos
1508 362 1552 400 in
1585 363 1713 401 bonas
1741 362 1893 410 literas,

296 420 337 454 et
366 416 617 466 repullulare
651 417 895 467 gestientem
927 418 1108 454 veterem
1138 416 1257 454 illam
1285 429 1330 454 ac
1359 429 1601 466 germanam
1629 416 1893 465 theologiam.

297 471 483 519 Quorum
513 473 630 509 tanta
659 474 722 509 est
750 470 1005 520 improbitas,
1028 474 1074 509 vt
1105 485 1170 509 me
1196 484 1502 520 nonnunquam
1531 483 1719 509 mearum
1739 470 1899 520 vigilia-

297 538 390 563 rum
423 526 726 575 propemodum
759 525 979 575 poeniteat.
1040 525 1210 563 Velium
1243 525 1352 563 mihi
1386 525 1532 563 multis
1567 525 1702 563 modis
1733 524 1898 574 optatis-

296 580 453 618 simum
484 580 675 618 nondum
704 579 845 617 videre
874 579 1002 618 licuit.
1062 579 1106 617 Is
1135 579 1351 629 epistolam
1381 579 1549 629 reliquit
1577 579 1686 629 apud
1719 579 1898 627 amicos3

236 646 277 677 40
296 634 607 683 munusculum,
631 634 740 684 quod
770 633 901 672 animi
929 634 975 672 in
1006 647 1072 672 me
1102 634 1165 672 tui
1193 634 1345 683 pignus
1374 647 1462 672 esse
1492 633 1675 681 voluisti,
1706 633 1793 683 ipse
1824 637 1900 671 tra-

297 688 459 727 diturus
479 702 608 739 quum
637 688 804 726 dabit-ur
824 688 1029 738 congredi.
1088 688 1171 726 Pro
1199 689 1324 729 sacris
1349 688 1433 726 tuis
1459 687 1654 726 manibus
1679 687 1899 737 epistolam

297 743 461 793 saepius
481 743 742 782 exosculatus
763 756 867 790 sum,
890 746 961 781 tua
981 757 1118 790 manu,
1143 749 1187 780 vt
1209 744 1384 789 testaris,
1408 742 1670 792 descriptam.
1707 742 1899 781 Christus

298 800 380 846 opt.
407 811 513 836 max.
538 797 825 836 celsitudinem
845 800 960 836 tuam
981 797 1102 836 nobis
1122 800 1259 836 seruet
1279 797 1547 836 incolumem.

689 1013 870 1068 12431272
931 1013 996 1054 To
1032 1014 1317 1055 STANisLAus
1349 1012 1502 1053 Tufizo

349 1123 537 1170 Epistolae
557 1124 604 1159 ad
622 1124 787 1160 diuersos
805 1137 839 1170 p.
859 1127 939 1170 639.
1602 1123 1721 1158 Basle.

349 1182 440 1217 HN:
467 1182 583 1218 Lond.
603 1182 690 1219 xvii.
709 1193 753 1227 9:
781 1183 853 1218 LB.
876 1185 954 1228 598.
1457 1193 1500 1217 22
1525 1181 1732 1217 November
1756 1189 1855 1225 1521.

347 1280 436 1320 [The
455 1280 523 1310 last
541 1281 649 1311 letter
665 1281 704 1311 in
721 1281 748 1311 F
764 1281 803 1311 in
816 1282 920 1320 point
937 1282 975 1312 of
990 1282 1099 1320 time3
1125 1284 1270 1313 written
1295 1281 1433 1321 shortly
1451 1282 1543 1311 after
1567 1278 1746 1311 Erasmus'
1772 1276 1905 1309 arrival

304 1325 340 1353 in
360 1324 473 1354 Basle.
522 1324 596 1355 The
613 1325 799 1365 year-date
815 1325 929 1356 added
947 1326 984 1356 in
1003 1325 1037 1356 H
1056 1327 1087 1356 is
1104 1326 1284 1357 therefore
1301 1323 1630 1365 unquestionable.]

362 1440 570 1471 ERASMVS
605 1440 703 1470 ROT.
731 1440 772 1470 R.
795 1440 835 1470 P.
859 1440 1123 1477 sTANstLAO,
1158 1440 1371 1471 EPISCOPO
1403 1438 1706 1477 OLMVTCENSI,
1738 1439 1770 1468 S.
1803 1437 1843 1467 D.

356 1521 441 1559 V1x
461 1521 690 1570 superiores
709 1521 851 1559 literas
875 1521 927 1558 ad
952 1523 992 1558 te
1017 1533 1130 1559 meas
1159 1520 1433 1569 obsignaram,
1455 1519 1600 1557 Velius
1619 1519 1670 1557 ad
1690 1518 1905 1566 acceptum

303 1575 508 1614 aduentus
536 1575 670 1613 nostri
698 1587 921 1622 rumorem,
944 1575 1152 1613 Basileam
1182 1574 1494 1613 reuolat—-nam
1523 1574 1629 1611 forte
1654 1571 1904 1620 Friburgum

304 1631 386 1667 iam
426 1629 784 1679 commigrarat—-‚
822 1629 1120 1667 munusculum
1151 1632 1245 1667 tuae
1279 1628 1538 1667 celsitudinis
1571 1627 1747 1673 exhibet,
1784 1627 1905 1675 atque

305 1684 403 1722 adeo
436 1684 495 1722 sic
533 1683 670 1722 modis
713 1684 909 1722 omnibus
947 1685 1220 1732 commendat,
1261 1686 1306 1722 vt
1344 1683 1452 1721 mihi
1489 1695 1573 1720 non
1608 1682 1747 1720 minus
1780 1679 1906 1717 fuerit

268 1757 284 1787 5
305 1741 471 1788 gratum
488 1751 612 1787 quam
633 1738 667 1776 si
689 1738 810 1787 longe
832 1737 1001 1776 maioris
1021 1737 1169 1776 fuisset
1191 1738 1327 1787 precii.
1376 1737 1471 1789 Ipse
1484 1737 1628 1775 Velius
1648 1735 1754 1773 mihi
1774 1735 1906 1772 factus

303 1796 366 1831 est
397 1793 520 1841 longe
557 1793 719 1830 charior
751 1806 877 1842 quam
915 1795 1011 1830 ante
1050 1793 1194 1838 fuerat,
1233 1805 1283 1829 ex
1318 1791 1545 1841 degustatis
1575 1789 1732 1840 ingenii
1766 1801 1907 1826 monu-

307 1847 470 1894 mentis,
504 1847 555 1885 ob
585 1846 872 1885 incredibilem
905 1859 1070 1884 morum
1106 1847 1356 1893 comitatem,
1389 1858 1519 1895 quum
1553 1846 1630 1884 hoc
1663 1844 1746 1882 fere
1777 1855 1907 1893 genus

304 1902 525 1939 hominum
546 1901 676 1939 soleat
696 1901 873 1939 alienius
892 1914 978 1939 esse
1004 1914 1028 1938 a
1055 1914 1176 1939 sensu
1198 1901 1424 1939 communi.
1482 1900 1609 1938 Visus
1628 1903 1692 1938 est
1711 1902 1751 1936 et
1772 1897 1907 1935 multo

304 1956 463 1993 felicior
501 1968 626 2004 quam
671 1955 966 1994 existimaram.
1039 1955 1233 1993 Primum
1279 1957 1364 2004 ipse
1403 1955 1540 1993 cultus
1577 1953 1824 2004 magnificus
1862 1964 1907 1988 ac

249 2026 288 2047 10
305 2010 463 2048 nitidus
493 2011 703 2048 fortunam
732 2010 868 2059 arguit
897 2010 999 2047 satis
1028 2010 1196 2048 lautam.
1258 2009 1416 2047 Deinde
1447 2009 1628 2058 corporis
1655 2008 1812 2057 species
1843 2006 1908 2042 de-

305 2065 443 2111 clarat,
468 2077 557 2103 rara
586 2065 773 2102 numinis
802 2064 1070 2113 indulgentia,
1096 2064 1261 2114 ingenio
1290 2063 1530 2101 felicissimo
1557 2061 1816 2100 domicilium
1845 2074 1907 2099 ae·

306 2132 383 2168 que
405 2119 502 2156 felix
523 2119 755 2168 contigisse.
817 2118 908 2156 Non
929 2118 1002 2156 abs
1034 2132 1074 2156 re
1093 2118 1165 2156 ille
1188 2123 1302 2156 tuam
1323 2117 1646 2167 amplitudinem
1666 2117 1724 2154 sic
1744 2127 1909 2153 venera·

305 2183 374 2211 tur
408 2186 450 2211 ac
484 2173 701 2221 praedicat.
761 2172 992 2210 Vener-atur
1024 2175 1163 2210 autem
1196 2186 1280 2210 non
1312 2185 1426 2210 secus
1460 2186 1505 2210 ac
1540 2185 1695 2210 numen
1728 2169 1906 2219 aliquod,

305 2228 513 2276 praedicat
541 2227 800 2265 effusissime.
862 2227 991 2265 Porro
1018 2227 1126 2276 quod
1156 2231 1201 2265 tu
1231 2226 1358 2265 talem
1384 2227 1524 2264 virum
1553 2230 1641 2263 tam
1668 2228 1777 2262 arcte
1803 2236 1908 2261 com-

251 2295 286 2325 15
306 2282 507 2330 plecteris,
542 2285 628 2320 tam
664 2281 834 2331 largiter
866 2281 990 2321 foues.
1029 2294 1113 2319 non
1148 2281 1290 2319 minus
1325 2284 1387 2318 est
1418 2280 1674 2318 laudandum
1705 2278 1907 2317 iudicium

305 2345 425 2373 tuum
457 2349 581 2385 quam
612 2335 853 2385 benignitas.
914 2335 1095 2373 Proinde
1129 2348 1213 2373 non
1243 2348 1411 2384 possum
1440 2348 1525 2372 non
1555 2338 1763 2383 vti-unque
1792 2332 1908 2370 alteri

307 2390 517 2438 gratulari,
541 2390 619 2427 tibi
649 2389 775 2427 talem
804 2390 1025 2428 alumnum
1055 2403 1100 2427 ac
1126 2390 1332 2427 virtutum
1362 2394 1529 2426 tuarum
1559 2401 1815 2438 praeconem,
1846 2387 1907 2425 illi

309 2452 394 2481 tam
415 2445 627 2493 egregium
647 2443 941 2482 Moecenatem.
998 2444 1179 2482 Rursum
1201 2443 1336 2481 valeat
1356 2443 1401 2480 T.
1423 2443 1468 2480 R.
1490 2442 1538 2480 D.
1562 2457 1570 2490 3
1601 2444 1666 2480 cui
1688 2455 1754 2479 me
1773 2441 1909 2479 modis

308 2499 503 2536 omnibus
523 2499 779 2536 commendo.
841 2498 1026 2536 Basileae
1047 2511 1099 2535 ..x
1126 2498 1208 2537 Cal.
1234 2498 1447 2535 Decembr.
1471 2501 1597 2535 Anno
1617 2508 1791 2534 M.D.xxr.

355 2622 448 2651 1:243.
474 2630 534 2652 Trr.
570 2630 642 2651 nor.
660 2631 692 2651 R.
711 2631 739 2651 P.
760 2632 817 2652 om..
839 2624 877 2652 H.
990 2633 1014 2651 s.
1034 2632 1065 2651 n.
1083 2620 1154 2651 FN‘2
1165 2624 1238 2651 LJJ‘:
1263 2630 1288 2651 s.
1307 2620 1396 2650 HN3.
1534 2621 1582 2651 18.
1608 2620 1643 2651 T.
1661 2619 1699 2651 R.
1716 2619 1757 2650 D.
1775 2621 1822 2649 F:
1847 2622 1908 2649 tua

310 2665 516 2695 mblimitas
533 2667 574 2694 ΙΙ.
714 2675 761 2704 19.
787 2666 896 2695 Auno
914 2675 1052 2696 M.n.xx1
1069 2668 1142 2695 (ιιῖιῖ.
1162 2667 1202 2695 H.

354 2776 449 2806 1242.
467 2776 518 2813 38.
547 2774 708 2815 Velium]
743 2775 806 2805 See
831 2775 894 2814 Ep.
919 2774 993 2812 548.
1012 2784 1069 2812 411.
1143 2774 1281 2804 similar
1298 2775 1478 2812 reception
1493 2773 1678 2804 toaletter
1692 2772 1910 2802 ofErasmus

308 2819 363 2849 He
378 2829 450 2849 was
470 2829 546 2849 now
562 2823 598 2849 at
617 2819 808 2858 Freiburg:
834 2819 875 2849 (fs.
891 2818 952 2857 Ep.
976 2826 1067 2855 1243.
1143 2817 1261 2848 which
1292 2818 1336 2848 he
1363 2817 1508 2847 showed
1536 2817 1636 2847 them
1663 2827 1690 2847 c.
1723 2816 1829 2854 1518:
1853 2825 1909 2845 see

312 2872 399 2943 132.
425 2905 660 2946 exosculatus]
699 2906 779 2936 Piso
809 2905 887 2946 (Ep.
916 2906 992 2941 216)
1019 2915 1069 2935 re·
1144 2861 1327 2936 Eyiggci
1351 2903 1486 2944 literas]
1513 2904 1574 2943 Ep.
1596 2913 1689 2941 1242.

303 2950 404 2981 cords
428 2950 507 2980 that
530 2949 592 2979 the
616 2949 729 2979 'rm-zo
755 2948 918 2979 brothers
941 2958 1027 2988 gave
1052 2958 1071 2978 a
1183 2959 1210 2986 4.
1239 2947 1486 2988 commendat]
1509 2947 1558 2978 Cf.
1580 2947 1686 2977 BRE.
1702 2955 1775 2985 223.
