1990 3353
285 148 365 186 372
761 147 1013 186 LETTERS
1050 148 1119 187 OF
1156 149 1423 188 ERASMUS
1769 148 1891 201 {1520

340 255 444 293 Mihi
486 269 648 306 semper
694 257 833 295 studio
870 257 952 295 fuit
992 257 1169 296 Lutheri
1214 272 1378 297 causam
1423 272 1447 296 a
1491 261 1564 297 tua
1606 259 1890 309 bonarumque

284 309 499 349 literarum
521 324 641 349 causa
661 311 887 361 seiungere,
912 312 1019 361 quod
1046 325 1093 350 ea
1115 325 1179 350 res
1203 315 1245 350 et
1270 326 1347 350 nos
1367 317 1531 351 vocaret
1554 313 1596 351 in
1623 327 1890 352 communem

226 377 266 400 20
286 364 500 411 inuidiam,
522 367 562 403 et
588 365 709 403 illum
736 379 787 403 ne
813 366 1024 404 tantulum
1044 366 1212 416 quidem
1243 367 1488 406 subleuaret.
1548 367 1627 405 Sed
1654 367 1746 406 aliis
1768 367 1891 406 aliter

286 421 350 457 est
369 419 520 457 visum.
581 420 647 458 Me
675 433 838 469 quoque
867 422 983 459 tanta
1012 423 1236 459 onerarunt
1265 421 1426 459 inuidia
1454 423 1501 459 vt
1534 434 1683 470 parum
1712 421 1888 460 abfuerit

286 473 387 521 quin
407 475 448 511 et
466 473 554 522 ipse
569 474 722 512 fuerim
738 473 956 523 impetitus
971 474 1022 513 ab
1038 474 1131 513 istis
1146 475 1218 525 qui
1233 475 1277 513 in
1299 474 1427 513 bonas
1440 475 1582 514 literas
1595 489 1641 514 ac
1657 476 1889 514 doctrinam

284 526 580 577 Euangelicam
601 528 882 567 coniurarunt.
933 529 1166 567 Obscurum
1188 543 1272 567 non
1291 532 1354 567 est
1368 529 1466 580 quid
1480 532 1605 579 agant
1620 530 1695 569 illi.
1744 530 1795 568 Id
1811 543 1892 580 quo

285 581 420 631 magis
449 583 651 631 succedat,
683 585 930 632 praetexunt
959 583 1200 632 splendidos
1228 583 1385 631 titulos,
1418 584 1588 622 irritant
1615 584 1891 623 mitissimum

227 648 264 680 25
286 635 503 674 Pontifieis
516 636 749 685 ingenium,
766 638 813 675 vt
832 637 949 676 illius
961 637 1072 676 malo
1086 638 1174 676 suis
1190 638 1410 676 consulant
1425 638 1664 677 commodis.
1715 638 1890 677 Vtinam

286 689 358 739 qni
392 690 520 729 bonas
553 691 692 730 literas
723 691 865 730 colunt
904 691 1016 740 (nam
1051 692 1096 730 in
1126 692 1201 730 has
1230 692 1410 730 tendunt
1438 692 1524 737 isti)
1553 695 1640 731 tam
1670 693 1892 731 concordes

284 747 421 783 essent
447 744 497 783 ad
522 745 791 784 honestarum
822 759 961 784 rerum
987 746 1270 785 defensionem
1297 760 1421 796 quam
1448 747 1519 785 isti
1546 747 1688 785 deuoti
1707 750 1808 785 sunt
1836 748 1888 785 ad

285 798 601 837 subuersionem
640 800 1029 839 honestissimorum
1070 801 1328 839 studiorum!
1386 801 1430 839 Si
1469 801 1690 840 Germanis
1736 801 1890 840 nostris

285 853 508 902 placuisset
529 854 710 893 ciuilitas
729 854 780 892 ad
802 868 926 904 quam
941 868 1015 905 ego
1037 868 1199 904 semper
1218 855 1552 905 amplectendam
1572 855 1763 894 hortatus
1778 869 1885 903 sum,

223 917 265 948 30
284 920 351 946 res
371 908 544 946 fortasse
565 922 649 947 non
669 909 935 958 processisset
955 910 1036 947 huc
1056 909 1276 948 tumultus.

338 962 505 1011 Anglus
523 963 595 1001 ille
617 963 858 1013 Episcopus,
882 977 964 1012 quo
984 977 1067 1001 non
1093 963 1200 1001 alius
1225 964 1270 1002 in
1297 977 1344 1002 ea
1370 965 1493 1013 gente
1512 964 1578 1002 vel
1603 963 1801 1002 eruditior
1825 964 1892 1003 vir

284 1016 351 1054 vel
372 1017 532 1066 praesul
553 1017 743 1063 sanctior,
768 1017 826 1055 sic
846 1020 887 1055 te
907 1018 1070 1056 deamat
1090 1021 1136 1056 vt
1162 1031 1248 1056 non
1273 1018 1379 1056 ferat
1398 1031 1422 1056 a
1441 1031 1652 1068 quoquam
1670 1018 1829 1057 laudari
1849 1020 1893 1057 te

283 1071 457 1119 parcius.
518 1071 659 1110 Habet
696 1072 740 1109 in
778 1072 918 1110 animo
956 1072 1088 1110 visere
1125 1074 1165 1110 te
1203 1074 1334 1110 estate
1371 1072 1570 1122 proxima.
1632 1072 1746 1110 Bene
1784 1073 1889 1120 vale,

284 1124 471 1174 Capnion
492 1126 744 1164 charissime.
806 1126 1002 1165 Coloniae
1021 1139 1077 1165 VI.
1104 1126 1166 1165 Id.
1190 1126 1412 1165 Nouembr.
1437 1127 1562 1165 ANNo
1581 1139 1742 1166 M.D.xx.

693 1332 816 1371 1156.
880 1330 945 1371 To
979 1329 1172 1372 CONRAD
1205 1331 1483 1372 PEUTINGER.

332 1438 525 1483 Epistolae
545 1439 592 1475 ad
612 1439 776 1476 diuersos
793 1453 828 1486 p.
850 1450 928 1486 515.

332 1497 426 1534 HN:
453 1498 572 1534 Lond.
591 1498 670 1534 xiii.
689 1511 760 1545 30:
787 1500 861 1535 LB.
881 1510 961 1546 542.

1571 1436 1748 1484 Cologne.

1466 1506 1488 1539 9
1506 1494 1715 1532 November
1735 1503 1839 1540 1520.

329 1593 414 1635 [For
429 1595 491 1626 the
508 1595 590 1626 date
606 1596 678 1626 and
694 1597 974 1627 circumstances
991 1595 1029 1626 of
1042 1595 1115 1626 this
1132 1595 1240 1626 letter
1255 1604 1313 1625 see
1330 1595 1393 1634 Ep.
1412 1604 1495 1633 1149
1508 1592 1640 1625 introd.
1686 1594 1761 1625 The
1773 1595 1887 1625 varia-

284 1638 381 1668 tions
398 1639 436 1669 of
449 1642 549 1670 tense
566 1641 605 1669 in
622 1640 685 1670 the
701 1640 833 1670 second
848 1639 921 1670 and
937 1639 1040 1670 third
1057 1639 1282 1679 paragraphs,
1297 1639 1369 1669 and
1385 1637 1449 1668 the
1471 1638 1612 1668 sudden
1634 1639 1834 1669 reversions
1850 1640 1889 1669 to

284 1681 396 1712 Faber
420 1683 459 1712 in
483 1682 520 1713 ll.
547 1692 599 1723 31,
627 1683 669 1722 89
691 1693 751 1714 are
775 1682 994 1714 indications
1019 1683 1057 1714 of
1081 1683 1189 1721 hasty
1215 1682 1460 1722 composition.
1516 1681 1686 1712 Erasmus
1709 1681 1783 1712 had
1812 1683 1887 1713 met

286 1725 481 1766 Peutinger
496 1728 530 1757 at
548 1727 684 1767 Bruges
700 1728 739 1758 in
755 1727 844 1767 July
859 1738 866 1757 :
891 1737 948 1757 see
966 1727 1051 1767 Epp.
1075 1737 1168 1766 1129.
1186 1736 1242 1762 111,
1262 1725 1375 1767 1247.]
1392 1768 1397 1771 .

373 1828 546 1859 INSIGNI
580 1828 705 1858 IVRIS
735 1829 989 1866 VTRIVSQVE
1020 1828 1230 1867 DOCTORI,
1262 1828 1475 1860 CONRADO
1501 1829 1797 1867 PEVTINGERO,

613 1897 848 1928 CAESAREO
879 1897 1184 1935 CONSILIARIO,
1217 1896 1423 1926 ERASMVS
1456 1896 1489 1926 S.
1515 1896 1558 1927 D.

338 1995 526 2034 SCIEBAM
572 1995 650 2033 tibi
695 2009 780 2034 non
826 2009 914 2034 esse
950 2008 1129 2034 vacuum
1168 1996 1334 2043 tempus
1378 1993 1565 2043 legendis
1604 1993 1885 2043 quorumlibet

281 2049 426 2096 literis,
459 2049 525 2087 vir
557 2049 718 2096 eximie,
753 2063 829 2087 nec
860 2050 965 2088 mihi
999 2050 1133 2088 multo
1163 2049 1259 2099 plus
1289 2047 1366 2085 ocii
1396 2047 1478 2086 fuit
1510 2048 1561 2086 ad
1595 2048 1887 2096 scribendum;

281 2106 423 2142 tamen
443 2103 525 2141 huc
545 2103 716 2153 impulit
742 2118 810 2142 me
837 2104 1016 2142 Ioannes
1037 2103 1183 2151 Faber,
1204 2102 1424 2151 theologus
1451 2115 1500 2140 ex
1528 2102 1674 2140 ordine
1701 2102 1888 2141 Domini-

282 2158 380 2197 cali:
424 2171 547 2208 quern
587 2159 792 2208 equidem,
830 2172 910 2208 quo
948 2159 1120 2208 propius
1151 2156 1454 2206 contemplatus
1492 2170 1598 2204 snm,
1634 2156 1712 2195 hoc
1749 2157 1887 2206 magis

603 2267 698 2297 1156.
721 2275 786 2297 Trr.
807 2274 939 2296 11151οΜ
955 2273 1051 2294 1vms
1068 2272 1257 2299 vrmvsovn
1274 2272 1422 2293 nocrom
1439 2274 1497 2295 om.
1516 2266 1558 2295 H.

324 2371 419 2400 1155.
443 2372 493 2401 18.
510 2370 666 2411 semper]
679 2370 766 2400 This
777 2370 807 2400 is
818 2371 863 2409 by
871 2380 916 2400 110
926 2379 1048 2400 means

1116 2369 1208 2400 heed
1226 2371 1260 2400 to
1274 2370 1371 2400 what
1389 2370 1433 2400 he
1445 2370 1563 2410 might
1577 2371 1666 2401 have
1680 2370 1756 2401 said
1770 2371 1809 2401 in
1822 2371 1884 2402 the

282 2415 374 2444 true.
421 2414 466 2444 In
485 2414 546 2453 Ep.
566 2415 642 2453 967.
657 2414 765 2453 69-84
779 2413 959 2444 Reuchlin
975 2413 1047 2444 and

1117 2416 1207 2453 past.
1254 2413 1324 2444 His¹
1341 2414 1457 2444 words
1474 2415 1559 2445 here
1570 2424 1636 2445 can
1649 2414 1782 2454 hardly
1792 2414 1884 2445 have

282 2457 420 2487 Luther
436 2467 494 2488 are
506 2458 643 2488 ranked
656 2457 820 2497 together
830 2467 868 2487 as
880 2457 1048 2496 bringing

282 2501 455 2531 discredit
506 2511 604 2540 upon
644 2501 706 2531 the
745 2511 848 2531 cause
888 2500 927 2531 of
959 2501 1048 2540 good

282 2544 470 2584 learning;
517 2545 587 2574 and
631 2545 801 2575 Erasmus
845 2544 1049 2575 dissociates

282 2588 431 2618 himself
450 2588 541 2618 from
566 2588 665 2618 them
692 2588 790 2619 both.
839 2588 895 2628 So,
916 2590 982 2626 too,
1009 2588 1048 2618 in

280 2641 300 2661 a
318 2632 385 2661 less
402 2631 526 2670 degree
545 2633 582 2662 in
600 2632 688 2671 Epp.
711 2641 792 2671 1033
809 2631 881 2662 and
901 2641 993 2671 1041,
1008 2632 1049 2662 in

281 2675 375 2714 spite
393 2674 431 2705 of
444 2675 500 2705 his
516 2675 662 2706 defi—nce
679 2674 717 2705 of
730 2675 909 2706 Reuchlin
927 2676 965 2705 in
983 2675 1048 2715 Ep.

286 2719 378 2749 1006.
427 2719 474 2749 In
498 2719 586 2758 Epp.
617 2721 708 2758 1167.
735 2729 779 2758 94
793 2728 864 2758 seq.
893 2719 951 2757 (cf.
981 2718 1044 2758 Ep.

284 2771 379 2800 1143,
396 2763 475 2800 Ion)
496 2762 567 2792 and
584 2772 665 2800 1217
684 2763 769 2793 both
786 2772 846 2792 are
863 2762 1048 2793 disowned

284 2807 408 2844 again:
440 2805 578 2845 though
606 2806 783 2836 Rouchlin
811 2807 841 2836 is
864 2806 1049 2845 separated

283 2849 375 2879 from
401 2849 548 2879 Luther.
597 2850 641 2879 In
668 2850 730 2889 Ep.
760 2850 843 2888 1183
868 2848 1048 2880 Reuchlin

283 2893 487 2932 disappears
503 2893 713 2932 altogether.
762 2893 857 2924 Such
870 2893 1047 2924 variation

286 2936 482 2967 illustrates
520 2935 702 2967 Erasmus'
742 2937 975 2967 indiffercnce
1013 2938 1049 2967 to

285 2981 511 3019 consistency
543 2980 581 3010 in
621 2980 679 3011 his
718 2982 930 3011 utterances.
994 2980 1049 3010 Hc

284 3025 392 3054 wrote
404 3024 461 3054 his
474 3023 599 3054 letters
613 3023 763 3063 rapidly,
774 3024 930 3054 without
944 3024 1050 3054 much

1118 2458 1207 2487 been
1225 2457 1398 2487 intended
1416 2459 1453 2488 to
1470 2457 1633 2489 deceive:
1658 2458 1713 2489 for
1735 2458 1798 2498 Ep.
1816 2459 1882 2498 967

1118 2510 1190 2531 was
1215 2501 1362 2540 already
1384 2501 1589 2540 published,
1607 2501 1680 2532 and
1704 2502 1775 2532 had
1800 2512 1885 2541 very

1119 2543 1232 2583 likely
1260 2544 1348 2574 been
1375 2554 1459 2575 seen
1485 2545 1532 2584 by
1560 2545 1747 2576 Reuchlin.
1808 2545 1882 2576 RE.

1118 2597 1192 2627 299,
1218 2597 1259 2617 22
1285 2588 1366 2618 Feb.
1387 2587 1526 2630 (1521),
1551 2589 1669 2619 shows
1692 2588 1774 2619 that
1796 2588 1883 2619 both

1119 2631 1295 2661 Reuchlin
1321 2632 1393 2662 and
1424 2631 1565 2662 Hutten
1586 2632 1754 2672 accepted
1781 2631 1885 2664 Eras-

1118 2676 1208 2705 mus'
1227 2677 1371 2714 present
1388 2677 1587 2706 statement
1602 2675 1641 2706 of
1652 2676 1715 2706 the
1729 2685 1817 2706 case.

1161 2728 1212 2758 29.
1239 2718 1414 2759 ciuilitas]
1430 2719 1496 2749 For
1508 2719 1566 2749 his
1578 2719 1671 2750 view
1683 2719 1788 2749 ofthe
1800 2719 1885 2750 Ger-

1119 2771 1203 2792 man
1221 2762 1406 2793 character
1423 2763 1462 2792 in
1480 2762 1554 2793 this
1578 2764 1715 2802 respect
1738 2772 1794 2793 see
1818 2762 1883 2802 Ep.

1119 2805 1195 2844 998.
1215 2807 1296 2844 64n.

1161 2859 1214 2888 31.
1242 2849 1453 2890 Episcopus]
1494 2849 1640 2887 Fisher;
1684 2848 1767 2880 who
1812 2848 1882 2879 had

1118 2892 1300 2923 doubtless
1315 2893 1499 2924 answered
1516 2893 1580 2932 Ep.
1603 2902 1696 2932 1129.
1743 2893 1811 2923 For
1826 2892 1884 2922 his

1119 2935 1236 2966 desire
1260 2938 1296 2966 to
1319 2936 1406 2966 visit
1429 2936 1606 2967 Reuchlin
1631 2935 1673 2968 cf.
1691 2936 1780 2977 Epp.
1804 2945 1880 2975 324.

1121 2989 1217 3018 21-2‚
1236 2989 1309 3019 457.
1327 2980 1424 3017 8—14.

1168 3024 1262 3054 1156.
1281 3032 1312 3062 3.
1338 3023 1465 3064 Faber]
1483 3022 1548 3054 See
1564 3033 1597 3063 p.
1616 3031 1689 3062 357.
