1990 3353
75 136 200 190 1225]
548 138 619 177 TO
657 138 843 178 PETER
881 140 1202 180 BARBIRIUS

1592 142 1671 179 555

70 247 194 286 illum
214 249 354 286 virum
375 247 578 286 Ioannem
599 248 856 298 Syluagium‚
879 248 1066 288 Caesaris
1085 249 1389 297 cancellarium,
1412 250 1490 288 tibi
1508 263 1673 288 mecum

71 314 338 340 communem
364 302 659 340 Moecenatem.
720 302 806 341 Nec
831 302 953 341 aliter
979 303 1088 342 colui
1107 303 1478 354 Archiepiscopum
1499 304 1672 343 Cantua-

70 356 261 404 riensem,
295 356 558 402 Montioium,
592 360 632 394 et
662 356 902 395 Cardinales
929 370 1033 408 quos
1057 357 1260 396 habebam
1290 359 1447 396 Romae
1478 358 1673 396 fauentis·
1696 372 1734 394 10

72 410 210 449 simos.
272 410 327 449 Et
357 412 509 458 tamen,
545 410 578 448 si
613 410 736 449 detur
766 411 924 449 occasio
958 425 1061 461 quae
1095 412 1279 461 requirat
1307 412 1487 450 officium
1516 425 1670 459 meum,

72 464 183 503 nihil
210 465 438 503 amicorum
468 464 600 514 gratia
628 464 709 502 sim
737 467 1021 504 recusaturus.
1078 466 1158 505 Sed
1188 469 1287 505 sunt
1317 468 1361 504 in
1390 467 1466 505 hoc
1500 479 1673 504 numero

73 532 177 570 quos
227 519 349 568 longe
401 519 611 558 difficilius
663 519 718 557 sit
768 519 946 558 coluisse
998 533 1124 569 quam
1177 521 1445 559 monarcham
1492 521 1674 570 aliquem

71 575 409 624 praepotentem:
456 576 580 622 atque
617 573 662 611 hi
700 576 800 611 sunt
837 586 884 611 ea
916 573 1027 612 vitae
1064 574 1316 623 professione
1351 588 1476 625 quam
1511 587 1675 613 summa

73 627 241 667 decebat
259 641 427 666 morum
447 627 637 676 facilitas,
659 627 833 666 comitas
850 629 976 677 atque
994 628 1121 666 etiam
1141 628 1305 677 candor,
1328 629 1363 668 si
1388 642 1524 667 mores
1549 628 1675 678 pallio
1698 644 1734 676 15

74 682 384 732 responderent.
456 682 562 721 Cum
602 682 758 720 Ioanne
795 682 948 720 Atensi
985 695 1164 732 cumque
1202 684 1374 722 caeteris
1412 683 1518 721 mihi
1556 683 1674 720 facile

73 737 346 783 conuenisset,
376 736 412 775 si
446 736 599 786 placari
631 736 836 785 potuisset
864 749 975 775 vnus
1007 739 1079 774 aut
1112 737 1218 775 alter
1248 736 1501 777 Carmelitici
1536 737 1676 775 Domi-

73 790 302 841 nicalisque
325 791 509 829 sodalitii
534 791 767 840 theologus.
826 789 886 828 Hi
912 791 963 829 ad
994 791 1186 841 quamuis
1215 791 1354 830 leuem
1384 791 1674 841 suspicionem.

75 847 147 884 aut
167 845 344 895 quoduis
370 845 529 883 dictum
559 845 748 883 alicunde
778 858 850 883 seu
870 858 965 883 vere
993 858 1064 883 5011
1091 845 1195 883 falso
1224 846 1422 893 delatum,
1445 847 1679 883 instaurant

73 899 340 950 tragoediam.
400 900 455 937 Et
474 901 522 939 vt
541 899 722 948 ingenue
743 899 852 949 quod
872 912 1020 938 verum
1039 901 1102 938 est
1127 899 1268 947 fatear,
1291 913 1384 938 sum
1416 902 1565 938 natura
1588 913 1677 949 pro-
1701 914 1740 935 20

75 953 242 1005 pensior
272 954 323 993 ad
354 954 464 992 iocos
496 967 621 1003 quam
652 954 826 992 fortasse
860 953 1012 1001 deceat,
1046 956 1087 992 et
1116 954 1284 1004 linguae
1317 954 1525 992 liberioris
1555 967 1678 1003 quam

75 1021 379 1058 nonnunquam
404 1008 605 1057 expediat.
667 1008 817 1047 Metior
842 1008 955 1046 enim
985 1007 1165 1047 aliorum
1191 1009 1355 1047 animos
1381 1022 1432 1046 ex
1457 1021 1576 1053 meo;
1606 1021 1679 1046 1100

77 1063 201 1102 toties
219 1063 350 1101 falsus
368 1076 538 1112 possum
559 1063 609 1101 ab
629 1062 798 1112 ingenio
818 1075 910 1100 111οο
937 1063 1135 1101 recedere.
1197 1063 1366 1111 Quaeso,
1386 1062 1486 1113 quid
1502 1062 1679 1101 habebat

76 1117 229 1157 aeditio
250 1117 359 1155 Noui
379 1117 647 1165 Testamenti,
671 1131 782 1167 quur
810 1117 854 1155 in
884 1117 961 1155 hoc
991 1117 1160 1167 quidam
1187 1119 1245 1156 sic
1270 1118 1463 1156 atrociter
1482 1117 1678 1155 vocifera-

76 1174 231 1220 rentur,
256 1173 296 1210 et
314 1172 545 1210 Martinum
566 1172 768 1222 Dorpium
788 1172 834 1210 in
854 1185 922 1210 me
941 1171 1230 1220 subornarent,
1255 1172 1326 1222 qui
1345 1171 1441 1211 stilo
1467 1171 1681 1210 lacesseret
1703 1187 1717 1208 2
1723 1186 1740 1216 5

76 1226 299 1266 Erasmum
313 1227 334 1264 ‘?

132 1281 426 1330 Commigraui‚
448 1283 494 1319 vt
515 1281 604 1329 scis,
627 1281 889 1328 Louanium;
918 1280 977 1318 sic
1002 1281 1115 1318 enim
1140 1283 1233 1319 tum
1254 1281 1391 1320 visum
1419 1283 1481 1319 est
1502 1279 1680 1321 Caesari.

79 1336 168 1386 Ego
187 1337 233 1374 vt
263 1335 461 1373 omnibus
489 1348 577 1373 esse
605 1336 823 1385 cupiebam
852 1335 1022 1381 amicus,
1047 1337 1103 1373 ita
1132 1335 1290 1373 nullius
1318 1335 1557 1373 ambiebam
1583 1335 1683 1373 ami-

78 1389 231 1429 citiam.
291 1390 463 1428 Atensis
497 1403 619 1439 opera
652 1395 898 1439 prouocatus
931 1402 1026 1428 sum
1060 1403 1084 1427 a
1117 1390 1323 1439 theologis
1356 1390 1406 1428 ad
1439 1388 1680 1427 amicitiam.

80 1445 185 1483 Eam
213 1444 461 1494 simpliciter
489 1444 706 1493 amplexus
736 1457 842 1491 sum,
865 1443 1022 1482 oblitus
1051 1445 1240 1482 omnium
1270 1457 1372 1494 quae
1398 1444 1514 1494 prius
1543 1443 1587 1481 in
1617 1456 1684 1481 me
1705 1459 1745 1490 30

79 1500 184 1538 facta
203 1499 366 1537 dictaue
384 1498 560 1537 fuerant.
620 1499 688 1537 Ita
712 1499 836 1537 rebus
861 1498 1120 1548 aliquamdiu
1147 1499 1250 1537 satis
1276 1498 1517 1548 tranquillis
1544 1500 1682 1536 ortum

79 1556 142 1592 est
163 1553 380 1602 Trilingue
399 1552 641 1603 Collegium.
703 1553 762 1591 Ea
782 1566 847 1591 res
872 1553 979 1591 male
1006 1552 1184 1592 habebat
1206 1554 1418 1603 quosdam,
1441 1552 1683 1602 praesertim

81 1608 301 1647 Nicolaum
316 1607 596 1646 Car-melitam.
655 1608 710 1646 Et
731 1608 902 1646 omnino
923 1619 1016 1645 mea
1034 1608 1243 1646 sententia
1264 1607 1502 1645 subuersuri
1521 1607 1683 1644 fuerant

82 1675 170 1701 rem
200 1664 317 1701 tanto
347 1664 592 1700 ornamento
620 1662 807 1700 futuram
829 1661 982 1700 ditioni
1009 1660 1224 1712 Principis,
1248 1664 1365 1700 tanto
1386 1661 1479 1699 vsui
1508 1660 1686 1711 publicis

81 1717 243 1763 studiis,
267 1717 313 1754 ni
333 1719 505 1755 conatus
523 1716 694 1755 illorum
713 1717 968 1755 cohibuisset
986 1716 1361 1757 reuerendissimus
1381 1715 1575 1754 dominus
1596 1714 1687 1753 Car·
1708 1726 1746 1756 35

83 1770 236 1810 dinalis
251 1771 516 1810 Dertusensis
533 1785 540 1809 :
570 1770 630 1810 sic
650 1771 763 1810 enim
783 1770 947 1821 accipio.
1009 1773 1121 1811 Huic
1141 1785 1216 1821 ego
1237 1771 1406 1820 negocio
1424 1772 1532 1808 certe
1547 1769 1682 1819 palam

82 1839 126 1864 ac
146 1825 274 1864 libere
288 1825 384 1872 faui,
404 1838 479 1863 nec
500 1825 551 1864 ob
566 1825 680 1864 aliud
700 1826 787 1864 faui
807 1825 890 1864 nisi
911 1827 1019 1876 quod
1040 1827 1222 1865 fauerem
1242 1825 1430 1874 publicae
1452 1824 1687 1862 studiorum

83 1879 267 1919 vtilitati.
305 1879 478 1929 Alioqui
493 1879 603 1918 nihil
617 1880 724 1918 mihi
739 1880 832 1919 istic
848 1881 1093 1929 metebatur,
1113 1879 1276 1918 etiamsi
1297 1879 1499 1918 seuissem
1515 1878 1685 1928 aliquid.

138 1934 345 1983 Quoniam
383 1937 525 1973 autem
567 1934 857 1973 intellexeram
904 1935 1001 1975 illos
1047 1935 1314 1986 potissimum
1353 1933 1531 1972 offensos
1569 1932 1689 1971 Nouo

84 1990 363 2036 Testamento,
387 1988 533 2027 multis
560 1989 777 2028 mensibus
805 1989 849 2027 in
877 2003 924 2028 eo
954 1991 1155 2029 sudabam
1187 1988 1456 2027 emendando.
1518 1987 1572 2026 Et
1592 1987 1689 2036 quia
1710 2000 1751 2030 40

84 2043 279 2082 videbam
299 2044 520 2082 dominum
544 2043 748 2082 Ioannem
768 2046 972 2082 Atensem
1002 2045 1061 2083 sic
1087 2057 1230 2082 omnes
1257 2041 1505 2092 praecellere
1535 2041 1689 2080 iudicio

86 2098 365 2147 doctrinaque,
388 2097 741 2148 quemadmodum
770 2098 1052 2148 praeminebat
1082 2098 1317 2144 autoritate,
1348 2099 1395 2135 vt
1422 2110 1471 2135 ex
1500 2097 1577 2134 hoc
1606 2108 1690 2133 vno

86 2153 236 2191 caeteri
262 2155 433 2202 possent
461 2152 683 2198 aestimari,
706 2165 800 2191 cum
830 2152 908 2191 hoc
938 2154 1013 2203 egi,
1037 2154 1143 2191 teste
1173 2151 1343 2191 domino
1374 2151 1544 2189 Nicolao
1574 2149 1688 2188 Mon·

86 2207 209 2253 tensi,
231 2207 339 2257 apud
360 2220 483 2257 quem
501 2209 596 2246 tum
622 2220 838 2257 egeramus
863 2208 1099 2258 prandium,
1122 2208 1168 2245 vt
1195 2207 1239 2244 in
1265 2219 1312 2244 eo
1334 2206 1504 2256 negocio
1524 2218 1591 2243 me
1618 2217 1692 2242 sua

134 2324 185 2352 14.
211 2313 250 2345 hi
267 2325 287 2344 a
302 2325 308 2345 :
332 2314 360 2345 ii
376 2316 411 2345 F.
504 2322 555 2352 25.
580 2316 616 2345 et
633 2326 653 2344 α
670 2325 677 2344 :
701 2324 740 2345 ac
754 2317 790 2345 F.
890 2323 942 2354 33.
967 2314 1153 2345 Nicolaum
1167 2316 1240 2345 add.
1253 2316 1296 2344 H.

87 2358 201 2388 simus
218 2357 389 2389 dominus
405 2357 601 2389 cardinalis
617 2369 637 2388 α
652 2369 660 2389 :
684 2357 725 2389 R.
741 2358 783 2389 D.
803 2357 905 2389 eard.
925 2360 973 2389 F:
997 2358 1181 2389 Adrianus
1197 2357 1302 2389 Card.
1319 2359 1360 2388 H.

87 2401 180 2433 mihi
198 2403 233 2433 F.
308 2411 361 2440 40.
386 2402 432 2433 Et
449 2402 534 2441 quia
550 2413 570 2432 α
585 2413 592 2433 :
617 2402 794 2442 Quoniam
807 2404 929 2433 autem
942 2405 989 2433 F:
1013 2402 1103 2432 Tum
1115 2402 1287 2441 quoniam
1303 2403 1346 2432 H.

88 2455 147 2476 om.
167 2447 204 2476 F.
294 2456 345 2483 42.
372 2445 439 2477 hoc
456 2448 531 2478 aad.
547 2448 584 2477 F.
675 2456 729 2486 43.
756 2445 904 2477 domino
920 2455 977 2476 om.
998 2448 1043 2477 H.

1388 2322 1442 2352 35.
1469 2311 1691 2343 renel-endis-

1533 2356 1584 2394 38.
1610 2356 1692 2386 istic

1425 2411 1477 2438 41.
1502 2400 1692 2430 dominum

133 2534 162 2564 8.
190 2533 418 2575 Syluagium]
437 2534 500 2565 See
518 2533 605 2573 Epp.
623 2543 698 2572 410,
718 2533 794 2572 436.

138 2587 186 2608 10.
214 2577 441 2617 Cardinales]
459 2578 525 2608 See
543 2577 630 2617 Epp.
649 2587 759 2616 333,4.

139 2630 189 2660 15.
214 2621 338 2662 pallio]
363 2622 416 2653 Cf.
444 2621 505 2662 Ep.
534 2630 626 2659 1144.
654 2621 733 2651 28n.
784 2620 860 2651 The

928 2532 1016 2572 Epp.
1036 2533 1111 2571 596.
1136 2542 1170 2581 1,
1181 2542 1256 2571 597.
1274 2542 1326 2571 25.
1664 2574 1670 2579 Ἰ

1017 2576 1172 2617 Caesari]
1198 2577 1251 2608 Cf.
1271 2579 1362 2614 Apol.
1385 2587 1445 2615 qua
1468 2578 1634 2614 respondet,
1655 2575 1694 2605 1⁰.

931 2620 996 2651 A2:
1020 2620 1143 2650 ‚Jortin
1161 2621 1197 2651 ii.
1217 2630 1290 2659 497.

92 2665 204 2696 scribe
233 2665 271 2696 of
298 2666 359 2696 the
393 2665 519 2696 Gouda
550 2664 621 2696 MS.
656 2664 781 2704 (Hand
812 2665 860 2704 A)

91 2708 182 2740 adds
198 2709 237 2739 in
253 2708 316 2739 the
334 2709 475 2748 margin
490 2720 498 2739 t
517 2710 525 2726 ⁶
536 2707 706 2748 Intellige
721 2707 860 2739 dictum

93 2752 137 2783 de
153 2752 358 2784 Carmelitis
373 2753 390 2782 '.

142 2805 191 2835 17.
218 2805 311 2827 vnus
335 2799 397 2827 aut
422 2795 530 2837 alter]
557 2795 667 2826 Hand
694 2795 727 2826 A
755 2795 861 2835 again

96 2841 292 2880 interprets
309 2841 348 2871 in
365 2840 427 2870 the
443 2841 581 2879 margin
601 2850 608 2869 :
625 2840 633 2856 ⁸
648 2838 817 2870 Nicolaus
828 2841 862 2869 et

94 2883 306 2915 Vincentius
319 2883 338 2914 '.
387 2883 450 2914 500
478 2883 566 2923 Epp.
595 2883 669 2922 878.
699 2892 764 2922 1311
791 2882 862 2913 and

98 2928 182 2968 1196
199 2927 334 2959 introd.
399 2968 409 2975 q

139 2980 192 3010 25.
220 2971 410 3011 Dorpium]
424 2971 488 3002 See
500 2970 587 3012 Epp.
605 2980 680 3010 304,
697 2979 771 3009 337,
786 2979 861 3008 347.

140 3025 192 3054 27.
220 3013 479 3055 commigraui]
505 3014 552 3045 In
575 3013 664 3053 July
688 3023 791 3053 1517;
817 3013 860 3044 cf.

973 2674 1024 2703 29.
1054 2661 1219 2702 Atensis]
1244 2664 1307 2694 See
1324 2664 1385 2703 Ep.
1406 2664 1471 2702 670
1489 2663 1619 2694 introd.

1018 2709 1231 2748 prouocatus
1248 2707 1343 2748 511111]
1363 2708 1413 2738 Cf.
1435 2708 1497 2746 Ep.
1514 2708 1589 2746 637.
1609 2716 1686 2738 1011.

974 2761 1026 2791 30.
1054 2750 1170 2792 prius]
1187 2751 1237 2782 Cf.
1255 2752 1342 2791 Epp.
1357 2761 1431 2790 474.
1453 2761 1616 2790 17n,475.
1636 2751 1696 2781 18-

934 2804 984 2834 19,
1002 2795 1076 2833 483.
1097 2795 1148 2825 26.

976 2849 1027 2877 32.
1055 2838 1269 2879 Collegium]
1288 2838 1351 2869 See
1370 2839 1431 2878 Ep.
1449 2839 1526 2877 691.

978 2883 1030 2921 36.
1058 2881 1304 2923 Dertusensis]
1324 2881 1373 2912 Cf.
1395 2882 1420 2912 l.
1439 2892 1492 2913 1n.

977 2935 1030 2965 39.
1057 2925 1155 2955 Nouo
1186 2925 1429 2966 Testamento]
1455 2926 1518 2956 See
1547 2925 1608 2965 Ep.
1637 2925 1700 2963 864

934 2969 1066 3001 introd.

977 3022 1030 3052 43.
1056 3011 1253 3053 Montensi]
1272 3013 1335 3043 500
1354 3013 1416 3052 Ep.
1437 3014 1529 3044 1162.
1552 3013 1649 3043 108n.
