1990 3353
333 131 386 168 52
804 129 1057 168 LETTERS
1095 128 1164 167 OF
1203 127 1467 167 ERASMUS
1811 126 1933 180 [1519

908 261 1035 301 1007.
1095 262 1160 303 To
1191 263 1283 305 LEo
1315 263 1367 304 X.

379 333 541 379 Farrago
560 346 594 380 p.
617 343 696 379 354.
1619 334 1828 382 [Louvain]

379 391 418 426 F.
439 404 473 437 p.
493 401 584 437 452:
612 391 706 427 HN:
734 392 849 427 Lond.
868 392 919 428 xi.
939 403 982 437 9:
1009 392 1082 428 LB.
1104 402 1185 439 453.
1559 404 1600 440 13
1619 395 1767 439 August
1786 402 1886 439 1519.

375 466 424 507 [A
441 467 581 497 further
593 466 715 506 appeal
733 469 769 496 to
787 466 895 506 Papal
912 467 1098 505 authority
1111 468 1250 507 against
1266 467 1324 498 his
1339 471 1538 508 opponents
1551 477 1681 508 among
1696 467 1759 499 the
1771 468 1931 500 Louvain

331 510 564 551 theologians,
580 510 671 541 with
684 510 803 541 whom
819 511 865 540 he
876 510 948 540 had
961 512 1025 540 not
1038 513 1098 548 yet
1111 521 1208 542 come
1219 513 1254 541 to
1268 521 1287 541 a
1299 511 1567 542 reconciliation
1582 512 1638 551 (cf.
1656 513 1719 552 Ep.
1735 513 1827 543 1016.
1840 513 1932 553 1511).

332 553 400 584 For
415 554 642 593 prosecution
657 554 695 584 of
707 553 769 584 the
784 553 908 593 appeal
926 554 965 584 in
983 553 1087 584 other
1101 554 1296 586 directions
1312 565 1368 586 see
1387 556 1475 596 Epp.
1498 565 1591 595 1033,
1610 557 1703 595 1060,
1726 557 1818 587 1062.
1858 555 1932 586 The

332 597 413 627 date
429 598 468 628 of
480 598 568 628 time
585 598 614 627 is
631 597 825 628 confirmed
843 598 890 637 by
906 597 968 628 the
993 597 1164 637 Imperial
1189 598 1351 629 Election
1374 598 1413 639 (1.
1436 600 1511 637 106)
1531 610 1538 637 ;
1562 600 1625 630 but
1643 600 1680 630 in
1697 599 1788 629 view
1811 598 1849 629 of
1867 598 1931 630 the

331 640 474 672 conflict
490 641 580 671 with
597 641 660 681 Ep.
681 642 764 672 1008
781 641 843 672 the
862 640 959 681 place
976 641 1006 671 is
1021 641 1172 681 perhaps
1189 643 1274 681 only
1291 652 1311 673 a
1327 645 1541 682 permanent
1557 643 1703 674 address
1721 642 1780 683 (cf.
1794 652 1826 682 p.
1845 642 1930 684 12).]

570 729 708 759 LEONI
738 729 780 758 X.
814 728 960 758 PAPAE
992 729 1200 760 ERASMVS
1232 730 1567 761 ROTERODAMVS
1599 731 1632 760 S.
1649 730 1692 761 D.

387 803 644 841 Bmmssmn
676 803 809 851 Pater,
844 803 945 841 exiit
975 803 1221 842 iamdudum
1250 803 1294 841 in
1324 817 1475 843 manus
1505 804 1726 842 hominum
1757 804 1924 844 Nouum

330 854 658 904 Testa111entun1;
690 870 855 895 rursum
883 871 906 896 a
936 871 1001 895 me
1035 870 1119 896 non
1153 857 1424 897 aestimandis
1457 859 1677 897 sudoribus
1711 861 1924 906 nouatum,

329 924 412 950 vna
431 925 525 949 cum
546 912 902 950 Annotationibus
917 912 1146 950 accessione
1169 924 1254 950 non
1275 913 1473 951 mediocri
1491 912 1763 962 locupletatis.
1812 913 1929 952 Exiit

329 968 469 1004 autem
494 966 692 1010 felicibus,
725 968 772 1004 vt
795 966 971 1014 videtur,
1005 965 1210 1015 auspiciis,
1240 979 1324 1004 non
1351 967 1474 1005 modo
1502 967 1681 1005 Romani
1710 966 1927 1006 Pontificis

292 1033 309 1064 5
329 1019 453 1058 titulo
482 1021 756 1059 verumetiam
786 1020 936 1058 Leonis
966 1020 1165 1058 vocabulo
1193 1021 1545 1067 commendatum,
1578 1035 1658 1070 quo
1692 1034 1778 1059 non
1809 1021 1923 1061 aliud

329 1087 481 1112 nomen
502 1075 591 1113 orbi
611 1075 849 1114 Christiano
869 1075 1040 1125 gratius.
1099 1074 1290 1112 Antehac
1306 1076 1506 1125 quotquot
1523 1077 1640 1114 erant
1657 1088 1754 1113 vera
1772 1075 1926 1125 pietate

329 1129 514 1177 praediti,
537 1129 844 1167 venerabantur
862 1132 909 1167 vt
929 1129 1006 1167 tibi
1023 1142 1095 1167 ceu
1112 1128 1281 1166 numini
1296 1131 1583 1168 consecratum
1602 1144 1611 1176 ;
1641 1143 1752 1167 nunc
1763 1129 1926 1169 auidius

328 1182 455 1220 etiam
495 1183 805 1233 amplectuntur
849 1185 896 1221 vt
940 1183 1097 1221 summi
1139 1182 1351 1221 Praesulis
1393 1184 1556 1222 oraculo
1595 1185 1923 1233 comprobatum.

330 1237 484 1275 Parum
504 1237 745 1287 religiosum
765 1239 826 1276 est
846 1250 932 1276 non
951 1237 1141 1275 venerari
1162 1237 1272 1287 quod
1294 1238 1476 1275 dicatum
1497 1240 1560 1276 est
1582 1238 1797 1287 religionis
1823 1239 1927 1277 anti-

271 1305 310 1327 10
329 1291 446 1338 stiti;
476 1305 663 1330 summae
683 1305 780 1330 vero
809 1291 1041 1330 dementiae
1070 1291 1126 1329 sit
1154 1291 1190 1330 si
1219 1291 1312 1341 quis
1340 1292 1565 1330 homuncio
1593 1294 1729 1330 tentet
1758 1292 1926 1331 reiicere

327 1346 436 1394 quod
463 1346 727 1396 amplectitur
754 1359 948 1385 summus
968 1345 1125 1385 Christi
1144 1345 1336 1393 vicarius,
1363 1345 1481 1395 <vel>
1504 1346 1666 1396 priuata
1691 1346 1927 1386 temeritate

327 1400 526 1439 damnare
558 1401 667 1450 quod
701 1400 901 1450 approbat
936 1413 1127 1438 summus
1157 1399 1326 1438 diuinae
1366 1400 1522 1438 mentis
1559 1401 1774 1451 interpres,
1808 1402 1927 1440 cuius

327 1454 541 1493 autoritati
563 1455 763 1493 debemus
783 1457 824 1493 et
844 1455 952 1505 quod
973 1454 1203 1504 Euangelio
1223 1454 1437 1493 credimus.
1499 1455 1605 1493 Nam
1625 1455 1712 1504 ipse
1734 1455 1842 1494 nihil
1858 1456 1925 1494 hic

328 1508 434 1546 mihi
454 1509 587 1548 laudis
606 1509 772 1548 vindico
794 1511 954 1558 praeter
975 1508 1163 1547 animum
1191 1508 1364 1546 iuuandi
1390 1509 1529 1547 studio
1557 1509 1667 1547 nihil
1685 1509 1925 1559 vigiliarum

272 1576 308 1607 15
328 1566 599 1602 recusantem.
658 1564 795 1602 Tuum
837 1566 899 1602 est
933 1563 1041 1613 quod
1073 1576 1178 1613 opus
1211 1563 1452 1601 auidissime
1487 1564 1644 1613 rapitur
1673 1564 1725 1601 ab
1754 1564 1926 1603 eruditis

329 1617 532 1664 omnibus,
566 1620 689 1655 tuum
721 1619 827 1668 quod
855 1620 1029 1663 amatur⁷
1062 1617 1169 1667 quod
1201 1617 1393 1655 manibus
1421 1617 1582 1665 teritur,
1608 1618 1714 1668 quod
1745 1631 1818 1668 per
1846 1618 1924 1657 hoc

329 1671 483 1720 passim
504 1685 648 1710 omnes
668 1673 984 1711 inflammantur
1005 1672 1054 1708 ad
1077 1684 1287 1709 sacrarum
1312 1671 1538 1710 literarmn
1559 1684 1753 1711 amorem.
1814 1672 1925 1721 Quos

328 1726 477 1774 prioris
511 1727 732 1765 aeditionis
766 1727 930 1764 nouitas
965 1725 1157 1763 nonnihil
1190 1725 1429 1772 offenderat,
1463 1726 1507 1764 hi
1537 1739 1646 1764 nunc
1676 1725 1924 1776 resipiscunt

328 1781 369 1817 et
388 1793 570 1819 errorem
590 1783 822 1830 agnoscunt
842 1793 976 1819 suum.
1037 1779 1117 1828 Qui
1130 1780 1332 1818 hactenus
1348 1793 1369 1817 e
1386 1781 1578 1829 putribus
1592 1779 1754 1818 lacunis
1769 1783 1926 1830 pertur-

268 1850 309 1872 20
326 1833 468 1872 batam
481 1835 688 1885 quandam
703 1849 748 1873 ac
768 1835 960 1885 frigidam
980 1834 1231 1883 theologiam
1251 1834 1506 1882 hauriebant,
1525 1847 1637 1873 nunc
1653 1849 1674 1873 e
1689 1835 1926 1884 purissimis

327 1888 513 1927 fontibus
534 1889 689 1928 Christi
710 1892 750 1928 et
770 1889 1071 1939 Apostolorum
1090 1888 1259 1926 haurire
1282 1888 1460 1927 malunt.

382 1943 569 1981 Priorem
599 1944 850 1982 aeditionem
879 1943 1203 1981 candidissimus
1230 1943 1405 1992 quisque
1434 1945 1474 1981 et
1501 1943 1810 1981 eruditissimus
1837 1955 1923 1981 am-

326 1996 593 2046 plectebatur.
655 1998 849 2036 Poteram
870 1997 1021 2035 horum
1042 1997 1251 2046 suffragiis
1267 2010 1356 2035 esse
1369 1999 1591 2035 contentus
1608 2013 1617 2036 :
1643 2010 1741 2034 nam
1757 1997 1823 2035 cui
1840 2010 1923 2035 non

325 2052 426 2089 satis
455 2052 508 2090 sit
528 2053 758 2102 praecipuis
781 2052 993 2102 placuisse,
1016 2051 1181 2101 quando
1208 2050 1314 2089 nulli
1333 2051 1468 2089 adhuc
1489 2051 1728 2089 mortalium
1749 2052 1925 2100 contigit

268 2117 306 2149 25
326 2106 517 2144 omnium
546 2107 771 2145 emeruisse
800 2105 1026 2155 suffragia?
1082 2105 1203 2143 Hanc
1234 2105 1338 2143 mire
1367 2105 1727 2143 consentientibus
1755 2105 1923 2144 calculis

326 2161 554 2209 approbant
578 2174 734 2207 omneS‚
765 2161 945 2210 exceptis
971 2160 1208 2210 perpaucis:
1240 2172 1419 2209 quorum
1445 2160 1516 2198 alii
1546 2159 1796 2209 stupidiores
1823 2162 1921 2197 sunt

327 2228 452 2263 quam
478 2217 523 2253 vt
547 2216 709 2264 possint
736 2215 860 2253 rectis
885 2214 1115 2252 rationibus
1145 2213 1320 2262 coargui,
1349 2214 1420 2251 alii
1447 2214 1708 2263 superbiores
1732 2226 1856 2263 quam
1877 2216 1921 2251 vt

326 2269 460 2307 velint
480 2269 652 2307 meliora
673 2269 837 2317 discere,
860 2269 931 2306 alii
952 2268 1241 2318 pertinaciores
1261 2280 1387 2317 quam
1407 2270 1454 2306 vt
1475 2281 1559 2306 non
1579 2268 1730 2316 pudeat
1749 2267 1794 2305 in
1816 2267 1923 2306 male

327 2323 481 2372 coeptis
514 2336 661 2372 parum
692 2337 780 2362 esse
815 2325 1061 2369 constantes,
1097 2321 1293 2360 nonnulli
1325 2323 1425 2360 natu
1457 2322 1695 2370 grandiores
1725 2335 1849 2371 quam
1877 2324 1922 2360 vt

268 2390 309 2421 30
326 2379 492 2425 sperent
527 2391 569 2415 se
603 2378 784 2416 facturos
815 2376 1157 2427 operaeprecium,
1191 2375 1360 2425 quidam
1390 2375 1693 2414 ambitiosiores
1722 2389 1848 2426 quam
1877 2378 1922 2415 vt

328 2432 562 2469 sustineant
582 2432 715 2470 videri
736 2432 914 2470 nescisse
928 2431 1148 2480 quicquam
1168 2430 1340 2468 antehac
1358 2444 1366 2477 ;
1396 2431 1465 2468 sed
1488 2443 1634 2468 omnes
1654 2429 1854 2468 eiusmodi
1874 2432 1919 2468 vt

328 2498 413 2522 non
433 2485 581 2523 referat
594 2486 743 2524 talium
758 2486 938 2524 ambisse
950 2484 1208 2534 suffragium.
1268 2483 1481 2533 Siquidem
1497 2497 1582 2522 non
1598 2484 1744 2522 inscite
1760 2484 1917 2522 dictum

329 2541 389 2576 est
409 2539 514 2577 illud
537 2541 723 2587 Senecae,
748 2541 948 2590 quosdam
970 2552 1057 2577 esse
1073 2538 1177 2577 tales
1192 2539 1237 2576 vt
1253 2537 1468 2587 pulchrius
1482 2539 1535 2576 sit
1548 2538 1599 2576 ab
1616 2538 1681 2576 his
1694 2538 1918 2587 vituperari

328 2606 452 2642 quam
482 2594 649 2632 laudari.
710 2595 764 2632 Et
792 2594 902 2632 inter
930 2595 1006 2632 hos
1038 2593 1108 2631 vix
1139 2592 1356 2642 quisquam
1387 2596 1448 2630 est
1489 2593 1559 2641 qui
1590 2594 1730 2630 nostra
1760 2592 1917 2641 legerit.

269 2660 308 2691 35
329 2647 568 2686 Metuebant
588 2649 802 2698 tyrannidi
825 2661 933 2696 suae,
959 2647 1129 2698 quidam
1151 2646 1277 2685 etiam
1298 2647 1500 2696 quaestui,
1524 2647 1559 2684 si
1581 2646 1761 2684 mundus
1781 2646 1921 2695 resipi-

851 2738 899 2759 11.
927 2751 934 2767 ,
954 2728 1009 2758 vel
1026 2730 1161 2758 addidi:
1296 2737 1305 2758 τ
1330 2730 1366 2758 E.

371 2835 402 2864 5.
429 2825 732 2866 conmiendatum]
750 2827 796 2865 by
813 2826 879 2866 Ep.
896 2827 971 2865 864.
1210 2836 1258 2865 19.
1284 2825 1439 2866 lacunis]
1468 2825 1518 2856 Of.
1540 2826 1602 2865 Ep.
1627 2834 1718 2855 1002.
1744 2834 1819 2864 15¹¹·
1980 2863 1981 2868 1

371 2871 401 2899 6.
427 2868 577 2909 nomen]
603 2869 733 2908 (21:131).
755 2879 828 2908 335.
850 2872 985 2909 130-58.
1205 2879 1257 2908 24.
1282 2869 1495 2909 praecipuis]
1522 2869 1574 2900 Cf.
1601 2869 1687 2899 Hor.
1698 2871 1795 2904 13221.
1812 2877 1923 2906 17.35,
1980 2889 1981 2898 ,

375 2920 403 2953 7,
430 2913 689 2953 csmsecratitm]
711 2914 755 2952 by
774 2914 838 2952 Ep.
856 2915 929 2952 384.
1205 2923 1256 2951 33.
1284 2912 1453 2953 Senecae]
1496 2913 1584 2943 Loco
1622 2912 1840 2952 ignominiae
1871 2912 1923 2941 est
1980 2908 1981 2934 ἶ

374 2966 422 2995 13.
451 2956 660 2997 Euangelio]
688 2956 738 2987 Cf.
758 2957 820 2996 Ep.
839 2966 911 2995 347.
930 2966 1045 2995 231-2.
1160 2957 1254 2996 apud
1293 2957 1460 2995 indignos
1498 2956 1679 2995 dignitas:
1718 2965 1749 2994 p.
1790 2955 1854 2992 640
1889 2955 1930 2985 of
1980 2955 1981 2959 ’

377 3002 426 3031 18.
455 2999 683 3041 resipiscunt]
711 2999 763 3031 Cf.
782 3000 844 3039 Ep.
862 3009 935 3040 993.
955 3010 1034 3040 55¹¹·
1160 3000 1339 3030 Erasmus'
1359 2999 1505 3037 edition,
1529 3009 1609 3039 1515
1627 3000 1704 3039 (Ep.
1722 2999 1813 3037 325).
