1990 3353
33 146 156 201 1211]
548 147 619 186 TO
656 144 906 185 JODOCUS
944 144 1121 183 JONAS
1550 142 1629 179 513

29 259 268 303 vocaretur;
299 270 386 295 esse
405 256 485 294 sibi
505 255 620 293 domi
640 254 792 293 melius
814 255 1043 304 negocium.
1090 255 1156 293 Ita
1177 268 1252 293 suo
1273 253 1442 304 ingenio
1464 253 1631 291 relictus

31 314 104 360 est,
126 312 214 350 siue
234 312 331 361 quia
351 312 490 349 deerat
509 322 610 348 ansa
633 309 822 357 nocendi,
845 310 933 347 siue
954 309 1049 359 quia
1075 309 1281 348 timebant
1307 307 1449 358 populi
1475 306 1630 345 tumul-

29 369 130 412 tum,
150 366 194 404 in
211 379 292 415 quo
306 365 493 415 probitas
507 363 623 402 illius
638 363 816 401 habebat
831 363 1038 412 optimum
1054 377 1259 414 quemque
1274 361 1605 400 addictissimum
1622 376 1629 398 :

30 420 196 459 etiamsi
215 420 286 459 ille
307 419 386 458 tale
409 418 515 457 nihil
535 417 723 456 ambiret.

86 474 338 513 Iamdudum
358 473 530 523 rogabis,
554 472 650 520 scio,
674 471 767 521 quis
787 471 912 510 huius
926 471 1007 511 viri
1027 472 1151 510 fuerit
1172 471 1317 510 exitus.
1378 470 1474 509 Non
1495 469 1631 508 solum

31 528 244 579 displicuit
272 527 577 573 commissariis‚
602 526 673 564 sed
700 525 826 564 etiam
852 525 939 564 suis
963 526 1161 565 fratribus
1188 526 1369 576 aliquot:
1409 538 1492 563 non
1522 523 1632 574 quod

31 597 115 622 non
135 582 359 633 probarent
373 583 515 625 vitam,
532 581 600 619 sed
615 580 725 630 quod
747 593 794 619 ea
813 580 962 619 melior
980 583 1087 619 esset
1107 593 1233 630 quam
1253 580 1355 629 ipsis
1374 578 1632 628 expediebat.

31 638 163 677 Totus
200 637 389 675 inhiabat
426 637 471 674 in
510 636 672 674 lucrum
710 635 957 682 animarum,
999 637 1208 673 caeterum
1256 635 1306 672 ad
1346 633 1633 672 instruendam

32 692 214 731 culinam
234 692 306 730 aut
327 690 577 729 extruendos
597 688 783 739 parietes,
798 688 857 728 -ad
884 689 1130 727 illectandos
1151 689 1314 727 dotatos
1339 688 1634 734 adolescentes,

32 747 196 796 segnior
225 749 311 784 erat
341 758 467 795 quam
496 743 559 781 illi
579 743 761 782 vellent:
797 743 961 782 etiamsi
989 743 1066 782 hoc
1094 756 1255 793 quoque
1284 755 1368 781 non
1398 741 1635 791 negligebat

32 801 97 839 vir
126 800 320 850 optimus,
345 800 545 838 duntaxat
573 798 609 837 si
640 797 738 847 quid
773 798 825 836 ad
861 797 1160 836 subleuandam
1195 797 1482 835 necessitatem
1515 795 1636 846 perti-

33 857 159 902 neret,
175 868 322 893 verum
343 867 429 892 non
444 855 488 892 vt
507 853 692 903 plerique
712 854 974 901 praepostere
994 852 1162 891 curabat
1182 852 1272 890 ista.
1314 851 1408 889 Imo
1428 851 1635 900 quendam

33 910 160 949 etiam
182 909 393 958 thynnum
413 907 624 946 alienarat.
675 906 720 944 Is
738 909 823 945 erat
842 907 1003 945 aulicus
1017 920 1063 945 ac
1082 919 1250 957 prorsus
1271 905 1417 944 aulicis
1436 904 1632 952 moribus,

33 964 135 1002 foris
164 977 237 1013 per
267 962 405 1010 omnia
435 962 588 1000 cubilia
617 973 661 999 se
683 961 870 1009 voluens,
900 961 1057 1011 passim
1085 960 1354 999 matrimonia
1382 959 1517 998 aliena
1546 972 1636 997 con-

34 1019 255 1064 taminanS,
286 1020 326 1055 et
355 1030 525 1055 vxorem
560 1029 633 1065 pro
663 1015 857 1054 derelicta
887 1015 1056 1062 habens,
1089 1029 1215 1065 quam
1246 1014 1425 1053 habebat
1455 1015 1496 1052 et
1529 1013 1637 1052 claro

33 1086 179 1122 genere
200 1074 341 1110 natam
362 1074 402 1109 et
424 1071 582 1121 aliquot
603 1069 828 1108 liberorum
854 1072 1043 1108 matrem.
1104 1070 1187 1108 Per
1212 1069 1468 1108 occasionem
1496 1067 1638 1106 euenit

34 1129 78 1166 vt
105 1127 206 1165 haec
226 1139 387 1177 quoque
413 1126 702 1164 seduceretur:
736 1125 830 1163 ilico
857 1124 994 1162 reiecit
1024 1124 1312 1163 mulierculam
1342 1123 1476 1173 primo
1503 1123 1633 1172 lapsu,

35 1181 107 1232 qui
127 1181 208 1220 sibi
226 1184 289 1220 tot
313 1182 456 1230 lapsus
484 1180 713 1229 ignouerat.
773 1179 854 1218 Illa
880 1179 1050 1218 tandem
1083 1179 1249 1228 longius
1280 1178 1407 1216 etiam
1436 1177 1635 1227 prolapsa,

34 1236 83 1275 ad
104 1238 335 1274 extremam
356 1235 523 1272 deuenit
544 1234 851 1282 calamitatem3
880 1236 1040 1283 praeter
1062 1233 1295 1280 infamiam,
1319 1232 1470 1270 scabiei
1496 1232 1636 1280 etiam,

35 1303 162 1341 quam
195 1289 398 1328 Gallicam
432 1292 594 1335 vocant,
628 1288 816 1328 obnoxia.
879 1288 960 1326 Hic
999 1301 1093 1326 cum
1128 1287 1324 1326 omnibus
1356 1286 1529 1325 tentatis
1560 1298 1639 1336 quo

34 1358 205 1383 vxorem
225 1344 376 1382 marito
397 1343 686 1390 reconciliaret,
711 1343 819 1381 nihil
839 1345 990 1392 ageret,
1014 1355 1088 1381 nec
1118 1342 1248 1380 durus
1271 1341 1342 1379 ille
1363 1340 1430 1379 vel
1450 1341 1639 1379 affinium

36 1400 235 1448 respectu,
269 1398 336 1437 vel
369 1398 595 1436 liberorum
635 1397 921 1435 communium
959 1397 1121 1445 affectu,
1158 1396 1227 1435 vel
1265 1408 1340 1434 sua
1378 1396 1509 1445 ipsius
1547 1408 1639 1433 con-

36 1453 219 1501 scientia,
252 1453 322 1504 qui
354 1454 415 1491 tot
448 1451 677 1498 adulteriis,
712 1451 784 1501 qui
813 1465 887 1490 suo
922 1452 1110 1501 neglectu
1149 1451 1406 1489 occasionem
1446 1450 1636 1496 dedisset,

36 1508 279 1555 flecteretur,
316 1506 484 1557 reliquit
516 1506 732 1545 hominem
771 1519 844 1544 ceu
883 1506 1155 1555 deploratum.
1218 1505 1261 1543 Is
1298 1504 1422 1554 paulo
1460 1506 1554 1553 post
1592 1516 1639 1541 ex

36 1576 150 1601 more
170 1565 407 1612 petasonem
427 1563 500 1600 aut
520 1573 684 1599 armum
705 1560 878 1598 suillum
899 1560 1026 1599 misit.
1069 1560 1287 1599 Caeterum
1308 1559 1641 1597 Ioannes—nam

38 1620 130 1656 tum
153 1616 409 1655 Gardianum
435 1614 855 1665 agebat—mandarat
881 1614 1050 1653 ianitori
1074 1627 1126 1652 ne
1152 1614 1250 1664 quid
1273 1613 1474 1662 reciperet
1495 1612 1578 1651 nisi
1600 1625 1642 1651 se

37 1673 193 1710 vocato.
237 1670 341 1709 Cum
359 1671 519 1709 adesset
534 1683 700 1715 munus,
719 1672 889 1708 vocatus
910 1672 982 1708 est.
1034 1669 1102 1707 Ibi
1122 1668 1293 1706 famulis
1314 1668 1385 1717 qui
1405 1667 1642 1706 deferebant

38 1726 127 1764 heri
158 1725 338 1773 nomine,
364 1724 577 1763 ‘Referte'
598 1724 747 1774 inquit,
776 1726 903 1762 ‘onus
926 1725 1110 1762 vestrum
1132 1723 1242 1762 vnde
1273 1722 1486 1761 attulistis.
1558 1721 1643 1760 Nos

38 1794 123 1819 non
144 1779 368 1830 recipimus
386 1792 561 1818 munera
580 1778 761 1818 diaboli?

94 1834 238 1884 Itaque
272 1834 442 1873 tametsi
476 1847 560 1872 non
599 1834 839 1883 ignorarent
876 1832 994 1871 illius
1026 1832 1158 1871 vitam
1197 1845 1243 1870 ac
1283 1831 1516 1870 doctrinam
1554 1843 1643 1869 esse

40 1889 311 1928 seminarium
349 1888 566 1939 egregium
604 1887 878 1937 Euangelicae
919 1887 1098 1937 pietatis,
1139 1889 1280 1925 tamen
1319 1886 1515 1936 quoniam
1559 1898 1644 1923 non

39 1943 209 1993 perinde
235 1943 489 1982 conducebat
513 1943 737 1992 prouentui
764 1942 936 1988 culinae,
961 1941 1100 1980 iussus
1131 1943 1193 1979 est
1221 1941 1424 1990 deponere
1445 1939 1646 1978 Gardiani

41 2011 196 2037 munus
225 1998 321 2048 (quo
350 1997 457 2035 nihil
483 1997 556 2035 ille
583 1996 678 2035 fecit
703 1996 950 2045 lubentius),
983 1998 1024 2034 et
1052 1996 1252 2034 suffectus
1280 1997 1343 2033 est
1371 1994 1435 2033 illi
1461 1993 1640 2044 quidam,

41 2066 166 2102 quem
196 2065 270 2102 ego
298 2052 409 2100 noui,
432 2051 600 2090 aliunde
628 2051 793 2099 ascitus,
822 2050 948 2089 homo
978 2064 1063 2089 non
1093 2050 1227 2088 dicam
1256 2048 1391 2099 qualis
1419 2051 1489 2087 aut
1520 2060 1646 2098 quam

41 2107 161 2145 alteri
195 2106 511 2145 dissimilis—in
546 2118 711 2144 summa
743 2105 779 2143 is
815 2104 923 2144 mihi
961 2105 1075 2143 visus
1109 2108 1170 2142 est
1204 2104 1269 2142 0111
1302 2116 1425 2142 nemo
1464 2103 1648 2153 prudens

41 2161 251 2200 cauletum
271 2174 395 2199 suum
414 2160 543 2199 vellet
563 2160 849 2199 committere:
879 2160 968 2198 siue
988 2159 1101 2198 hunc
1121 2158 1392 2197 obtruserunt
1413 2157 1484 2208 qui
1512 2156 1647 2206 cupie-

41 2216 144 2255 bant
163 2215 316 2263 abesse,
341 2216 430 2253 siue
450 2215 486 2254 is
506 2215 621 2254 visus
639 2217 703 2253 est
721 2214 772 2252 ad
799 2227 887 2252 rem
915 2214 1048 2263 magis
1068 2214 1254 2251 idoneus.
1314 2212 1446 2251 Porro
1473 2225 1567 2250 cum
1597 2224 1646 2249 ex

43 2269 166 2309 huius
203 2270 396 2308 conuictu
436 2269 716 2308 subolesceret
754 2281 863 2306 vnus
901 2271 1024 2317 atque
1062 2268 1177 2315 alter,
1217 2267 1289 2317 qui
1327 2266 1458 2305 simili
1496 2266 1648 2316 spiritu

43 2326 257 2375 raperetur
276 2324 326 2363 ad
348 2323 536 2362 studium
556 2323 800 2362 consulendi
825 2323 970 2373 pietati
991 2323 1251 2362 Christianae
1281 2321 1421 2370 potius
1442 2333 1566 2370 quam
1596 2319 1646 2358 ad

42 2378 279 2429 augendum
305 2391 427 2428 penu,
451 2378 687 2429 relegarunt
713 2378 928 2416 hominem
950 2377 1196 2415 Curtracum
1226 2377 1271 2414 in
1302 2374 1648 2414 monasteriolum

90 2520 163 2559 196.
186 2520 367 2551 ambiebat
386 2522 427 2550 H.
520 2520 595 2550 218.
622 2518 871 2550 Guardianum
888 2521 930 2550 H.
1020 2527 1094 2549 222.
1121 2517 1335 2558 ignorabant
1351 2519 1394 2548 H.
1494 2525 1567 2555 224.
1594 2518 1648 2547 H:

46 2563 244 2595 Guordiani
261 2566 307 2594 F:
331 2563 530 2595 Guardiani
547 2565 588 2595 N.
680 2572 755 2602 230.
783 2562 892 2593 huius
910 2564 957 2594 F:
981 2562 1058 2592 eius
1074 2564 1116 2592 N.

89 2682 166 2712 205.
191 2673 393 2714 thynnum]
434 2683 454 2704 a
486 2674 554 2705 fish
597 2673 727 2713 caught
772 2674 810 2705 in
881 2674 1000 2704 whom
1030 2673 1092 2704 the
1118 2676 1324 2704 Etzclziriclz‘on
1351 2674 1452 2713 (Epp.
1482 2673 1552 2712 164,
1575 2673 1650 2711 858.

46 2715 143 2747 their
174 2718 246 2755 net,
280 2717 303 2748 i.
316 2727 346 2748 e.
378 2726 398 2747 a
436 2717 513 2748 rich
554 2726 682 2757 person
720 2718 812 2748 from
883 2719 918 2757 2)
931 2719 961 2748 is
972 2717 1157 2747 dedicated
1171 2729 1178 2748 ε
1193 2727 1248 2748 see
1261 2726 1285 2756 1,
1302 2727 1359 2757 pp.
1377 2727 1425 2756 19.
1441 2726 1581 2755 34—20.
1600 2726 1648 2747 12.

47 2759 165 2791 whom
183 2760 268 2800 gifts
283 2760 401 2800 might
419 2761 460 2791 be
471 2761 662 2801 expected3
685 2761 727 2792 cf.
748 2762 810 2800 Ep.
928 2771 1001 2800 232.
1028 2760 1256 2802 Curtracum]
1281 2760 1355 2791 The
1377 2761 1462 2800 only
1481 2770 1651 2799 nunnery

47 2812 122 2842 451.
146 2813 174 2843 7,
194 2804 268 2835 also
294 2805 358 2845 Ep.
382 2814 455 2843 447.
479 2814 552 2843 420.
603 2805 648 2835 In
668 2805 731 2844 Ep.
750 2815 811 2844 451
883 2807 919 2835 at
946 2805 1121 2843 Courtray
1138 2814 1209 2834 was
1233 2804 1296 2834 the
1321 2803 1515 2835 Cistercian
1541 2804 1651 2834 house

47 2847 117 2877 and
130 2847 216 2878 here
234 2848 297 2879 the
313 2848 411 2878 word
429 2848 494 2879 has
511 2857 531 2879 a
547 2847 676 2888 capital
695 2849 811 2885 letter,
885 2848 1013 2879 named
1032 2849 1235 2887 Groninga:
1261 2857 1317 2878 see
1342 2848 1411 2878 GC.
1431 2848 1483 2879 iii.
1508 2848 1646 2886 316·19·

48 2899 84 2921 as
116 2891 253 2931 though
285 2902 305 2922 a
333 2901 460 2932 proper
490 2901 619 2930 name;
655 2892 718 2922 but
750 2893 812 2923 the
883 2892 954 2922 But
972 2892 1132 2922 between
1155 2891 1329 2931 Conrtray
1345 2891 1415 2922 and
1435 2891 1560 2922 Menin
1578 2900 1650 2920 was

47 2943 147 2965 sense
164 2935 194 2966 is
211 2934 322 2975 plain.
883 2935 1034 2966 another
1044 2934 1245 2966 Cistercian
1257 2934 1649 2975 nunnery,Wevelgem

134 2978 286 3020 aulicus]
319 2978 393 3009 The
421 2978 641 3019 description
670 2979 754 3010 here
784 2979 813 3010 is
884 2979 988 3020 (ibid.
1007 2979 1181 3018 309-13);
1209 2978 1327 3010 which
1343 2988 1426 3019 may
1443 2978 1597 3019 perhaps
1610 2977 1651 3007 bo

49 3023 111 3052 not
142 3021 267 3053 unlike
298 3023 378 3054 that
410 3023 448 3053 of
481 3023 543 3054 the
583 3023 740 3054 courtier
778 3025 814 3054 to
884 3022 1060 3063 tl1ep1a0e
1077 3022 1259 3053 intended.

114 3087 190 3109 ⁴52⁴
817 3078 873 3117 Ll

1653 377 1710 408 195

1655 648 1716 670 200

1657 915 1716 946 205

1660 1189 1720 1212 210

1660 1461 1721 1492 215

1664 1731 1726 1754 220

1665 2007 1726 2038 225

1667 2279 1730 2311 230
