1990 3353
317 115 398 154 406
788 113 1040 153 LETTERS
1077 114 1147 153 OF
1185 113 1450 152 ERASMUS
1791 112 1916 167 [1520

237 237 298 268 240
316 224 527 273 scriberet,
560 237 687 275 eaque
716 224 999 263 moderatione
1029 223 1236 272 scriberet,
1260 236 1364 274 quae
1392 224 1558 273 piorum
1587 226 1628 263 et
1658 225 1916 264 eruditorum

317 280 502 318 fauorem
540 281 789 328 perpetuum
822 281 1061 317 mereretur.
1138 279 1205 317 Sic
1242 277 1412 317 athletis
1447 278 1671 328 propositis
1704 279 1917 318 fauoribus

317 333 510 372 addimus
531 333 737 380 animum,
752 346 837 371 non
858 335 904 371 vt
924 333 1204 383 negligentius
1224 335 1382 371 certent
1404 332 1474 371 sed
1495 334 1539 371 vt
1559 332 1764 372 bonorum
1783 334 1916 372 fauori

317 388 606 438 respondeant.
678 387 762 425 Nec
795 387 967 425 interim
1000 387 1102 426 satis
1135 387 1477 425 animaduertunt
1515 387 1685 436 quidam
1725 388 1832 437 quod
1871 388 1916 426 in

317 442 460 480 eadem
485 440 660 492 epistola
685 443 859 480 tractem
888 441 1042 490 duplex
1070 443 1376 491 argumentum,
1398 440 1575 479 alterum
1596 442 1645 480 de
1665 441 1917 480 clamoribus

237 508 296 540 ²45
317 497 361 534 in
381 496 510 534 bonas
532 495 673 534 literas
693 497 734 533 et
759 496 909 534 harum
935 496 1195 546 professores,
1217 495 1396 534 alterum
1417 496 1467 533 de
1486 495 1851 534 vociferationibus
1870 496 1915 534 in

317 549 563 588 Lutherum.
624 548 677 587 In
698 550 834 599 priore
855 563 1021 600 prorsus
1041 563 1085 589 ac
1105 550 1243 599 palam
1264 549 1314 587 ab
1333 549 1420 588 illis
1441 549 1650 589 dissentio.
1709 550 1763 589 In
1783 553 1917 600 poste-

318 605 422 642 riore
442 617 510 642 me
529 617 603 643 nec
623 603 803 643 iudicem
826 604 931 643 facio
957 618 1031 642 nec
1056 603 1340 642 aduersarium
1368 617 1442 642 nec
1468 606 1718 653 patronum;
1747 606 1917 643 tantum

318 659 518 697 admoneo
538 658 639 708 quid
660 658 788 697 velim
809 672 831 697 a
851 659 1034 697 Luthero
1052 658 1185 697 vitari.

373 712 463 751 Iam
488 713 532 751 in
560 712 736 762 epistola
764 714 814 751 ad
845 713 892 751 R.
912 714 961 752 D.
987 713 1105 752 Card.
1131 712 1423 762 Moguntinum
1445 712 1542 762 quid
1563 712 1676 751 aliud
1695 726 1771 762 ago
1791 725 1917 763 quam

237 781 251 801 2
257 781 298 812 50
318 780 370 806 ne
389 781 461 817 per
480 767 570 806 vim
590 767 862 817 opprimatur,
887 780 1006 806 causa
1027 780 1112 805 non
1133 766 1295 817 cognita
1315 781 1324 814 ;
1352 780 1404 804 ne
1425 780 1471 805 ea
1491 766 1672 805 fenestra
1691 768 1918 817 aperiretur

317 821 566 871 quibusdam
599 822 825 860 damnandi
859 822 967 872 quod
1002 834 1085 859 non
1117 820 1325 869 refellunt,
1360 823 1401 860 et
1435 821 1544 859 haud
1579 821 1663 860 scio
1701 835 1753 859 an
1790 823 1917 860 etiam

317 875 594 925 intelligant?
650 875 704 914 Et
732 878 873 915 tamen
904 876 950 913 in
977 875 1121 914 eadem
1149 876 1329 925 ingenue
1356 876 1483 913 fateor
1505 875 1612 914 mihi
1641 876 1842 925 quaedam
1871 875 1917 913 in

318 930 502 968 Luthero
538 930 762 979 displicere.
823 930 1040 968 Hactenus
1072 929 1266 967 fauebam
1300 930 1491 977 Luthero,
1526 932 1571 968 vt
1603 930 1761 969 nollem
1793 931 1917 968 illum

318 984 412 1022 dedi
442 985 701 1034 quorundam
730 984 910 1027 libidini,
934 984 1005 1034 qui
1025 984 1175 1034 quouis
1194 986 1408 1034 praetextu
1429 984 1656 1022 tendebant
1675 985 1724 1023 ad
1752 984 1918 1023 subuer-

238 1053 298 1085 255
318 1038 464 1077 tendas
493 1038 622 1077 bonas
651 1038 821 1085 literas3
851 1038 922 1076 sed
952 1041 1093 1076 tamen
1123 1051 1205 1076 non
1237 1038 1296 1076 ita
1324 1038 1516 1077 fauebam
1546 1039 1648 1088 quin
1677 1038 1918 1077 diuinorum

318 1093 584 1131 voluminum
614 1093 867 1131 testimoniis
900 1092 1070 1140 reuinci,
1103 1093 1207 1142 quin
1236 1093 1493 1141 argumentis
1521 1093 1654 1131 refelli
1683 1093 1848 1140 vellem,
1880 1092 1918 1131 si

319 1147 451 1185 refelli
470 1149 709 1185 mereretur.
770 1147 977 1185 Generosa
994 1146 1162 1196 ingenia
1181 1147 1317 1185 doceri
1338 1147 1521 1197 cupiunt,
1546 1147 1635 1197 cogi
1660 1160 1747 1186 non
1767 1147 1915 1186 ferunt.

319 1202 472 1239 Docere
492 1200 781 1251 theologorum
797 1203 870 1248 est,
890 1214 1030 1251 cogere
1044 1203 1212 1240 tantum
1228 1203 1503 1251 tyrannorum
1520 1205 1593 1240 est.
1638 1202 1706 1240 Ita
1725 1202 1918 1240 fauebam

318 1256 503 1294 Luthero
522 1258 569 1295 vt
590 1255 741 1305 corrigi
767 1255 937 1294 mallem
963 1269 1088 1305 quam
1115 1255 1259 1304 perdi;
1290 1255 1473 1294 reuocari
1503 1269 1628 1305 quam
1658 1256 1860 1306 extingui,
1883 1256 1919 1294 si

239 1315 301 1347 260
319 1310 417 1360 quid
454 1318 619 1348 erraret.
688 1311 743 1349 Et
778 1312 916 1348 errant
950 1311 1154 1359 quotquot
1188 1309 1390 1348 hactenus
1421 1309 1688 1359 scripserunt,
1726 1310 1763 1348 si
1796 1311 1919 1349 modo

321 1364 547 1403 Canonicas
567 1365 791 1414 scripturas
817 1365 1005 1414 excipias,
1065 1363 1156 1402 Hoc
1186 1364 1327 1402 animo
1355 1366 1456 1413 puto
1485 1366 1526 1402 et
1553 1364 1675 1403 hodie
1705 1365 1921 1415 theologos

319 1432 465 1457 omnes
494 1418 645 1468 probos
674 1419 809 1457 fauere
838 1419 1033 1457 LutherO.
1093 1419 1186 1456 Imo
1208 1418 1284 1457 hoc
1304 1418 1445 1457 animo
1466 1418 1585 1457 video
1606 1426 1646 1457 et
1672 1418 1811 1469 ipsum
1832 1433 1918 1458 esse

320 1474 501 1511 Leonem
535 1473 658 1512 Pont.
691 1472 933 1511 Maximum.
992 1473 1167 1511 Amauit
1195 1472 1325 1511 libros
1353 1475 1393 1511 et
1426 1473 1642 1523 ingenium
1672 1474 1921 1512 Tertulliani

320 1527 559 1577 Cyprianus,
582 1527 627 1565 in
647 1527 911 1577 dogmatibus
931 1540 1015 1565 non
1034 1527 1257 1566 consensit.
1302 1527 1477 1565 Amauit
1497 1527 1686 1577 Origenis
1705 1528 1922 1577 ingenium

239 1587 299 1629 265
320 1582 617 1631 Hieronymus,
642 1595 665 1620 a
694 1582 903 1620 damnatis
932 1581 1199 1631 opinionibus
1226 1581 1442 1620 abstinuit.
1502 1582 1707 1631 Tychonii
1733 1583 1852 1621 libris
1878 1586 1921 1620 et

319 1636 486 1685 ingenio
506 1636 674 1674 videtur
694 1636 920 1675 delectatus
941 1636 1216 1686 Augustinus,
1241 1635 1384 1686 procul
1414 1635 1583 1674 interim
1612 1636 1839 1675 abhorrens
1866 1638 1918 1676 ab

318 1690 434 1729 illius
453 1690 642 1729 factione.
1538 1698 1542 1700 ’

374 1744 459 1783 Nec
479 1747 621 1783 tamen
636 1745 735 1783 haec
751 1745 878 1783 velim
899 1757 986 1783 esse
1004 1743 1138 1782 fraudi
1157 1743 1350 1782 Luthero.
1394 1743 1481 1793 Ego
1497 1745 1548 1783 de
1567 1745 1642 1783 illo
1662 1745 1708 1783 in
1727 1748 1921 1784 neutram

320 1801 482 1849 partem
506 1799 749 1849 pronuncio,
770 1812 866 1837 suos
895 1798 1020 1837 habet
1048 1798 1217 1836 iudices.
1276 1798 1334 1837 Vt
1354 1811 1446 1837 mea
1466 1799 1648 1838 laudatio
1668 1799 1777 1837 nihil
1797 1800 1920 1839 illum

240 1866 303 1901 270
321 1853 567 1901 subleuaret,
600 1853 656 1891 ita
690 1853 823 1891 nolim
860 1853 983 1891 illum
1017 1852 1191 1902 grauari,
1228 1852 1264 1889 si
1299 1852 1397 1902 quid
1431 1866 1548 1891 secus
1578 1854 1628 1892 de
1664 1853 1737 1892 illo
1771 1855 1915 1893 sentio.

321 1907 501 1946 Tantum
523 1907 735 1946 ostendere
756 1907 872 1946 volui
891 1910 1097 1957 quantum
1116 1907 1251 1945 absim
1272 1907 1322 1945 ab
1342 1920 1389 1944 eo
1409 1908 1518 1957 quod
1539 1908 1645 1946 mihi
1664 1908 1919 1958 impingunt.

321 1961 493 2000 Primus
519 1962 634 2000 illius
659 1961 823 2000 libellos
843 1962 1055 2010 suspectos
1073 1961 1213 2009 habui,
1240 1974 1288 1998 ne
1319 1961 1418 2010 quid
1448 1963 1658 2000 tumultus
1686 1963 1917 2012 gignerent.

320 2016 491 2055 Primus
530 2015 682 2055 obsteti
720 2029 773 2054 ne
812 2015 998 2054 Basileae
1033 2015 1343 2063 excuderentur,
1376 2017 1416 2053 et
1450 2016 1600 2054 obsteti
1631 2030 1715 2055 non
1748 2017 1919 2065 leuiter;

321 2070 505 2120 primum
536 2070 723 2109 oratione
752 2070 961 2120 minisque
990 2083 1193 2119 praesenS,
1216 2082 1312 2108 mox
1333 2069 1481 2108 absens
1501 2070 1643 2109 literis.
1704 2071 1757 2109 Et
1778 2071 1920 2110 crebro

239 2140 300 2172 275
321 2128 362 2163 et
391 2124 615 2175 diligenter
643 2124 855 2172 admonui,
880 2137 991 2162 nunc
1019 2137 1091 2174 per
1119 2123 1272 2171 literas,
1300 2137 1412 2161 nunc
1440 2137 1512 2173 per
1539 2126 1706 2173 amicos,
1741 2125 1840 2175 quid
1870 2125 1921 2164 ab

321 2179 394 2217 illo
420 2179 544 2218 vitari
570 2179 750 2227 vellem3
778 2179 901 2228 idque
930 2178 1009 2216 feci
1037 2180 1153 2216 tanta
1181 2178 1369 2216 libertate
1400 2181 1445 2216 vt
1475 2179 1704 2218 amicorum
1733 2179 1921 2229 epistolis

320 2233 574 2281 admonerer,
607 2247 659 2272 ne
689 2233 787 2271 talia
816 2233 972 2282 passim
1003 2232 1177 2282 loquens
1210 2231 1349 2282 qualia
1377 2232 1610 2281 scriberem,
1643 2234 1921 2282 plurimorum

323 2287 628 2326 Germanorum
656 2288 820 2326 animos
851 2300 875 2325 a
905 2300 973 2325 me
1003 2286 1250 2325 alienarem:
1291 2299 1387 2324 cum
1418 2286 1568 2326 horum
1598 2288 1707 2326 nihil
1739 2289 1921 2327 facerent

321 2342 504 2391 theologi
526 2342 594 2391 qui
616 2355 659 2381 se
679 2342 898 2380 credebant
918 2341 1079 2379 fortiter
1097 2340 1305 2379 aduersari
1325 2341 1520 2380 Luthero.
1581 2341 1713 2380 Nemo
1741 2343 1921 2380 fraterne

241 2401 303 2432 280
322 2396 518 2434 monebat
538 2396 767 2443 hominem,
790 2408 912 2434 nemo
932 2394 1174 2443 deterrebat,
1198 2408 1321 2433 nemo
1342 2395 1524 2442 docebat,
1549 2409 1675 2434 nemo
1694 2396 1916 2435 refellebat.

321 2451 505 2488 Tantum
526 2450 862 2488 vociferabantur
880 2451 1072 2488 exortum
1092 2462 1249 2487 nouum
1269 2449 1533 2498 haereticum,
1557 2450 1629 2500 qui
1656 2451 1815 2489 doceret
1834 2463 1920 2489 11011

321 2517 409 2542 esse
449 2517 609 2543 necesse
648 2504 837 2543 confiteri
876 2504 1018 2542 omnia
1051 2505 1271 2542 commissa
1309 2503 1520 2553 capitalia:
1563 2517 1660 2542 mox
1694 2507 1920 2543 venturum

320 2558 648 2597 Antichristum.

378 2612 438 2650 De
459 2625 580 2651 causa
600 2625 811 2662 nunquam
831 2611 1132 2662 pronunciaui3
1160 2612 1333 2649 modum
1364 2611 1593 2661 impetendi
1623 2613 1821 2651 duntaxat
1847 2613 1921 2651 im-

242 2672 301 2711 285
321 2666 543 2715 probabam
581 2670 627 2705 vt
674 2679 1005 2717 praeproperum,
1047 2668 1093 2704 vt
1141 2665 1394 2711 indecorum,
1437 2668 1482 2704 vt
1530 2666 1834 2713 inclementem,
1874 2669 1921 2706 vt

365 2787 438 2815 240.
464 2787 573 2816 eaque
591 2779 643 2807 II:
668 2780 704 2808 et
726 2788 765 2808 ea
782 2781 816 2809 F.
1004 2788 1078 2817 241.
1104 2780 1329 2809 mererentur
1344 2781 1384 2810 N.
1584 2789 1657 2818 249.
1683 2780 1722 2811 R.
1742 2781 1780 2811 D.
1798 2791 1855 2811 om.
1875 2783 1917 2812 H.

322 2830 396 2860 273.
422 2820 495 2851 FN³
513 2832 520 2851 ε
544 2821 666 2851 obstiti
684 2821 729 2852 N2
745 2824 853 2861 Lond„
873 2825 928 2853 bis.
1047 2821 1267 2852 cuderentur
1284 2824 1323 2853 N.
1459 2833 1535 2862 279.
1561 2833 1596 2854 se
1612 2826 1641 2852 F
1655 2824 1768 2862 Corriq.
1786 2835 1793 2854 ε
1815 2825 1866 2855 sic
1882 2826 1921 2856 F.

366 2950 430 2978 249
454 2939 618 2980 epistola]
647 2940 708 2979 Ep.
731 2950 823 2978 1033.
1158 2950 1254 2979 15211.

363 2993 437 3023 257.
463 2984 640 3015 Generosa
659 2984 818 3024 ingenia]
845 2984 894 3015 of.
909 2984 970 3024 Ep.
991 2993 1083 3023 1153.
1198 2994 1270 3023 273.
1297 2985 1440 3027 obsteti]
1458 2987 1521 3018 See
1537 2987 1600 3027 Ep.
1622 2996 1715 3027 1033.
1735 2998 1812 3027 47¹1·
