1990 3353
249 1219 290 1248 40

251 2295 293 2327 60

272 1492 287 1522 5
309 1478 450 1513 tamen
478 1476 555 1514 hoc
585 1476 749 1514 homini
775 1479 974 1526 perpetuo
1000 1477 1139 1515 licebit
1165 1478 1275 1526 apud
1302 1478 1547 1516 Hollandos.

274 2034 288 2055 =
309 2019 442 2057 ambit
462 2019 648 2068 gloriam,
672 2020 743 2058 sed
763 2020 840 2058 1100
862 2021 994 2070 magis
1012 2024 1280 2071 promeretur.

313 115 392 154 592
780 119 1031 158 LETTERS
1071 120 1140 158 oF
1179 120 1445 159 ERASMUS

1787 120 1910 175 [1521

369 225 641 265 Hermannus
672 240 813 276 quum,
844 230 1068 277 antequam
1098 228 1281 266 stadium
1313 228 1591 278 theologicum
1618 229 1913 280 ingrederetur,

312 279 488 319 feliciter
507 283 612 319 esset
633 281 870 330 auspicatus
891 282 1141 320 Graecarum
1162 295 1207 320 ac
1227 282 1443 329 bonarum,
1459 286 1505 321 vt
1525 287 1688 331 vocant,
1705 285 1916 324 literarum

313 334 521 382 noticiam,
542 336 598 373 ita
619 349 662 373 se
683 335 809 385 gessit
829 335 872 373 in
894 336 970 374 hoc
991 350 1113 374 cursu
1135 336 1384 375 Sorbonicae
1404 337 1646 387 theologiae,
1662 341 1708 377 vt
1724 340 1916 378 omnium

275 405 291 435 5
311 389 476 437 punctis
497 389 652 438 primas
672 390 880 437 meruerit,
904 390 1028 440 idque
1049 391 1094 428 in
1114 404 1160 428 ea
1180 391 1318 429 schola
1339 404 1443 440 quae
1464 392 1551 430 sine
1574 394 1856 432 controuersia
1871 393 1915 431 in

311 443 389 480 hoc
409 443 645 481 studiOrum
665 457 811 493 genere
831 457 993 493 semper
1014 446 1170 494 primas
1190 445 1338 483 tenuit.
1399 445 1542 495 Neque
1557 460 1653 485 vero
1674 449 1838 486 tantum
1854 451 1916 486 est

310 497 540 535 instructus
556 497 729 547 argutiis
742 498 826 536 illis
842 499 992 548 quibus
1005 500 1048 537 in
1065 499 1220 537 scholis
1233 499 1464 538 velitantur
1480 514 1488 547 ;
1514 499 1620 538 nihil
1634 502 1913 550 consiliorum,

312 551 419 589 nihil
457 552 739 600 historiarum,
772 553 880 590 nihil
914 556 1104 592 veterum
1138 553 1428 602 theologorum
1459 567 1544 593 non
1572 556 1764 603 excussit,
1796 558 1918 606 atque

311 606 413 643 adeo
451 606 576 644 habet
614 607 659 644 in
698 610 904 656 promptu.
980 608 1206 657 Ingenium
1244 608 1365 646 velox
1405 621 1450 646 ac
1488 609 1692 658 rapidum,
1732 610 1918 649 discendi

251 677 265 707 ς
310 660 489 698 auiditas
509 660 784 710 inexplebilis,
806 661 1009 700 iudicium
1028 675 1218 712 praesens
1232 664 1273 700 et
1293 662 1546 711 expeditum,
1571 664 1763 713 quodque
1778 665 1822 702 in
1840 665 1916 703 hoc

310 728 457 763 genere
478 728 616 753 rarum
637 718 710 763 est,
734 716 844 753 nihil
864 717 987 754 habet
1005 717 1274 766 arrogantiae,
1300 716 1410 754 nihil
1430 717 1539 765 bilis,
1563 717 1670 755 nihil
1690 719 1912 768 supercilii.

311 769 416 806 Mira
451 769 634 816 comitas,
677 770 784 808 mira
824 771 1038 808 modestia.
1098 771 1231 809 Audit
1269 772 1479 820 patienter
1516 771 1737 821 quoslibet.
1797 773 1916 812 Cedit

313 823 441 861 etiam
462 824 742 862 inferioribus.
802 825 998 874 Plerique
1018 825 1089 863 vbi
1110 828 1266 863 metam
1296 825 1413 863 illam
1443 826 1710 864 Sorbonicam
1741 827 1917 876 contige-

312 880 419 923 runt,
457 878 630 927 perinde
661 878 779 928 quasi
812 879 896 917 iam
928 879 1114 917 defuncti
1145 880 1229 917 sint
1264 880 1379 918 omni
1406 880 1557 925 studio,
1590 881 1634 918 in
1664 881 1800 919 ocium
1829 894 1917 920 sese

277 932 523 982 'recipiunt‚
554 935 626 971 aut
659 933 858 982 neglectis
892 933 1013 972 libris
1050 934 1289 972 sacerdotiis
1327 934 1637 973 accumulandis
1674 935 1913 985 inuigilant.

310 985 391 1023 Hic
430 989 547 1025 tanta
587 1000 682 1025 cum
720 987 842 1025 laude
879 988 1110 1038 theologiae
1148 988 1330 1026 lauream
1369 991 1630 1038 assequutus,
1671 991 1757 1028 tam
1796 989 1916 1028 auide

308 1043 499 1079 versatur
519 1042 563 1078 111
584 1042 830 1080 euoluendis
849 1042 1019 1091 optimis
1040 1042 1264 1090 autoribus,
1283 1044 1399 1092 quasi
1415 1057 1498 1081 non
1515 1044 1712 1081 dimissus
1727 1057 1749 1082 a
1762 1044 1913 1091 studio,

309 1095 379 1133 sed
396 1108 508 1133 nunc
522 1095 692 1133 demum
706 1095 913 1134 admissus
934 1097 987 1134 sit
1006 1097 1056 1135 ad
1076 1097 1180 1135 seria
1200 1097 1349 1135 studia.
1412 1098 1478 1136 Sic
1492 1100 1632 1136 autem
1653 1098 1917 1148 amplectitur

309 1149 384 1187 has
404 1149 674 1188 humaniores
694 1150 834 1189 literas
863 1153 909 1188 vt
938 1164 1035 1189 suae
1063 1151 1332 1201 professionis
1362 1154 1502 1190 tamen
1533 1165 1617 1190 non
1637 1151 1692 1191 sit
1718 1153 1913 1191 desertor.

310 1203 490 1241 Proinde
516 1217 584 1242 me
613 1204 782 1254 quidem
804 1218 956 1254 magna
975 1206 1176 1255 quaedam
1199 1219 1292 1255 spes
1313 1206 1447 1253 habet,
1472 1210 1543 1244 aut
1565 1207 1676 1244 hunc
1697 1209 1769 1245 aut
1789 1207 1916 1245 nemi-

309 1271 406 1296 nem
427 1258 524 1306 fore,
547 1258 619 1308 qui
639 1261 823 1297 veterem
842 1272 886 1297 ac
907 1273 1061 1298 nouam
1080 1260 1356 1298 eruditionem
1375 1260 1433 1299 sic
1446 1261 1617 1299 misceat
1636 1273 1681 1299 ac
1701 1263 1913 1310 temperet,

309 1315 354 1349 vt
376 1312 594 1362 vti-iusque
613 1313 776 1362 generis
796 1313 1008 1352 sodalibus
1021 1314 1184 1352 abunde
1201 1314 1384 1353 satisfiat.
1447 1314 1659 1365 Siquidem
1673 1328 1832 1353 annum
1846 1317 1917 1353 vix

308 1367 447 1416 attigit
482 1368 757 1417 trigesimum.
818 1368 872 1406 Et
906 1371 967 1406 est
1007 1369 1188 1418 corporis
1225 1369 1420 1407 valetudo
1458 1381 1662 1419 prospera,
1703 1383 1806 1419 quae
1839 1369 1916 1408 hoc

310 1421 442 1486 maffl’s
461 1421 681 1471 pollicetur
700 1423 980 1470 viuacitatem,
1005 1423 1112 1472 quod
1135 1424 1222 1473 ipse
1241 1424 1378 1461 victus
1404 1423 1458 1461 sit
1486 1424 1823 1473 temperatissimi
1843 1438 1852 1462 ε
1881 1424 1916 1462 si

1607 1478 1750 1528 Neque
1772 1478 1917 1517 dubito

310 1530 411 1579 quin
433 1530 530 1568 huic
550 1530 710 1569 similes
731 1532 963 1581 complures
984 1532 1069 1569 sint
1089 1531 1306 1577 exorituri,
1327 1532 1364 1570 si
1384 1532 1506 1570 modo
1520 1532 1617 1570 haec
1638 1533 1749 1581 regio
1771 1532 1917 1571 didice-

309 1585 364 1622 rit
380 1584 529 1622 habere
542 1585 741 1623 honorem
761 1585 924 1623 eximiis
940 1586 1130 1636 ingeniis,
1151 1591 1191 1624 et
1213 1585 1466 1634 intellexerit
1480 1588 1636 1637 quanto
1656 1586 1858 1625 veriorem
1872 1600 1917 1625 ac

313 1638 564 1676 viuaciorem
595 1640 770 1689 gloriam
791 1640 845 1677 sit
864 1640 963 1678 hinc
984 1640 1127 1679 latura.
1175 1670 1177 1674 Α

366 1692 460 1730 Νο11
500 1693 578 1731 tibi
617 1694 863 1732 commendo
902 1694 1166 1733 Hei-manum
1185 1711 1193 1733 :
1238 1708 1323 1733 non
1372 1695 1484 1733 enim
1523 1695 1668 1733 dubito
1707 1695 1807 1745 quin
1839 1695 1917 1734 tibi

254 1761 265 1769 ·
311 1748 451 1785 notior
471 1748 525 1785 sit
546 1761 670 1797 quam
691 1748 798 1787 mihi
815 1763 824 1796 ;
856 1761 990 1798 neque
1011 1762 1076 1787 me
1096 1750 1291 1798 praeterit
1312 1749 1552 1798 quostudio
1567 1749 1698 1787 soleas
1711 1750 1917 1788 eiusmodi

310 1802 514 1852 prosequi.
575 1802 757 1840 Tantum
778 1816 877 1852 rogo
897 1807 942 1841 vt
963 1817 1058 1841 eum
1078 1806 1119 1842 et
1139 1803 1310 1854 reliquis
1331 1803 1579 1842 Hellandiae
1599 1806 1763 1842 nostrae
1782 1817 1916 1854 proce-

309 1856 425 1894 ribus
451 1857 740 1895 commendare
765 1857 942 1896 studeas,
1003 1857 1069 1896 Sic
1099 1858 1222 1896 citius
1251 1858 1331 1896 sibi
1357 1857 1518 1907 parabit
1544 1858 1782 1907 opinionem
1808 1858 1916 1908 apud

310 1911 538 1958 vniuersos,
563 1911 598 1949 si
618 1912 849 1960 primorum
879 1912 1088 1962 suffragiis
1109 1912 1479 1959 commendabitur,
1510 1914 1550 1949 et
1585 1925 1728 1950 eorum
1763 1912 1916 1951 iudicio

310 1965 554 2013 probabitur
585 1965 657 2015 qui
690 1967 798 2015 apud
834 1980 979 2004 omnes
1012 1969 1111 2005 sunt
1150 1966 1444 2016 probatissimi.
1504 1966 1600 2015 Ipse
1632 1967 1799 2016 quidem
1830 1980 1915 2005 non

1340 2021 1394 2059 Et
1408 2021 1457 2058 ad
1470 2021 1681 2069 publicam
1696 2020 1916 2059 vtilitatem

311 2073 495 2122 pertinet
515 2076 560 2112 vt
581 2074 631 2112 de
651 2075 752 2112 viris
772 2075 945 2124 optimis
966 2076 1124 2124 optime
1146 2076 1299 2113 sentiat
1319 2078 1359 2113 et
1379 2075 1572 2124 populus.

365 2127 475 2166 Satis
494 2128 672 2167 feliciter
683 2129 835 2178 vbique
854 2129 1086 2178 gliscebant
1106 2130 1216 2169 bona
1232 2129 1380 2176 studia,
1401 2128 1628 2178 quamlibet
1642 2129 1916 2178 obstrepenti·

312 2181 389 2220 bus
410 2184 533 2230 ranis,
551 2183 631 2221 nisi
644 2183 881 2221 Lutherana
896 2184 1107 2234 tragoedia
1122 2186 1264 2222 exorta
1280 2183 1488 2221 turbasset
1511 2183 1662 2221 omnia.
1723 2183 1776 2222 Et
1798 2184 1914 2233 quasi

311 2236 388 2274 hoc
420 2250 569 2286 parum
602 2237 658 2275 sit
688 2238 801 2283 mali,
837 2251 981 2276 vereor
1015 2252 1078 2285 ne,
1118 2238 1199 2276 nisi
1234 2238 1333 2276 deus
1364 2238 1511 2288 aliquis
1541 2239 1613 2275 ἀπὸ
1642 2240 1811 2288 μηχανῆς
1839 2238 1917 2276 hos

312 2290 445 2329 indies
465 2291 687 2341 gliscentes
711 2291 918 2330 bellorum
944 2292 1154 2330 tumultus
1182 2294 1412 2341 componat,
1435 2304 1520 2329 non
1547 2291 1769 2330 turbentur
1792 2292 1916 2331 modo

311 2346 588 2384 verumetiam
617 2346 927 2396 extinguantur.
1001 2347 1131 2384 Totus
1168 2347 1279 2384 orbis
1309 2346 1585 2394 Christianus,
1616 2346 1731 2384 velut
1761 2346 1806 2383 in
1835 2346 1916 2385 duo

312 2399 483 2447 diuisus,
517 2400 717 2438 exitiabili
747 2400 855 2439 bello
886 2401 996 2439 inter
1025 2414 1113 2439 sese
1144 2401 1433 2439 committitur.
1493 2400 1586 2438 Duo
1614 2399 1842 2449 Principes,
1869 2402 1915 2439 vt

926 2505 979 2534 49.
1006 2495 1233 2525 Hei-manum
1251 2497 1293 2526 H.

1152 2561 1308 2591 German
1341 2560 1466 2590 nation
1500 2568 1659 2599 1514-15,
1693 2559 1799 2599 being
1826 2558 1914 2589 then

1152 2604 1239 2634 B.D.
1260 2615 1267 2642 ;
1291 2603 1362 2634 and
1375 2605 1413 2633 in
1435 2612 1518 2642 1519
1531 2614 1569 2634 or
1584 2612 1666 2641 1520
1683 2603 1783 2643 D.D.,
1795 2602 1918 2633 stand-

355 2570 405 2597 24.
436 2541 681 2600 Sorbonieaeff
701 2560 936 2591 Lethniatius‘
965 2570 1083 2591 career

311 2606 347 2633 at
366 2604 464 2633 Paris
481 2614 563 2642 may
580 2605 622 2633 be
646 2604 766 2634 traced
791 2604 882 2634 from
907 2605 969 2634 the
992 2607 1083 2634 Liber

311 2650 468 2684 receploris
498 2651 637 2678 maionis
662 2650 854 2678 Alamanniae
882 2648 1082 2686 (Serbonne

313 2690 384 2721 MS.
402 2700 460 2730 pp.
481 2701 533 2729 92,
558 2701 618 2721 100
636 2694 682 2731 νο,
706 2700 763 2721 101
783 2693 831 2730 ν’),
855 2701 925 2730 145,
946 2701 1004 2730 147
1024 2692 1076 2731 νο)

311 2734 383 2764 and
415 2734 508 2764 from
545 2745 639 2765 some
664 2735 768 2764 xviiie
793 2734 1002 2765 collections
1025 2735 1081 2765 for

311 2778 372 2808 the
390 2778 529 2817 history
544 2778 581 2808 of
594 2779 657 2808 the
674 2779 859 2809 Sorbonne
875 2778 992 2819 (Paris
1005 2778 1077 2809 MS.

309 2821 484 2852 Arsenale
512 2831 604 2860 1021,
622 2832 654 2861 p.
674 2829 765 2861 497).
818 2822 873 2852 He
892 2831 964 2852 was
988 2822 1075 2852 Β.Α.

313 2865 449 2904 1507-8,
469 2865 612 2896 Proctor
628 2865 666 2895 of
685 2866 748 2895 the
772 2865 929 2895 German
953 2866 1078 2896 nation

314 2910 450 2948 1508—9,
471 2908 562 2939 M.A.
582 2919 676 2947 1509.
717 2908 757 2939 In
773 2918 856 2948 1510
870 2909 914 2939 he
931 2908 1078 2939 entered

311 2952 372 2982 the
401 2952 584 2983 Sorbonnc
611 2954 647 2982 at
673 2952 735 2982 the
766 2961 829 2992 age
861 2952 899 2982 of
927 2962 974 2991 19,
1006 2962 1078 2983 was

312 2995 444 3027 Fellow
475 2996 577 3026 there
613 3005 704 3035 1513.
740 2995 912 3035 Receptor
942 2996 980 3026 of
1015 2996 1077 3026 the.

1152 2648 1213 2686 ing
1230 2647 1308 2678 first
1326 2648 1364 2677 in
1382 2647 1485 2677 order
1501 2647 1539 2677 of
1551 2647 1671 2678 merit.

1191 2701 1243 2729 45.
1271 2691 1365 2730 apud
1382 2689 1599 2731 Hollandos]
1625 2690 1779 2721 Because
1796 2689 1834 2720 of
1855 2689 1916 2720 tho

1149 2737 1380 2772 compotationes
1403 2734 1525 2765 which
1549 2733 1717 2764 Erasmus
1743 2743 1780 2763 so
1807 2733 1916 2763 much

1149 2778 1306 2810 disliked
1324 2788 1331 2815 ;
1355 2778 1398 2808 cf.
1416 2778 1503 2818 Epp.
1522 2778 1571 2816 76.
1592 2787 1640 2816 14,
1660 2787 1731 2816 129.
1749 2785 1800 2815 25,
1823 2785 1916 2816 1033.

1150 2832 1245 2852 21-2.
1289 2822 1357 2852 For
1372 2822 1525 2852 another
1541 2822 1662 2860 aspect
1678 2821 1717 2851 of
1730 2820 1792 2851 the
1810 2821 1915 2851 situa-

1150 2867 1228 2896 tion
1245 2865 1287 2896 cf.
1307 2865 1369 2905 Ep.
1389 2865 1463 2904 996.
1485 2875 1564 2904 43n.

1191 2910 1246 2940 60.
1271 2907 1482 2949 turbentur]
1505 2919 1544 2939 sc.
1566 2909 1658 2939 bona
1674 2907 1803 2939 studia.

1191 2954 1244 2983 62.
1273 2951 1473 2992 Principes]
1501 2951 1647 2982 Chai-les
1664 2951 1734 2982 and
1752 2950 1896 2981 Francis
1913 2961 1919 2981 :

1148 2996 1191 3026 cf.
1215 2996 1275 3034 Ep.
1299 2996 1390 3026 1228.
1411 3004 1506 3034 51-2.
