1990 3353
90 89 212 145 1196]
508 94 577 131 To
615 93 868 131 VINCENT
907 93 1262 133 THEODORIGI
1608 96 1689 133 469

86 204 164 241 hoc
195 204 236 241 et
270 203 403 241 sciant
436 205 476 241 et
511 204 739 252 querantur
766 202 969 241 homines.
1030 203 1159 242 Porro
1188 205 1296 254 quod
1327 205 1618 243 Sauaronellae
1647 207 1688 243 et

89 257 312 295 Bernensis
333 257 527 295 facinoris
551 256 735 303 memini,
760 270 847 294 non
875 258 1030 296 factum
1056 261 1120 296 est
1146 259 1190 296 in
1217 259 1359 297 odium
1386 259 1555 307 ordinis,
1579 260 1686 309 quod

87 311 174 349 11110
194 311 319 349 etiam
340 314 477 358 testor,
501 325 577 349 nec
597 311 736 349 odiose
761 323 895 360 neque
922 311 1069 349 multis
1089 313 1254 360 verbis;
1284 313 1356 350 sed
1382 313 1443 351 ita
1468 326 1534 351 res
1561 326 1686 363 quam

87 369 178 404 tum
204 366 388 414 agebam,
412 365 659 415 postulabat.
714 365 823 412 Quid
853 369 992 403 autem
1022 366 1235 405 accidisset
1265 367 1428 406 etiamsi
1457 367 1553 406 data
1579 380 1687 406 occa-

85 420 200 458 sione
234 420 559 459 meminissem‘?
614 420 684 456 An
717 419 900 457 mundus
934 420 1199 469 ignoraturus
1237 424 1335 469 erat,
1372 421 1409 461 si
1448 422 1561 460 solus
1600 422 1686 471 ipse

84 474 291 512 siluissem
307 476 325 513 Ῥ

140 529 265 566 Secus
287 530 350 566 est
369 528 404 566 si
425 528 591 565 nullum
612 527 799 565 ordinem
820 527 917 565 licet
935 528 1152 578 attingere.
1197 531 1255 567 At
1271 543 1345 568 vos
1366 530 1445 580 ipsi
1464 531 1682 580 principes,

84 583 364 632 magistratus,
390 583 613 632 episcopos,
641 582 817 626 abbat-es,
847 582 983 630 palam
1012 595 1057 620 ac
1086 583 1215 621 libere
1244 584 1460 632 incessitis,
1489 598 1683 623 nonnun-

85 650 209 686 quam
230 637 358 674 etiam
383 637 586 684 seditiose,
610 649 744 685 neque
770 636 925 685 putatis
951 650 1131 686 aequum
1150 640 1196 676 vt
1223 638 1442 687 quisquam
1463 653 1538 677 vos
1565 653 1610 677 ea
1635 641 1684 677 de

85 704 204 729 causa
222 691 266 728 in
288 692 354 729 ius
368 691 517 738 trahat,
535 691 642 740 quod
659 691 828 728 intactis
842 691 1030 740 personis
1045 705 1132 729 rem
1153 693 1427 731 insectemini.
1474 693 1527 731 In
1547 693 1686 731 nullos

83 745 287 784 libentius
320 745 573 783 inuehimini
606 758 731 794 quam
765 745 808 782 in
846 746 1030 794 pastores
1065 746 1276 784 Dominici
1308 748 1445 796 gregis
1479 749 1680 786 custodes,

84 800 212 838 Pauci
249 800 337 837 dies
374 801 475 838 sunt
514 800 622 849 quod
663 800 948 848 Antuuerpiae
992 801 1221 838 monachus
1266 802 1436 850 quidam
1480 802 1684 851 (parcetur

83 854 232 902 ordini)
254 855 439 892 monitus
466 867 489 891 a
519 854 830 902 magistratibus
851 856 895 891 vt
922 854 1083 892 doceret
1112 855 1403 904 Euangelium,
1428 870 1450 894 a
1477 856 1682 894 seditiosis

82 908 333 946 clamoribus
361 909 598 955 abstineret,
631 909 673 945 in
704 908 872 957 publica
900 909 1097 946 concione
1127 910 1258 948 dixit:
1302 911 1501 948 ‘Iubent'
1531 910 1679 960 inquit.

87 965 153 1000 ‘vt
190 963 419 1012 praedicem
460 962 766 1012 Euangeliun1;
814 965 856 1000 at
894 963 1031 1000 isthuc
1070 964 1212 1002 audire
1251 964 1393 1002 licebit
1433 979 1455 1003 a
1493 965 1682 1014 parochis

81 1017 246 1064 vestris,
279 1017 445 1055 etiamsi
473 1017 607 1065 pridie
641 1018 888 1055 dormierint
923 1031 1017 1055 cum
1051 1031 1202 1067 magno
1237 1023 1371 1056 scorto
1388 1020 1407 1058 ².
1470 1020 1562 1057 Hoc
1595 1033 1681 1057 non

82 1072 224 1110 minus
257 1071 458 1109 obscoene
488 1071 647 1109 dictum
677 1084 801 1121 quam
830 1072 1026 1109 seditiose
1055 1073 1135 1110 sibi
1165 1073 1395 1122 ignoscunt,
1429 1087 1503 1111 nec
1533 1076 1682 1122 putant

81 1125 279 1164 iniuriam
301 1126 436 1163 ordini
455 1126 616 1173 factam,
641 1139 764 1175 quem
785 1126 894 1164 haud
923 1126 1048 1164 dubie
1076 1127 1268 1165 Christus
1295 1128 1489 1167 instituit.
1549 1128 1604 1166 Et
1634 1131 1680 1167 tu

81 1180 296 1218 meditaris
316 1181 521 1218 actionem
540 1181 675 1218 laesae
695 1181 933 1227 maiestatis,
955 1181 990 1218 si
1010 1181 1104 1230 quis
1123 1195 1196 1231 per
1219 1182 1474 1220 occasionem
1501 1184 1681 1232 attingat

82 1234 414 1273 Praedicatorem
433 1237 503 1272 aut
526 1235 795 1273 Oai-melitam
810 1236 830 1273 ἱ)
883 1234 927 1272 Si
947 1235 1140 1284 cuiquam
1160 1237 1285 1274 titulo
1305 1237 1558 1286 parcendum
1580 1240 1680 1285 erat,

81 1289 308 1328 Christiani
336 1290 460 1327 titulo
488 1290 741 1338 parcendum
771 1293 885 1336 erat3
923 1302 1056 1340 neque
1085 1290 1191 1328 leuis
1219 1293 1284 1329 est
1315 1304 1446 1339 causa,
1480 1305 1532 1329 ne
1561 1292 1682 1330 detur

79 1357 178 1382 ansa
216 1344 359 1392 impiis
398 1344 674 1393 exprobrandi
712 1344 832 1381 nobis
866 1343 971 1381 vicia
1009 1347 1164 1382 nostra.
1221 1345 1277 1383 Et
1310 1348 1450 1383 tamen
1486 1346 1681 1384 historiae

80 1397 412 1436 Christianorum
458 1400 502 1436 in
545 1398 686 1435 literas
728 1399 904 1436 mittunt
949 1398 1283 1437 Christianorum
1323 1400 1531 1440 dedecora.
1569 1413 1621 1437 ne
1659 1414 1681 1438 a

80 1453 319 1490 nominibus
349 1453 517 1502 quidem
548 1453 815 1490 abstinentes.
873 1453 956 1491 Cur
983 1453 1198 1502 virginum
1232 1454 1330 1492 ordo
1365 1468 1449 1492 non
1484 1455 1681 1504 discerpit

78 1507 206 1545 libros
237 1507 498 1556 Hieronymi,
531 1506 601 1556 qui
632 1507 688 1544 sic
719 1507 918 1556 depingat
946 1507 1159 1556 virginum
1188 1508 1330 1546 vicia'?
1387 1509 1469 1546 Cur
1503 1510 1681 1558 episcopi

79 1574 162 1599 non
197 1561 438 1611 discerpunt
468 1562 601 1599 libros
633 1562 844 1610 Cypriani,
879 1562 951 1610 qui
980 1565 1065 1599 tam
1101 1565 1295 1601 atrociter
1324 1563 1516 1601 inuectus
1545 1565 1605 1601 est
1637 1565 1678 1600 in

79 1628 249 1654 suorum
283 1618 519 1664 temporum
558 1615 783 1665 episcopos.
820 1618 985 1665 turpem
1024 1619 1242 1665 quaestum
1281 1630 1411 1666 vsque
1451 1618 1500 1655 ad
1537 1631 1681 1656 vsuras

78 1671 334 1719 exprobrans
346 1671 366 1709 ⁶?
405 1672 475 1708 An
491 1672 537 1708 vt
554 1671 655 1708 olim
671 1670 914 1720 religiosum
929 1672 1017 1708 erat
1030 1671 1098 1709 vel
1113 1672 1330 1709 nominare
1350 1672 1447 1710 deos
1468 1673 1678 1721 quosdam,

78 1724 136 1762 ita
170 1738 255 1762 non
289 1725 430 1762 licebit
464 1725 578 1774 loqui
610 1725 660 1762 de
694 1724 1053 1763 Praedicatoribus
1086 1728 1158 1763 aut
1192 1726 1427 1764 Carmelitis
1465 1726 1546 1764 nisi
1586 1740 1680 1764 cum
1702 1743 1715 1764 2
1750 1744 1761 1750 -

78 1779 251 1817 honoris
279 1779 565 1828 praefatione?

133 1833 306 1871 Dicebat
326 1834 397 1871 ille
422 1836 521 1872 tuus
547 1834 787 1883 discipulus,
811 1834 976 1872 etiamsi
996 1848 1092 1873 vera
1119 1839 1270 1881 essent,
1294 1838 1436 1873 tamen
1463 1838 1600 1873 essent
1628 1835 1680 1873 ob

78 1888 277 1926 honorem
313 1888 471 1926 ordinis
506 1889 704 1936 tacenda3
747 1902 819 1926 cur
852 1902 948 1938 ergo
983 1889 1166 1938 quidam,
1205 1891 1276 1938 qui
1311 1891 1478 1928 tantum
1512 1890 1681 1928 honoris

78 1943 221 1981 haberi
241 1942 392 1980 volunt
421 1943 558 1980 ordini
587 1956 673 1991 suo,
697 1944 743 1980 in
773 1943 876 1980 alios
906 1944 1157 1981 nominatim
1185 1945 1311 1982 etiam
1337 1949 1376 1982 et
1402 1945 1540 1993 palam
1568 1958 1679 1982 men-

76 1997 244 2035 tiuntur
257 1998 277 2035 ·?
324 1997 374 2035 Id
391 2010 478 2035 esse
494 1997 762 2035 verissimum
781 1997 976 2047 plurimis
995 1999 1196 2047 exemplis
1217 1999 1359 2036 docere
1378 1999 1545 2048 possim.
1591 2000 1679 2048 Ego

76 2054 137 2089 tot
171 2052 307 2089 modis
340 2051 567 2098 lacessitus,
604 2052 764 2090 nullius
798 2052 1100 2090 Praedicatoris
1135 2055 1204 2090 aut
1240 2053 1488 2091 Carmelitae
1527 2066 1678 2090 nomen

76 2105 240 2155 scriptis
276 2106 378 2144 meis
411 2107 646 2155 perstrinxi.
708 2106 1011 2144 Praedicatorio
1045 2107 1180 2144 ordini
1215 2120 1311 2156 prae
1344 2107 1514 2145 caeteris
1552 2108 1677 2145 etiam

76 2161 206 2207 faueo,
240 2160 307 2198 vel
342 2161 394 2198 ob
428 2162 503 2198 hoc
537 2161 645 2210 quod
679 2161 822 2198 minus
857 2164 1051 2199 oneratus
1084 2165 1145 2198 est
1179 2162 1437 2200 ceremoniis.
1508 2161 1570 2199 Ne
1602 2162 1679 2199 tibi

77 2215 244 2264 quidem
266 2215 345 2264 ipsi
368 2227 639 2252 concessurus
660 2228 765 2263 sum,
782 2219 828 2253 vt
849 2229 1086 2265 quanquam
1107 2217 1150 2252 in
1171 2205 1352 2254 Thomae
1368 2216 1493 2253 verba
1513 2216 1674 2262 iul-aris,

76 2270 186 2307 veris
216 2269 578 2307 Praedicatoribus
610 2269 842 2318 impensius
875 2270 1017 2308 faueas
1048 2284 1175 2319 quam
1207 2283 1291 2316 ego.
1351 2270 1434 2308 Nec
1465 2283 1558 2307 sum
1590 2274 1677 2308 tam
1699 2288 1712 2308 2

76 2323 246 2373 iniquus
269 2327 314 2361 vt
345 2324 452 2372 quod
483 2323 535 2360 ab
565 2324 630 2362 his
660 2326 731 2362 aut
759 2324 845 2361 illis
869 2325 1162 2372 committitur,
1186 2326 1393 2373 imputem
1417 2324 1562 2362 ordini.
1625 2324 1677 2362 Et

76 2379 177 2416 adeo
217 2391 301 2416 non
339 2379 503 2427 imputo
540 2380 587 2416 vt
633 2378 874 2428 frequenter
917 2385 957 2415 et
1002 2379 1088 2416 illis
1124 2392 1289 2428 parcam
1328 2393 1350 2416 a
1390 2379 1542 2428 quibus
1584 2392 1677 2417 sum

77 2432 337 2471 odiosissime
359 2434 617 2481 prouocatus,
641 2445 693 2470 ne
714 2433 812 2482 quid
837 2432 997 2470 laedam
1025 2433 1213 2471 ordinem
1240 2434 1559 2480 immerentem;
1589 2447 1679 2483 per-

120 2542 193 2570 2⁹7·
221 2530 460 2561 Sauonarolae
477 2532 515 2560 N.
647 2540 722 2569 251.
747 2532 785 2560 vt
802 2540 858 2561 om.
881 2533 920 2561 N.
1036 2531 1111 2569 256.
1139 2530 1424 2560 praedicatorem
1441 2532 1487 2560 F:
1513 2530 1671 2560 Domini-

75 2585 203 2606 canum
221 2576 263 2605 H.
364 2575 437 2612 264.
457 2576 508 2604 N:
524 2575 723 2613 exprobans
739 2576 776 2605 F.
865 2576 937 2612 265.
966 2574 1272 2604 Praedicatoribus
1288 2576 1316 2604 F
1331 2584 1338 2603 ε
1368 2574 1618 2605 Dominicanis
1633 2577 1674 2603 li.

76 2620 152 2658 269.
179 2620 206 2649 &
223 2621 270 2649 F:
293 2627 333 2647 ac
350 2620 390 2648 H.
488 2627 562 2656 271.
588 2618 846 2649 Praedicatoris
862 2621 911 2648 F:
938 2618 1169 2648 Dominicani
1187 2620 1230 2648 H.
1321 2627 1394 2657 275.
1421 2618 1678 2648 Praedicatori-

76 2664 141 2693 bus
157 2666 205 2693 F:
231 2660 481 2692 Dominicanis
496 2664 540 2692 H.

119 2764 194 2801 248.
220 2761 415 2792 monachus
460 2761 619 2800 quidam]
666 2762 730 2792 See
778 2760 841 2800 Ep.
912 2771 1001 2799 mus,
1032 2760 1103 2790 and
1130 2761 1167 2790 in
1196 2759 1284 2799 Epp.
1314 2761 1388 2798 483.
1419 2761 1470 2800 26,
1497 2760 1571 2798 948.
1605 2769 1674 2798 137,

79 2809 171 2838 1188.
192 2807 251 2837 8n.
914 2814 1006 2843 1033.
1025 2807 1131 2835 80110
1154 2814 1258 2834 name
1283 2804 1311 2834 is
1335 2805 1454 2843 given.
1499 2804 1571 2834 'l'he
1596 2813 1675 2833 new

120 2860 194 2889 252.
220 2858 349 2889 magno
377 2847 505 2888 scorto]
531 2847 582 2879 Cf.
615 2848 697 2878 Rev.
730 2858 777 2887 17.
814 2858 841 2886 1,
911 2848 1036 2878 letters
1062 2850 1098 2877 to
1127 2848 1166 2877 be
1193 2847 1361 2877 included
1390 2849 1427 2878 in
1456 2848 1482 2877 F
1511 2848 1582 2886 (see
1611 2847 1673 2885 Ep.

79 2905 128 2934 19.
147 2905 176 2925 2.
914 2893 997 2921 1206
1010 2902 1084 2922 ¹can
1096 2890 1227 2930 hardly
1237 2893 1296 2931 yet
1309 2892 1398 2922 have
1412 2893 1498 2922 been
1508 2889 1676 2921 selected.

120 2947 194 2976 271.
219 2936 364 2976 nomen]
391 2935 478 2966 This
510 2936 539 2966 is
569 2937 648 2965 true
679 2935 839 2974 enouglu
955 2945 1028 2973 273.
1056 2934 1172 2975 faueo]
1193 2934 1243 2965 Cf.
1264 2935 1325 2972 Ep.
1350 2936 1442 2965 1006.
1463 2945 1521 2971 41¹-

76 2982 130 3012 for
146 2983 209 3020 Ep.
228 2981 292 3018 878
304 2990 377 3010 was
395 2989 504 3009 never
519 2979 664 3019 printed
680 2979 726 3017 by
741 2979 839 3009 Eras—
955 2989 1028 3017 274.
1051 2978 1219 3018 Thomas]
1237 2979 1287 3009 Cf.
1306 2979 1369 3017 Ep.
1393 2980 1484 3009 1126.
1504 2979 1606 3007 26211.

1707 382 1721 402 2
1728 384 1770 413 ,μὶ

1707 653 1767 685 245

1703 1461 1765 1493 260
