1990 3353
94 155 213 209 1087]
580 153 733 193 FROM
771 152 1005 193 THOMAS
1042 152 1200 192 MORE
1611 153 1691 192 229

89 267 209 306 aliter
245 268 384 316 patere
422 264 552 314 possit
591 277 723 314 neque
760 263 805 301 in
843 261 965 300 initio
1001 262 1232 312 quicquam,
1269 274 1399 311 neque
1430 262 1475 299 in
1510 263 1596 299 toto
1631 262 1691 300 rei

90 334 320 372 progressu,
353 319 488 358 Brixii
516 318 728 358 vesaniam
758 329 853 356 cum
883 318 956 354 tuo
990 316 1098 355 facto
1132 329 1379 365 congruere:
1421 328 1473 353 ne
1501 314 1570 354 vel
1601 328 1690 354 rem

89 375 362 414 clarissimam
390 375 521 412 facere
545 374 854 412 controuersam
879 373 1013 420 puter,
1037 370 1104 408 vel
1129 371 1315 420 sopitum
1342 375 1465 418 atque
1492 369 1689 408 obrutum

91 430 234 480 ignem
262 429 502 479 importune
525 427 666 466 videar
694 426 782 465 suis
810 425 965 464 eruisse
994 424 1212 471 cineribus,
1242 424 1310 462 vel
1340 424 1532 471 Fabrum,
1566 437 1689 474 quem

91 485 179 522 toto
209 483 298 521 colo
327 484 500 533 pectore,
530 481 667 531 aliqua
694 493 815 529 cogar
841 478 1074 527 offendere3
1104 479 1172 517 vel
1198 480 1321 516 tuum
1340 477 1560 525 iudicium,
1579 478 1687 527 apud
1710 491 1773 524 450

90 551 217 588 quem
255 550 366 575 nunc
407 549 572 574 causam
609 536 712 583 dico,
753 535 916 573 tentare
960 532 1112 581 credar,
1154 534 1196 571 et
1239 532 1424 572 fauorem
1469 531 1690 570 conciliare

91 591 321 630 blanditiis.
379 590 472 629 Hoc
492 603 625 629 vnum
645 591 752 627 certe
776 587 873 637 (nisi
899 587 1008 638 quod
1036 587 1179 625 ludere
1204 600 1246 625 se
1273 586 1412 637 posuit
1437 600 1512 636 pro
1539 586 1691 636 furere)

89 646 244 696 alioqui
282 645 382 684 dicit
415 657 500 683 non
539 643 711 682 omnino
745 643 910 691 falsum,
946 643 988 680 te
1021 641 1212 680 videlicet
1245 641 1436 679 cominus
1469 654 1687 691 pugnasse,

89 713 222 750 quum
241 700 329 749 ipse
348 712 435 737 rem
455 698 584 749 egerit
603 698 780 736 eminus.
842 697 949 735 Nam
969 697 1017 734 vt
1043 698 1089 734 tu
1116 708 1205 734 rem
1229 709 1315 733 non
1341 695 1480 745 gladio
1506 695 1686 745 quidem,

90 756 139 794 vt
167 754 226 793 ait
253 753 423 792 Brixius
452 753 540 803 (qui
566 754 607 790 te
632 752 798 791 videtur
823 751 1098 801 gladiatorem
1124 750 1294 800 fingere)
1320 750 1392 788 sed
1419 763 1493 788 acu
1522 763 1691 799 prorsus
1709 762 1772 797 475

89 808 294 859 attigisti3
336 809 395 846 ita
428 807 502 846 ille
536 806 696 845 deliriis
728 807 897 845 tantum
934 805 1129 844 velitatus
1166 804 1344 852 eminus,
1383 806 1425 842 et
1461 803 1691 843 eiaculatus

89 862 274 901 conuitia
293 875 396 912 quae
414 861 481 900 vel
499 874 605 900 anus
631 860 745 899 ebria
769 860 935 899 effutire
960 860 1164 910 potuisset
1187 858 1235 897 in
1260 858 1497 908 quemlibet,
1521 860 1562 897 et
1589 871 1691 909 quae

90 916 136 955 in
170 917 309 967 ipsum
342 916 558 955 commode
597 914 889 964 competebant
921 914 1114 964 plurima,
1146 913 1199 952 ad
1230 926 1319 951 rem
1354 926 1572 962 nunquam
1602 926 1689 962 pro-

91 971 199 1010 fecto
229 971 368 1021 quiuit
395 971 610 1018 accedere3
648 972 721 1008 aut
750 969 786 1007 si
814 969 899 1007 fors
927 968 1100 1018 attingit
1124 967 1347 1018 aliquando
1372 966 1566 1015 breuiter,
1597 969 1690 1005 tum

78 1025 442 1076 quemadmodum
463 1025 567 1063 solet
586 1024 631 1062 in
652 1023 816 1062 duriore
835 1023 923 1061 solo
944 1022 1125 1061 infirmis
1144 1022 1303 1061 viribus
1323 1022 1522 1060 emissum
1543 1021 1687 1070 telum,
1709 1026 1774 1066 480

91 1079 285 1130 protinus
303 1082 374 1118 aut
395 1078 716 1129 praeteruolauit
735 1081 807 1116 aut
828 1078 992 1116 excidit.
1048 1076 1195 1127 Itaque
1214 1076 1377 1114 eminus
1396 1076 1454 1114 sic
1473 1076 1692 1114 commissa

90 1148 229 1184 pugna
257 1134 457 1173 hactenus
485 1134 608 1183 plane
637 1132 818 1182 profecit,
851 1135 897 1170 vt
925 1131 1102 1170 ediderit
1134 1132 1341 1181 specimen
1372 1143 1492 1180 posse
1525 1131 1689 1180 quidem

90 1189 286 1238 sagittam
320 1202 408 1227 sese
446 1201 529 1226 non
568 1186 830 1226 incommode
866 1199 1034 1236 prorsus
1072 1186 1273 1233 emittere,
1317 1185 1352 1223 si
1391 1185 1485 1235 quis
1523 1187 1690 1223 tantum

90 1256 218 1292 quem
251 1243 297 1280 in
329 1243 465 1281 locuni
499 1242 588 1280 eius
621 1242 774 1291 sagitta
807 1241 1010 1287 ceciderit,
1042 1254 1088 1278 eo
1122 1253 1294 1290 scopum
1323 1253 1487 1289 semper
1515 1239 1690 1278 officiose

92 1297 317 1336 transferat
331 1311 341 1345 ;
365 1300 405 1335 et
425 1296 532 1334 belle
553 1309 669 1345 posse
689 1296 856 1345 iurgari,
881 1295 916 1334 si
942 1309 1064 1345 quem
1090 1296 1237 1333 nactus
1262 1296 1371 1332 esset
1398 1294 1443 1332 in
1469 1307 1591 1344 quem
1620 1294 1691 1332 illa
1710 1300 1772 1340 485

91 1354 386 1401 competerent,
427 1364 532 1401 quae
573 1351 661 1400 ipse
700 1363 750 1388 ex
788 1350 1035 1388 inexhausto
1073 1349 1318 1398 probrorum
1357 1361 1528 1387 suorum
1566 1350 1691 1398 puteo

92 1408 228 1455 posset
256 1405 447 1443 haurire:
483 1405 634 1455 quibus
662 1404 824 1454 quando
854 1405 968 1443 deest
996 1404 1041 1442 in
1068 1416 1192 1453 quem
1218 1403 1425 1451 haereant,
1454 1403 1551 1453 quid
1577 1403 1690 1441 aliud

90 1461 263 1498 interim
283 1473 408 1509 quam
428 1460 515 1509 ipse
534 1460 750 1509 perfundit
769 1460 888 1497 sese?

144 1515 300 1553 Verum
329 1514 552 1564 aliquando
580 1513 748 1551 tandem
776 1512 892 1551 velut
920 1512 1002 1551 tuis
1029 1511 1165 1550 literis
1189 1514 1403 1562 permotus
1429 1512 1578 1561 incipit
1604 1525 1692 1550 esse

89 1568 298 1619 placatior,
326 1582 383 1614 ac,
410 1568 467 1606 ‘si
497 1568 603 1606 mihi
624 1568 828 1615 videatur,
852 1570 1120 1617 posteaquam
1149 1569 1321 1616 vterque
1350 1567 1394 1604 in
1424 1566 1690 1615 proscenium
1710 1577 1776 1608 490

90 1623 255 1673 prodiit,
286 1624 331 1661 vt
358 1623 427 1669 ait,
459 1625 704 1672 personatus
734 1621 807 1670 (sic
836 1622 951 1660 enim
976 1621 1141 1671 prodire
1166 1621 1354 1660 solebant
1380 1621 1620 1670 pugnaturi)
1646 1633 1692 1659 ac

89 1691 186 1717 suas
215 1690 291 1727 pro
320 1677 431 1716 virili
459 1679 596 1727 partes
624 1676 755 1726 egisse
783 1676 898 1714 visus
927 1679 1134 1726 est,——-ego
1162 1675 1355 1714 videlicet
1380 1675 1692 1725 epigrammatis

89 1731 261 1782 aliquot,
294 1732 464 1770 Brixius
485 1731 658 1781 integris
684 1730 996 1778 voluminibus;
1026 1743 1101 1780 ego
1126 1730 1402 1781 prouocantis,
1426 1730 1498 1768 ille
1524 1743 1691 1779 respon-

94 1787 231 1825 dentis
261 1788 372 1837 (nam
406 1786 495 1834 hoc,
528 1799 581 1824 ne
614 1785 707 1835 quis
745 1785 900 1835 alioqui
939 1798 1025 1824 non
1063 1785 1211 1831 credat,
1248 1788 1435 1822 accurate
1473 1785 1690 1834 repetit‘j—
1757 1823 1759 1825 ,

92 1854 177 1879 11011
196 1843 356 1880 recusat
375 1841 544 1879 tandem
565 1853 645 1890 quo
666 1839 808 1878 minus
828 1839 984 1878 dextris
1003 1839 1184 1878 inuicem
1205 1839 1360 1877 iunctis
1382 1839 1555 1877 Erasnio
1576 1842 1691 1888 patre
1711 1849 1773 1881 495

91 1898 253 1945 patrato
278 1895 365 1946 (qui
389 1908 480 1933 mos
505 1894 606 1933 olim
632 1894 712 1932 fuit
741 1893 960 1943 peculiaris
984 1893 1273 1943 histrionibus)
1295 1893 1490 1931 feriamus
1511 1894 1654 1932 foedus
1669 1893 1689 1941 ³,

90 1950 332 1999 praesertim
352 1963 447 1987 cum
466 1951 513 1987 tu
534 1962 600 1987 me
626 1949 780 1987 sentias
804 1948 919 1987 illius
944 1962 1083 1987 amore
1109 1948 1415 1998 dignissimum.
1476 1948 1693 1986 Caeterum

92 2017 143 2042 ne
172 2018 251 2053 pax
280 2007 368 2042 tam
397 2003 517 2041 facile
546 2003 767 2052 impetrata
793 2002 909 2041 fieret
935 2003 1145 2052 aliquanto
1173 2003 1458 2051 contemptior,
1487 2005 1558 2040 aut
1587 2002 1691 2041 mihi

93 2057 190 2096 inde
211 2060 428 2109 surgerent
452 2058 608 2106 cristae,
630 2058 689 2096 ita
708 2070 796 2095 rem
824 2058 1081 2106 temperauit‚
1105 2069 1312 2105 nusquam
1341 2070 1438 2094 suae
1463 2057 1694 2095 maiestatis

92 2112 324 2159 immemor,
347 2116 394 2151 vt
417 2112 473 2150 ‘si
493 2111 725 2161 tragoediae
745 2111 875 2161 ipsius
895 2112 1055 2149 exitum
1077 2114 1260 2161 spectare
1281 2112 1439 2158 malim,
1460 2111 1569 2148 nihil
1590 2111 1692 2149 item
1712 2123 1776 2155 500

92 2169 279 2205 moretur
307 2180 386 2217 quo
416 2166 557 2204 minus
585 2179 631 2204 ea
659 2167 709 2204 ad
736 2168 996 2216 postremum
1022 2178 1151 2216 vsque
1181 2168 1321 2204 actum
1350 2166 1598 2203 deducatur:
1632 2167 1692 2203 vt-

93 2223 188 2270 pote
208 2221 275 2259 cui
294 2235 386 2259 mea
405 2220 648 2271 hypocrysis
667 2234 753 2259 non
773 2220 827 2259 sit
846 2222 933 2259 tam
953 2220 1208 2259 admirabilis
1227 2222 1273 2258 vt
1292 2220 1414 2257 illum
1437 2232 1459 2257 a
1478 2219 1690 2269 proscenio

94 2275 308 2322 deterreat,
342 2288 417 2313 nec
446 2275 554 2314 vires
583 2275 685 2312 item
714 2275 946 2324 vsqueadeo
970 2274 1267 2322 formidabiles,
1290 2275 1335 2312 vt
1361 2274 1396 2311 si
1422 2287 1573 2312 manus
1599 2287 1692 2312 con-

93 2330 198 2367 ferre
236 2330 450 2378 voluerim,
492 2330 718 2368 detractare
757 2329 914 2377 debeat,
951 2330 1074 2367 modo
1112 2329 1227 2376 meis,
1269 2342 1354 2367 non
1392 2331 1437 2366 vt
1477 2328 1693 2367 Patroclus

94 2383 286 2431 Achillis,
328 2384 455 2422 armis
499 2385 809 2422 concertaturus
847 2383 892 2421 in
930 2383 1176 2434 palaestram
1216 2382 1478 2431 descendam,
1516 2385 1557 2421 et
1595 2385 1690 2421 ante
1712 2392 1774 2425 505

93 2438 333 2476 conflictum
353 2439 518 2476 insonet
538 2438 639 2476 tuba
651 2438 672 2477 '.
719 2438 777 2477 Vt
797 2437 916 2476 miris
935 2437 1093 2476 artibus
1112 2437 1235 2476 istam
1257 2437 1689 2484 conflictatiunculaln,

95 2505 174 2541 qua
210 2492 341 2531 ferme
380 2493 583 2531 duntaxat
621 2492 710 2542 ipse
752 2495 910 2541 pugnat
948 2505 1101 2540 secum,
1144 2494 1315 2530 exornat
1360 2492 1531 2530 Brixius
1569 2494 1692 2541 atque

95 2548 366 2597 ἀποσεμνύνειῑ
425 2547 532 2585 Nam
571 2546 689 2584 velut
722 2546 948 2584 histriones
977 2560 1054 2585 nos
1083 2546 1321 2593 committit,
1354 2546 1539 2594 comicos,
1573 2547 1693 2596 tragi-

94 2613 173 2648 cos,
196 2601 463 2649 palaestritas,
486 2600 731 2638 bellatores:
760 2603 801 2638 et
821 2602 975 2638 mirum
1003 2602 1065 2638 est
1091 2602 1244 2650 quanto
1271 2614 1366 2638 cum
1392 2601 1566 2639 artificio
1593 2601 1694 2639 haec

94 2654 204 2692 inter
223 2669 267 2693 se
293 2658 380 2693 tam
402 2655 564 2693 diuersa
590 2654 866 2703 commisceat,
892 2668 1015 2704 quam
1046 2656 1244 2693 concinne
1270 2655 1554 2704 pugnantibus
1581 2657 1694 2704 aptet
1714 2664 1779 2695 510

93 2721 298 2758 personas,
324 2709 467 2747 mimis
486 2708 660 2747 scenicis
678 2722 803 2758 arma,
828 2711 869 2747 et
893 2709 1082 2747 adhibito
1101 2711 1218 2758 patre
1243 2711 1405 2758 patrato
1431 2709 1541 2747 inter
1566 2710 1695 2760 impe·

138 2813 212 2851 468.
239 2813 474 2844 clarissimam
492 2816 596 2844 Jortin
611 2825 617 2845 :
643 2813 889 2845 charissimam
906 2825 935 2844 α.
1042 2813 1117 2852 478.
1142 2823 1330 2852 nunquam
1347 2816 1469 2844 Jortm:
1494 2813 1643 2851 inquam
1661 2825 1692 2844 α.

93 2866 166 2895 479.
194 2857 343 2896 attingit
357 2859 467 2894 scripsi
481 2868 487 2887 ε
513 2858 669 2897 attinget
686 2869 724 2888 a:
749 2858 907 2897 attingat
923 2859 1036 2887 ιῙονίὶη.
1151 2867 1225 2896 494.
1250 2860 1412 2887 accurate
1429 2859 1532 2887 Jortz'n
1547 2867 1554 2887 :
1579 2866 1696 2887 accur-

96 2902 169 2930 rate
187 2912 217 2930 α.
352 2909 425 2939 507.
452 2903 601 2931 exornat
617 2903 738 2932 Jortin:
764 2903 910 2932 exornet
927 2912 958 2932 α.
1094 2909 1166 2939 510.
1193 2902 1292 2941 aptet
1309 2903 1420 2938 scripsi
1435 2913 1440 2931 :
1464 2902 1565 2940 aptat
1581 2911 1612 2930 α.

141 3020 212 3050 472.
241 3011 381 3053 ludere]
406 3013 466 3053 Ep.
489 3022 581 3052 1045.
604 3023 653 3051 71.
1097 3021 1170 3049 474.
1198 3009 1333 3051 gladio]
1360 3011 1420 3049 Ep.
1446 3019 1537 3049 1045.
1559 3020 1610 3048 70.

607 3066 680 3096 491.
707 3058 746 3086 vt
764 3056 831 3097 ait]
858 3056 919 3095 Ep.
944 3064 1037 3094 1045.
1057 3055 1175 3093 81-94.
