1990 3353
278 449 317 480 55

277 707 319 740 60

279 1796 321 1826 80

281 2068 320 2108 85

283 2348 324 2378 90

337 105 418 144 500
803 104 1057 144 LETTERS
1096 104 1165 145 OF
1203 102 1470 144 ERASMUS
1810 100 1849 156 [1
1859 114 1905 151 52
1915 114 1932 140 1

392 215 574 254 Proinde
603 215 849 264 scripseram
877 213 1099 263 diligenter
1127 213 1330 252 Frobenio
1360 216 1501 252 nostro
1521 215 1567 252 vt
1592 213 1668 252 hoc
1691 214 1826 263 operis
1853 212 1937 252 mei

336 272 533 320 perpetuo
554 272 776 319 premeret,
790 270 862 306 aut
881 269 1063 306 seruaret
1082 268 1128 306 in
1148 270 1313 317 tempus
1330 268 1456 315 aliud,
1474 269 1544 306 aut
1564 270 1672 306 certe
1691 268 1736 305 in
1757 267 1938 306 reditum

337 337 481 363 meum
500 323 701 373 proferret
716 337 724 360 :
755 322 1069 372 Paraphraseon
1086 335 1189 372 opus
1205 322 1461 369 acceleraret,
1478 335 1559 372 quo
1575 322 1789 360 neminem
1804 321 1937 361 adhuc

338 378 491 418 offendi
511 377 816 426 comperissem.
876 377 937 415 At
956 376 1038 424 ille,
1062 378 1108 414 vt
1135 376 1244 414 mihi
1273 377 1440 426 quidem
1469 377 1704 426 frequenter
1732 379 1794 415 est
1822 376 1935 414 leuae

337 433 506 480 mentis,
529 431 724 470 omnibus
743 432 790 469 vt
815 430 1004 469 scribunt
1030 430 1293 480 posthabitis,
1316 430 1599 481 Epistolarum
1620 443 1722 479 opus
1745 430 1937 479 adprope-

337 487 447 525 rauit
473 486 684 534 excudere,
708 487 873 535 iamque
896 498 965 523 me
990 484 1122 523 inscio
1148 485 1199 523 ad
1225 485 1296 524 xli.
1319 485 1532 524 senionem
1559 485 1777 534 peruenit3
1806 497 1939 534 neque

337 541 559 591 quicquam
578 542 810 579 remoratur
835 539 1089 578 aeditionem
1113 541 1276 589 praeter
1300 540 1597 589 praefationem
1621 541 1661 577 et
1686 538 1936 578 coronidem.

337 595 470 644 Negat
490 597 630 633 autem
651 607 694 633 se
714 595 874 633 diutius
892 607 1133 644 pressurum
1154 606 1268 643 opus,
1291 593 1418 632 etiam
1439 593 1475 632 si
1494 594 1581 643 ipse
1602 594 1774 632 fortasse
1793 606 1939 642 grauer

336 649 492 699 aliquid
519 649 665 687 addere
686 664 694 696 ;
724 648 845 687 citius
865 648 1095 687 emissurus
1115 649 1308 697 ἀκέφαλον
1327 661 1372 686 ac
1392 648 1563 698 μείουρον
1583 660 1685 697 opus
1704 660 1829 697 quam
1851 649 1939 685 tan-

336 706 424 742 tam
454 704 657 754 impendii
691 704 892 742 iacturam
919 704 1174 752 accepturus,
1233 702 1400 741 Scilicet
1429 715 1519 741 mos
1547 701 1709 740 homini
1737 701 1941 751 gerendus

337 761 410 805 est,
448 760 489 797 et
526 758 614 808 ipse
652 757 837 796 fortassis
874 756 1043 807 aliquod
1081 757 1214 795 famae
1252 756 1519 806 dispendium
1551 756 1712 804 faciam,
1746 758 1794 795 vt
1826 755 1940 795 illius

337 813 555 851 commodo
589 812 840 850 consulatur.
899 814 959 850 At
990 812 1153 861 quando
1188 811 1296 860 quod
1325 811 1439 849 volui
1469 810 1645 849 obtineri
1674 823 1759 848 non
1788 811 1935 860 potest,

336 867 410 916 tui,
428 867 486 905 mi
501 867 638 914 Beate,
653 865 842 904 candoris
861 867 939 904 erit
957 865 1182 915 aduigilare
1197 868 1243 903 vt
1263 879 1366 915 opus
1386 867 1502 904 exeat
1521 878 1646 915 quam
1663 863 1839 903 minima
1857 865 1940 903 mei

337 922 521 960 nominis
540 921 709 959 inuidia.
770 920 864 958 Non
884 920 984 958 satis
1003 919 1178 958 memini
1199 932 1301 969 quas
1323 919 1511 958 miserim
1531 919 1738 968 epistolas.
1797 920 1939 968 Atque

301 990 317 1021 5
336 989 384 1014 ea
412 976 541 1026 gratia
570 975 673 1013 iussi
707 977 751 1013 vt
786 988 859 1025 per
887 974 1084 1012 iuuenem
1113 987 1210 1012 eum
1241 987 1312 1024 per
1342 987 1466 1024 quem
1496 973 1593 1012 misi
1619 974 1801 1023 priorem
1831 973 1941 1011 Noui

336 1029 595 1069 Testamenti
631 1030 806 1079 partem,
845 1028 1077 1066 remitteret
1116 1028 1226 1077 quod
1264 1041 1462 1067 excusum
1495 1031 1604 1066 esset
1636 1040 1685 1065 ex
1723 1027 1936 1077 Epistolis.

338 1084 455 1133 Quod
477 1098 558 1134 quo
578 1084 751 1122 consilio
771 1084 970 1133 grauatus
989 1082 1043 1121 sit
1063 1082 1206 1130 facere,
1228 1095 1314 1121 non
1335 1096 1441 1133 queo
1460 1083 1563 1121 satis
1581 1081 1825 1120 coniectare.

393 1139 483 1177 Hac
502 1138 633 1187 igitur
654 1139 698 1175 in
723 1151 778 1183 re,
801 1139 841 1176 te
870 1150 942 1187 per
970 1137 1199 1175 amicitiam
1228 1138 1415 1176 nostram
1444 1137 1637 1184 obtestor,
1660 1135 1939 1175 eruditissime

336 1193 476 1240 Beate,
499 1195 546 1231 vt
576 1192 684 1243 quod
714 1205 787 1241 ego
816 1192 999 1230 facturus
1028 1204 1153 1237 eram,
1183 1191 1219 1230 si
1247 1191 1445 1238 licuisset,
1475 1193 1522 1230 tu
1551 1190 1689 1237 facias,
1712 1203 1808 1228 vere
1836 1190 1940 1229 alter

337 1261 410 1297 ego
429 1262 438 1295 ;
467 1249 590 1296 atque
609 1246 744 1285 modis
765 1246 960 1284 omnibus
979 1246 1038 1284 sic
1059 1259 1156 1295 agas
1175 1259 1228 1284 ne
1248 1246 1373 1284 isthic
1394 1246 1593 1284 Erasmus
1611 1245 1791 1284 abfuisse
1805 1245 1941 1283 videa·

338 1304 417 1340 tur.
476 1302 619 1350 Neque
648 1314 746 1339 vero
776 1302 817 1338 te
844 1302 1012 1338 moueat
1041 1300 1257 1338 tantillum
1287 1300 1442 1347 damni,
1465 1300 1573 1350 quod
1601 1299 1681 1338 erit
1710 1298 1755 1336 in
1783 1299 1940 1350 aliquot

338 1356 493 1395 chartis
527 1355 740 1394 mutandis
773 1354 1098 1404 suscipiendum.
1170 1354 1275 1393 Mihi
1307 1357 1446 1393 totum
1478 1354 1592 1393 istud
1628 1353 1827 1404 quicquid
1861 1353 1941 1392 erit

339 1410 549 1460 dispendii
581 1410 673 1448 volo
708 1408 919 1459 imputari.
980 1408 1235 1447 Frobenium
1269 1410 1503 1448 immunem
1539 1421 1626 1447 esse
1658 1408 1791 1447 iubeo.
1850 1407 1941 1457 Ego

337 1465 502 1503 lucrum
551 1478 639 1503 esse
687 1464 850 1514 deputo,
894 1463 1054 1512 quoties
1090 1464 1287 1513 pecuniae
1330 1463 1487 1502 iactura
1524 1463 1656 1501 famae
1695 1461 1937 1501 consulitur.

302 1536 318 1566 5
340 1518 609 1558 Pecuniolam
637 1518 756 1556 illam
785 1517 905 1556 facile
933 1518 1159 1556 sarciemus
1187 1518 1390 1557 alicunde.
1448 1518 1599 1556 Famae
1621 1516 1828 1555 laboranti
1855 1529 1941 1554 non

338 1573 458 1612 facile
486 1574 769 1611 succurritur:
804 1572 871 1610 cui
903 1572 940 1610 si
974 1572 1082 1610 nihil
1114 1572 1239 1611 etiam
1271 1572 1513 1618 immineret
1542 1571 1727 1621 periculi,
1764 1570 1941 1609 arbitror

338 1630 480 1666 tamen
515 1627 646 1666 animi
678 1640 767 1666 esse
802 1626 1030 1666 Christiani
1064 1639 1136 1675 pro
1169 1626 1330 1665 viribus
1362 1626 1496 1664 adniti
1530 1629 1576 1664 vt
1609 1626 1666 1664 sic
1699 1625 1941 1664 studeamus

340 1682 535 1721 omnibus
557 1681 803 1728 satisfacere,
823 1694 876 1719 ne
897 1694 1133 1730 quenquam
1152 1680 1218 1719 vel
1239 1681 1525 1730 imprudentes
1543 1680 1814 1718 offendamus.
1875 1679 1942 1718 Fit

339 1739 481 1775 autem
500 1737 577 1775 hoc
598 1736 734 1774 nescio
755 1748 834 1785 quo
855 1748 948 1773 meo
964 1735 1074 1773 malo
1093 1735 1189 1784 fato,
1207 1739 1254 1773 vt
1273 1736 1324 1774 ab
1338 1736 1389 1773 iis
1409 1735 1460 1774 ad
1480 1747 1585 1784 quae
1604 1733 1775 1772 videbar
1793 1735 1942 1772 natura

340 1791 605 1842 compositus,
627 1790 672 1828 in
698 1789 828 1828 alium
854 1802 1047 1839 campum
1074 1789 1195 1839 longe
1221 1790 1433 1828 diuersum
1460 1789 1627 1827 fortuna
1653 1801 1719 1825 me
1747 1787 1937 1837 depellat,

341 1846 430 1884 siue
462 1846 573 1883 vitae
607 1846 765 1894 spectes
796 1844 1054 1891 institutum,
1090 1844 1180 1882 siue
1214 1844 1448 1882 studiorum
1480 1856 1623 1893 genuS.
1684 1842 1856 1881 Etenim
1890 1856 1941 1881 ne

340 1900 509 1950 singula
539 1911 871 1946 commemorem,
903 1911 998 1936 cum
1026 1898 1187 1936 viderer
1219 1899 1269 1937 ad
1298 1899 1439 1936 fusum
1470 1898 1546 1936 hoc
1576 1909 1620 1935 ac
1649 1896 1828 1935 liberum
1857 1909 1941 1935 ora-

339 1954 469 1993 tionis
497 1966 630 2003 genus
657 1966 745 1992 esse
775 1954 911 2001 natus,
938 1952 1046 2002 quod
1076 1952 1119 1990 in
1151 1952 1430 2000 concionibus,
1458 1951 1845 1999 consultationibus,
1870 1953 1943 1989 aut

341 2009 467 2047 etiam
497 2007 870 2046 declamationibus
898 2006 1088 2045 adhiberi
1116 2007 1231 2053 solet,
1253 2007 1298 2045 in
1328 2006 1588 2045 collectaneis
1613 2005 1938 2055 prouerbiorum,

341 2063 386 2101 in
406 2062 576 2101 scholiis
596 2065 637 2100 et
657 2060 999 2099 annotationibus
1019 2061 1171 2099 bonam
1191 2061 1321 2100 studii
1341 2061 1577 2110 portionem
1597 2060 1786 2098 contriui.

396 2118 616 2157 Caeterum
635 2116 687 2155 ad
707 2115 900 2165 epistolas
919 2115 1157 2154 scribendas
1176 2115 1348 2155 fortasse
1369 2129 1453 2153 non
1474 2115 1533 2153 ita
1548 2114 1667 2152 valde
1683 2113 1813 2152 videri
1831 2115 1942 2164 pote-

341 2185 429 2210 ram
449 2172 616 2221 ineptus
634 2184 644 2218 ;
672 2183 818 2208 verum
840 2170 996 2219 alioqui
1016 2169 1175 2208 multae
1194 2183 1260 2208 res
1279 2172 1396 2208 erant
1415 2183 1520 2219 quae
1540 2181 1608 2206 me
1627 2169 1678 2206 ab
1697 2168 1775 2206 hoc
1795 2180 1942 2217 genere

342 2226 613 2264 deterrebant.
687 2224 881 2263 Primum
918 2224 956 2262 si
994 2223 1195 2273 epistolae
1233 2226 1373 2262 carent
1406 2223 1517 2262 veris
1554 2222 1772 2260 affectibus
1809 2235 1942 2272 neque

341 2280 473 2319 vitam
502 2280 635 2329 ipsam
665 2279 850 2317 hominis
878 2280 1201 2327 repraesentant,
1227 2278 1311 2316 iam
1341 2278 1538 2328 epistolae
1566 2289 1720 2315 nomen
1748 2289 1833 2315 non
1861 2289 1943 2314 me-

342 2337 496 2373 rentur.
548 2333 697 2382 Quales
717 2335 816 2371 sunt
837 2332 1013 2371 Senecae
1033 2332 1083 2370 ad
1100 2332 1334 2371 Lucilium:
1363 2334 1486 2382 atque
1506 2331 1607 2370 adeo
1625 2331 1734 2369 inter
1752 2343 1820 2370 eas
1839 2343 1942 2380 quas

386 2457 442 2487 52.
466 2448 567 2478 aliud
587 2450 730 2486 tempus
746 2449 783 2477 F.
951 2455 1004 2485 55.
1028 2448 1068 2477 vt
1084 2446 1247 2476 scribunt
1263 2447 1339 2476 add.
1357 2447 1391 2476 F.
1563 2445 1616 2485 56.
1640 2443 1814 2475 excudere
1829 2453 1887 2474 om.
1906 2445 1942 2475 F.

343 2491 404 2522 xli.
422 2505 441 2523 α
457 2503 462 2521 ;
486 2490 796 2530 quadragesimum
815 2491 974 2530 primum
990 2491 1033 2520 H.
1147 2490 1199 2529 58.
1227 2490 1374 2520 fortasse
1386 2491 1460 2519 add.
1477 2490 1519 2520 H.
1645 2497 1698 2527 59.
1722 2486 1888 2526 ἀκέφαλον
1904 2496 1943 2518 ac

343 2533 487 2574 μείουρον
504 2537 532 2565 F
547 2546 554 2565 :
579 2534 649 2565 Hic
667 2535 779 2565 Greca
797 2545 830 2564 α.
971 2534 1024 2565 61.
1051 2534 1106 2564 est
1119 2535 1193 2564 add.
1209 2536 1243 2564 F.
1337 2532 1484 2563 fortasse
1501 2532 1615 2562 famae
1631 2530 1864 2571 dispendium
1880 2530 1943 2561 ali-

344 2579 438 2617 quod
461 2581 497 2608 F.
675 2579 727 2608 62.
754 2575 939 2608 commodo
956 2587 996 2607 a:
1020 2576 1234 2617 compendio
1256 2578 1294 2607 F.
1449 2577 1501 2613 64.
1529 2574 1696 2615 epistolas
1720 2573 1883 2605 miserim
1906 2576 1941 2604 F.

344 2624 396 2661 65.
422 2631 503 2652 eum
522 2624 597 2652 add.
615 2624 651 2652 F.
785 2631 835 2660 70.
863 2620 1032 2651 omnibus
1048 2620 1164 2651 modis
1179 2623 1214 2651 F.
1350 2629 1400 2658 71.
1428 2618 1616 2650 tantillum
1634 2630 1654 2648 α
1671 2628 1682 2650 z
1703 2616 1886 2649 tantulum
1905 2619 1940 2648 F.

347 2666 397 2703 76.
425 2667 547 2695 tamen
564 2665 719 2695 arbitror
735 2667 770 2695 F.
905 2665 957 2702 78.
982 2664 1184 2695 satisfacere
1202 2675 1221 2693 α
1237 2673 1245 2694 :
1268 2662 1432 2703 prodesse
1450 2666 1484 2693 F.
1628 2672 1679 2702 79.
1705 2661 1751 2692 iis
1766 2672 1806 2692 a:
1831 2661 1889 2691 his
1905 2662 1939 2691 F.

345 2710 399 2740 80.
425 2718 480 2739 me
499 2711 640 2739 fortuna
656 2711 690 2738 F.
784 2707 836 2738 86.
864 2707 1014 2738 fortasse
1030 2710 1078 2738 F:
1101 2708 1254 2738 forsitan
1271 2718 1303 2738 α.

389 2822 440 2852 53.
469 2811 749 2851 Pamphi-aseon]
772 2810 947 2850 Probably
964 2810 1026 2841 the
1043 2809 1111 2841 col·
1178 2809 1259 2839 —of
1281 2818 1407 2839 course
1430 2808 1571 2839 revised
1595 2807 1642 2848 by
1665 2807 1857 2838 Erasmus:
1880 2805 1942 2836 the

345 2855 458 2887 lected
470 2855 788 2885 volumeofMarch
805 2864 902 2893 1521:
921 2864 979 2884 see
991 2854 1110 2892 p.416.
1180 2862 1261 2883 new
1292 2854 1424 2883 matter
1457 2851 1634 2883 followed.
1696 2849 1760 2881 See
1789 2848 1858 2881 vol.
1891 2849 1940 2888 iii,

388 2900 443 2939 56.
466 2898 528 2929 xli.
554 2898 752 2939 senionem]
775 2898 872 2928 Thus
894 2897 950 2928 far
973 2897 1110 2928 Froben
1179 2906 1211 2936 p.
1231 2897 1306 2935 627.

346 2943 417 2974 had
450 2943 537 2973 been
570 2942 772 2981 reprinting
803 2941 865 2972 the
892 2940 1052 2971 volumes
1076 2940 1114 2970 of
1222 2941 1275 2979 65.
1305 2939 1396 2970 Noui
1420 2937 1655 2979 Testamenti]
1681 2936 1733 2969 cf.
1761 2936 1826 2977 Ep.
1847 2944 1939 2974 1174.

348 2988 472 3017 letters
493 2985 636 3025 already
657 2984 859 3025 published,
879 2983 930 3023 C‘,
946 2985 986 3023 B,
1004 2982 1062 3021 D¹,
1082 2984 1109 3014 Ε
1180 2992 1257 3022 1511.
