1990 3353
224 382 286 414 250

224 652 284 683 255

223 913 285 944 260

305 152 383 191 146
772 153 1023 193 LETTERS
1061 153 1130 192 OF
1167 153 1435 193 ERASMUS
1776 152 1901 206 [15¹9

303 263 552 313 Augustino,
594 262 865 313 Hieronymo,
908 262 1115 312 Cypriano
1149 263 1381 312 dissentire,
1421 265 1589 303 caeteris
1628 265 1901 315 praescribam

303 318 437 367 legem
458 330 511 355 ne
531 317 624 367 quis
643 330 666 354 a
686 330 753 355 me
773 316 1000 355 dissentiat.
1062 317 1183 356 Nunc
1202 318 1310 356 clara
1328 331 1425 357 voce
1445 320 1577 358 testor
1599 333 1665 357 me
1685 319 1794 357 velle
1823 319 1900 357 hoc

304 372 370 410 ius
399 373 585 422 primum
613 371 719 409 mihi
747 371 827 420 ipsi
855 371 1068 420 integrum
1098 385 1197 417 esse,
1224 373 1374 411 deinde
1402 373 1505 412 alios
1533 374 1583 412 ad
1609 373 1685 411 hoc
1709 373 1899 412 studium

303 439 481 476 prouoco
500 428 623 475 atque
643 425 789 471 inuito,
811 427 978 463 tantum
997 425 1112 464 abest
1131 428 1177 464 vt
1197 427 1437 466 deterream.

357 482 497 530 Atque
530 480 628 518 haec
661 479 849 518 fortassis
882 492 965 517 non
1000 479 1156 529 legerat
1193 481 1310 518 Leus.
1372 481 1479 519 Nam
1515 481 1690 520 memini
1723 494 1820 520 cum
1853 481 1898 519 in

303 534 508 584 colloquio
547 534 725 583 quodam
765 547 831 571 me
868 533 1051 582 grauiter
1088 534 1330 573 admoneret
1366 537 1414 573 vt
1455 538 1630 574 testarer
1667 535 1817 574 alicubi
1854 535 1900 574 in

304 588 558 637 praefatione
577 601 645 626 me
666 601 751 625 non
770 587 848 625 hoc
869 588 1009 626 animo
1028 588 1230 627 aedidisse
1251 589 1417 627 Nouum
1439 590 1766 637 Testamentum,
1791 589 1899 639 quod

304 642 462 680 nollem
477 656 500 680 a
517 643 766 680 Graecorum
781 642 956 680 lectione
971 655 1143 692 vsquam
1158 643 1379 688 dissentiri,
1395 657 1572 693 moxque
1593 644 1900 694 respondissem

303 697 548 735 iamdudum
569 697 610 734 id
631 696 737 734 mihi
758 709 842 734 non
868 697 997 734 semel
1023 699 1222 735 testatum
1249 710 1337 735 esse
1363 698 1407 735 in
1433 699 1622 748 prologis,
1649 698 1782 736 aiebat
1813 711 1901 737 sese

304 750 535 800 praeteritis
564 750 889 800 praefationibus
917 751 967 789 ad
998 764 1085 789 rem
1115 765 1364 801 properasse.
1429 753 1583 802 ‘Atqui
1611 752 1647 790 si
1675 752 1786 791 idem
1803 754 1812 768 ’
1841 752 1900 790 in-

304 819 428 854 quam
452 805 628 843 ‘faciant
647 805 794 843 caeteri
815 806 922 854 quod
944 807 1002 847 tu,
1027 805 1126 855 quid
1148 806 1338 844 retulerit
1357 806 1484 844 fuisse
1505 808 1704 845 testatum
1717 808 1739 846 ⁶?
1754 807 1764 822 '

359 859 472 897 Illud
494 859 601 897 mihi
620 859 763 897 videor
783 873 875 897 meo
894 859 984 897 iure
998 862 1253 909 sumpturus,
1273 860 1485 898 neminem
1502 863 1600 899 ant-e
1616 875 1683 898 me
1696 861 1763 899 vel
1779 861 1900 910 plura

304 914 369 952 vel
401 913 645 963 diligentius
674 915 905 952 annotasse.
965 914 1021 952 Vt
1050 927 1103 952 ne
1133 914 1265 952 dicam
1295 915 1463 952 interim
1493 915 1599 965 quod
1629 915 1674 952 in
1703 929 1750 953 eo
1780 928 1900 964 opere

304 981 387 1006 non
421 968 615 1017 profiteor
647 981 714 1005 me
748 968 942 1017 quicquid
977 971 1038 1006 est
1069 969 1175 1006 scitu
1210 969 1385 1016 dignum
1414 972 1724 1014 annotaturum,
1756 969 1825 1007 sed
1853 983 1900 1008 ea

304 1024 506 1060 duntaxat
526 1035 628 1072 quae
655 1022 706 1061 ad
736 1021 926 1060 lectionis
953 1023 1246 1072 synceritatem
1267 1023 1438 1061 faciunt.
1501 1023 1619 1072 Quod
1643 1024 1678 1061 si
1707 1025 1774 1062 cui
1793 1023 1900 1061 vide·

303 1077 417 1115 bitur
436 1076 698 1114 diuersorum
718 1089 915 1125 generum
938 1076 1226 1115 annotationes
1247 1077 1474 1126 complecti,
1498 1091 1585 1116 non
1609 1077 1808 1116 continuo
1832 1090 1900 1115 me

302 1131 460 1175 vicerit,
496 1131 577 1169 nisi
609 1132 653 1168 in
684 1130 830 1168 eodem
865 1133 1112 1177 argumento
1146 1145 1190 1170 se
1221 1132 1473 1181 praestiterit
1505 1132 1786 1181 copiosiorem.
1845 1131 1901 1170 Et

222 1195 236 1207 ⁶
270 1195 279 1202 ’
303 1188 442 1223 tamen
472 1186 532 1223 510
561 1185 679 1223 faueo
709 1185 790 1233 piis
820 1185 980 1233 studiis,
1012 1188 1057 1223 vt
1085 1199 1168 1223 non
1195 1199 1219 1223 a
1246 1186 1329 1224 Leo
1354 1188 1520 1224 tantum
1545 1186 1820 1225 verumetiam
1849 1186 1901 1224 ab

223 1736 282 1768 275

222 2000 283 2030 280

221 2278 281 2318 285

221 2558 283 2591 290

303 1240 499 1278 omnibus
517 1240 629 1278 vinci
649 1239 825 1288 cupiam.
885 1240 952 1277 Ad
978 1240 1133 1278 Christi
1158 1240 1345 1289 gloriam,
1368 1241 1419 1278 ad
1444 1240 1652 1287 publicam
1674 1240 1901 1279 vtilitatem

302 1307 445 1332 eorum
466 1294 537 1344 qui
558 1294 752 1332 deamant
772 1306 906 1332 sacras
926 1294 1077 1341 literas,
1103 1294 1181 1332 hoc
1201 1295 1396 1344 quicquid
1423 1296 1486 1333 est
1506 1294 1658 1333 laboris
1678 1294 1898 1333 desudaui:

303 1361 376 1386 cur
400 1351 568 1398 repente
588 1350 776 1386 mutatus
802 1348 1033 1386 inuiderem
1054 1349 1106 1387 iis
1125 1362 1303 1398 quorum
1322 1349 1453 1399 gratia
1473 1351 1639 1387 tantum
1659 1349 1900 1399 vigiliarum

302 1403 580 1441 exantlassem
596 1404 617 1441 ‘?
664 1404 749 1440 imo
778 1416 851 1440 cur
874 1402 981 1440 mihi
1007 1403 1088 1452 ipsi
1111 1403 1335 1451 inuideam,
1359 1403 1394 1441 si
1422 1403 1515 1453 quis
1536 1416 1610 1441 suo
1636 1405 1807 1452 sumptu
1833 1416 1901 1441 me

303 1456 405 1494 velit
425 1458 569 1495 docere
591 1457 659 1495 vel
686 1456 804 1506 plura
824 1457 893 1495 vel
920 1457 1127 1496 rectiora?
1185 1457 1353 1505 Quaeso,
1385 1458 1483 1507 quid
1513 1457 1579 1495 hic
1607 1460 1668 1496 est
1698 1458 1809 1506 quod
1834 1457 1900 1495 vel

303 1511 410 1549 mihi
431 1512 539 1549 Leus
557 1511 801 1560 indignetur
819 1511 886 1549 vel
905 1525 979 1561 ego
999 1513 1078 1549 sim
1098 1511 1161 1550 1111
1180 1511 1364 1561 1111011101·
1378 1514 1398 1550 ⁶?
1454 1511 1499 1549 Si
1519 1525 1600 1549 11011
1620 1512 1764 1561 probat
1783 1525 1902 1562 argu-

302 1567 492 1604 mentum
509 1568 762 1615 susceptum,
780 1578 853 1603 cur
872 1565 958 1615 ipse
978 1566 1112 1603 voluit
1131 1566 1174 1603 in
1194 1567 1339 1604 eodem
1360 1568 1605 1615 argumento
1619 1566 1805 1604 versari?
1845 1566 1900 1604 Et

302 1633 396 1658 cum
417 1633 481 1658 res
502 1619 584 1657 fere
604 1622 692 1658 tota
719 1619 895 1669 pendeat
921 1633 944 1657 a
971 1620 1146 1658 Graecae
1176 1619 1431 1670 Latinaeque
1458 1620 1624 1670 linguae
1647 1620 1803 1669 peritia,
1827 1633 1900 1658 cur

303 1674 408 1712 mihi
424 1687 506 1711 non
520 1675 715 1712 concedat
731 1674 946 1723 Vtriusque
962 1674 1129 1724 linguae
1145 1674 1370 1723 aliquanto,
1390 1674 1551 1724 opinor,
1566 1675 1751 1724 peritiori
1771 1687 1900 1724 quam

301 1727 374 1766 ille
398 1728 462 1774 sit,
489 1729 595 1778 quod
626 1729 714 1777 ipse
746 1728 826 1766 sibi
855 1729 1072 1777 permittit,
1097 1742 1230 1778 nuper
1256 1729 1435 1779 Graecae
1461 1729 1628 1778 linguae
1650 1728 1900 1767 rudimentis

301 1783 502 1827 initiatus,
526 1796 600 1820 nec
620 1796 667 1820 eo
687 1796 928 1832 progressus
947 1783 1081 1821 adhuc
1102 1783 1144 1820 in
1162 1783 1305 1833 lingua
1322 1783 1471 1821 Latina
1484 1786 1531 1821 vt
1548 1796 1721 1829 mecum,
1739 1783 1897 1832 opinor,

301 1837 550 1886 dedignetur
577 1837 639 1875 vti
669 1837 757 1875 iure
785 1837 1032 1875 communi?
1076 1837 1235 1875 Deinde
1264 1851 1337 1875 cur
1364 1837 1471 1875 mihi
1500 1850 1584 1875 non
1614 1838 1827 1886 permittat
1855 1837 1900 1875 in

302 1891 421 1929 Nouo
442 1892 717 1939 Testamento,
742 1892 812 1940 qui
833 1891 912 1929 sibi
933 1891 1039 1929 nihil
1060 1905 1144 1929 non
1165 1891 1371 1940 permittit
1391 1893 1434 1929 in
1455 1892 1608 1938 Veteri,
1625 1892 1747 1942 idque
1768 1904 1901 1940 nuper

301 1945 530 1994 degustatis
547 1945 831 1984 Hebraeorum
848 1946 979 1984 literis
992 1947 1013 1984 ‘?
1054 1946 1295 1994 praesertim
1308 1959 1403 1984 cum
1416 1959 1438 1984 a
1454 1959 1521 1984 me
1537 1948 1618 1984 stet
1637 1949 1698 1984 tot
1714 1946 1900 1996 probato·

300 2013 393 2037 rum
415 2000 713 2049 exemplarium
735 2013 974 2044 consensus,
994 2001 1057 2038 tot
1077 2000 1402 2038 orthodoxorum
1420 2000 1629 2046 autoritas,
1649 2000 1722 2038 ille
1741 2002 1901 2050 praeter

300 2054 425 2092 hodie
454 2054 645 2104 vulgatos
674 2054 961 2092 Hebraeorum
992 2054 1150 2092 codices
1179 2057 1220 2092 et
1248 2054 1378 2092 lexica
1407 2055 1606 2104 quaedam
1636 2054 1766 2093 nullis
1795 2067 1899 2104 pene

301 2108 517 2158 praesidiis
543 2108 711 2147 nitatur.
773 2108 991 2147 Postremo
1016 2122 1089 2146 cur
1117 2109 1225 2146 mihi
1248 2110 1314 2146 ius
1339 2122 1423 2146 non
1450 2108 1504 2146 sit
1530 2109 1606 2146 hoc
1638 2109 1779 2156 facere,
1804 2108 1898 2146 hor-

301 2164 413 2200 tante
444 2164 485 2200 et
514 2163 769 2212 approbante
797 2163 935 2201 Leone
958 2162 1164 2201 Pontifice
1190 2163 1385 2210 Maximo,
1409 2163 1517 2212 quod
1547 2163 1633 2212 ipse
1661 2163 1740 2201 sibi
1767 2162 1898 2201 sumit

299 2217 521 2268 autoritate
541 2216 707 2266 propria
719 2219 739 2255 ‘?

355 2271 497 2320 Neque
518 2284 614 2308 vero
635 2272 734 2309 haec
756 2272 845 2309 dico
867 2271 974 2320 quod
994 2285 1140 2321 parum
1160 2270 1426 2320 comprobem
1447 2271 1518 2308 Lei
1538 2270 1806 2318 industriam,
1827 2271 1897 2309 sed

302 2338 382 2373 quo
404 2325 608 2363 declarem
629 2326 764 2363 neutri
787 2338 951 2363 causam
974 2338 1061 2363 esse
1087 2339 1162 2363 cur
1186 2324 1305 2363 alteri
1324 2325 1391 2363 vel
1415 2325 1598 2363 inuideat
1617 2325 1684 2363 vel
1710 2325 1899 2374 indigne·

301 2381 380 2417 tur.
442 2379 614 2417 Etenim
652 2380 724 2429 qui
757 2380 1016 2418 contendunt
1053 2380 1171 2417 nefas
1207 2393 1296 2418 esse
1335 2379 1554 2429 quicquam
1588 2379 1813 2417 immutare
1854 2379 1899 2417 in

300 2433 482 2482 vulgatis
513 2434 665 2472 nostris
695 2434 914 2481 codicibus,
947 2447 1114 2483 prorsus
1142 2433 1384 2471 insaniunt:
1419 2436 1464 2471 vt
1493 2433 1655 2472 abunde
1683 2433 1900 2472 docuimus

301 2487 346 2524 in
366 2487 571 2536 Apologia
591 2501 671 2537 qua
691 2488 810 2526 Nouo
829 2489 1095 2526 Testamento
1122 2488 1293 2537 praefati
1317 2500 1473 2525 sumus.
1533 2487 1608 2525 Sin
1629 2487 1829 2536 quaedam
1853 2488 1898 2525 in

300 2554 421 2590 opere
442 2554 535 2579 meo
558 2555 640 2579 non
662 2543 817 2591 probat,
840 2556 1037 2591 quorsum
1063 2556 1165 2591 opus
1188 2545 1276 2580 erat
1306 2541 1381 2579 hae
1407 2541 1506 2578 belli
1533 2542 1677 2590 specie,
1700 2555 1898 2591 quorsum

301 2597 364 2633 tot
384 2595 742 2644 oblatrationibus,
767 2599 829 2634 tot
849 2596 1040 2642 susurris,
1057 2597 1120 2634 tot
1139 2595 1434 2645 sycophantiis,
1457 2596 1516 2633 tot
1538 2596 1898 2634 obtrectatricibus

301 2649 487 2699 epistolis
502 2651 522 2688 ⁵?
551 2663 645 2687 cum
667 2663 741 2700 ego
761 2651 871 2688 vltro
890 2650 1146 2700 prouocarim
1167 2650 1217 2688 ad
1234 2650 1311 2687 1100
1327 2649 1518 2697 officium,
1537 2650 1778 2699 priusquam
1790 2650 1899 2689 Leus

436 2739 511 2768 249.
540 2729 594 2759 ius
610 2730 674 2761 hoc
692 2733 727 2761 F.
864 2732 937 2769 276.
964 2731 1090 2770 opinor
1105 2732 1178 2760 add.
1198 2732 1241 2760 H.
1377 2738 1451 2769 291.
1478 2729 1713 2760 oblatratibus
1729 2731 1765 2760 F.

345 2825 420 2856 273.
450 2816 578 2856 nupvr]
605 2817 656 2848 Of.
675 2817 737 2856 Ep.
755 2818 830 2856 998.
851 2827 929 2857 2911.
1176 2817 1250 2855 289.
1278 2815 1467 2856 Apologia]
1492 2815 1541 2847 cf.
1562 2816 1585 2847 1.
1603 2817 1705 2855 246n.

345 2860 421 2898 278.
446 2860 484 2889 in
508 2860 645 2900 Veteri]
671 2860 724 2891 Cf.
752 2860 812 2900 Ep.
845 2862 937 2892 1061.
959 2870 1065 2900 751-2
1177 2870 1249 2898 292.
1277 2859 1517 2899 prouocarim]
1532 2860 1699 2890 Erasmus
1711 2858 1897 2898 evidently

303 2903 458 2933 Ascham
490 2905 601 2934 states
634 2904 705 2943 (Ep.
738 2904 775 2935 ii.
814 2914 863 2943 17,
897 2902 947 2946 (c.
981 2915 1064 2944 1544
1133 2913 1255 2933 means
1272 2904 1310 2933 in
1328 2903 1384 2933 his
1406 2902 1483 2933 first
1507 2903 1642 2933 edition
1665 2903 1705 2934 of
1724 2903 1787 2933 the
1812 2903 1897 2933 New

302 2947 360 2977 fin.
371 2945 402 2988 ))
423 2947 502 2977 that
519 2946 586 2977 1100
603 2947 668 2976 left
684 2949 721 2977 at
738 2948 794 2977 his
810 2948 917 2978 death
936 2958 956 2978 a
972 2958 1063 2979 com·
1133 2947 1338 2977 Testament
1369 2947 1426 2988 (cf.
1462 2946 1525 2986 Ep.
1556 2948 1649 2977 1006.
1678 2945 1786 2986 208n)
1805 2956 1814 2977 :
1844 2945 1898 2976 for

302 2992 466 3030 inentary
483 3000 528 3024 on
545 2990 604 3020 1110
621 2991 843 3021 Pentateuch
861 2991 897 3021 111
915 3001 978 3023 1115.
1029 2991 1064 3022 It
1134 2991 1203 3020 Lee
1220 3000 1292 3020 was
1308 2992 1345 3021 at
1357 2990 1453 3021 work
1471 3000 1516 3021 on
1529 2990 1644 3021 Greek
1657 2990 1696 3021 in
1711 2989 1799 3029 July
1814 2998 1896 3028 1517

299 3034 364 3064 has
381 3043 489 3064 never
507 3035 592 3064 beon
610 3034 765 3073 printed.
1136 3035 1214 3074 (Ep.
1232 3035 1307 3072 607.
1327 3037 1393 3072 15).
