1990 3353
199 316 258 348 115

202 586 262 609 120

212 1668 272 1698 ¹40

212 1940 270 1971 145

217 2217 276 2247 ¹50

219 2746 282 2778 160

280 136 359 174 116
752 135 1002 174 LETTERS
1041 135 1109 173 OF
1149 135 1415 175 ERASMUS
1754 134 1881 188 [15¹9

278 244 361 282 nisi
390 246 745 294 quemadmodum
774 245 887 283 illius
916 245 1067 283 lenitas
1097 245 1218 284 nobis
1247 245 1538 295 obsequundat
1568 245 1612 283 in
1636 244 1793 292 multis,
1820 244 1880 283 ita

279 311 354 336 nos
387 299 575 337 vicissim
609 299 673 337 illi
701 313 775 349 pro
803 302 988 348 tempore
1019 313 1177 338 morem
1207 312 1407 348 geramus,
1440 299 1682 348 praesertim
1712 312 1807 337 cum
1836 298 1879 336 id

278 353 427 391 habeat
447 354 690 403 Apostolica
710 353 908 400 doctrina,
928 355 975 392 vt
996 353 1195 404 improbis
1215 354 1340 392 etiam
1361 367 1404 391 ac
1426 354 1602 392 morosis
1618 353 1880 403 principibus

280 407 621 457 obtemperemus,
645 410 850 457 quatenus
870 408 968 446 licet
988 408 1190 446 incolumi
1209 408 1372 457 pietate.

334 463 473 511 Atque
502 462 577 500 hac
606 462 651 500 in
680 464 808 512 parte,
840 475 932 500 mea
961 462 1179 510 sententia,
1210 462 1343 511 magis
1371 464 1510 511 peccat
1539 462 1720 500 secunda
1743 462 1879 509 factio,

280 516 389 565 quod
418 517 559 554 odiose
587 516 719 554 reiicit
749 516 951 554 iudicium
982 519 1021 554 et
1051 517 1393 555 consuetudinem
1423 516 1630 554 Ecclesiae
1659 517 1881 564 Romanae,

281 583 406 619 quam
437 571 546 619 quod
578 571 789 608 existimat
819 570 933 619 pium
958 584 1047 608 esse
1073 571 1150 609 sub
1174 573 1347 620 Vtraque
1372 571 1506 620 specie
1536 583 1700 609 sumere
1724 570 1883 608 Eucha-

280 624 454 662 ristiam.
513 626 651 674 Atque
669 624 833 662 vtinam
854 625 921 662 hic
943 625 1155 674 Eugenius
1173 625 1392 663 maluisset
1411 624 1628 675 indulgere
1647 625 1886 663 concordiae

281 678 470 728 publicae
501 692 626 728 quam
661 679 748 717 suis
781 679 958 728 priuatis
991 679 1226 717 affectibus!
1270 678 1305 717 si
1338 682 1479 717 tamen
1517 692 1614 718 vera
1647 681 1745 717 sunt
1780 691 1885 728 quae

284 732 407 770 refert
441 733 615 782 epistola
650 736 732 771 tua.
792 734 1036 783 Quanquam
1071 734 1137 772 hic
1175 733 1385 781 Bohemis,
1423 734 1459 772 si
1493 747 1560 771 me
1589 733 1633 771 in
1663 732 1886 771 consilium

283 787 583 827 adhibuissent.
617 789 738 826 autor
766 801 878 826 eram
907 788 1076 826 futurus
1104 790 1158 834 vt,
1191 787 1360 826 tametsi
1389 787 1614 837 probabilis
1643 790 1705 825 est-
1736 788 1811 825 hac
1840 787 1886 825 in

226 854 239 874 2
283 843 398 890 parte
414 841 583 880 illorum
600 842 752 891 opinio,
767 844 908 880 tamen
926 843 1258 891 obtemperarent
1273 842 1413 891 potius
1428 856 1551 892 quam
1573 842 1887 886 contenderent,

284 897 528 944 praesertim
570 909 664 934 cum
703 897 755 934 ab
792 897 869 935 hac
908 896 1206 935 consuetudine
1246 898 1373 934 staret
1415 897 1597 934 maxima
1638 909 1732 945 pars
1775 895 1887 934 orbis

285 950 525 989 Christiani.
586 950 780 997 Tametsi,
818 953 863 989 vt
896 951 1032 989 dicam
1067 951 1248 1000 ingenue
1281 951 1388 1000 quod
1423 951 1566 998 sentio,
1603 950 1784 988 demiror
1815 963 1890 987 cur

285 1004 426 1042 visum
460 1005 514 1042 sit
547 1005 771 1043 immutare
808 1006 916 1054 quod
946 1021 969 1044 a
999 1005 1165 1043 Christo
1194 1005 1272 1042 fuit
1303 1004 1557 1053 institutum,
1582 1019 1714 1055 quum
1744 1017 1889 1043 causae

287 1071 389 1108 quas
408 1059 603 1097 adferunt
623 1073 706 1098 non
726 1059 953 1098 admodum
973 1073 1119 1109 graues
1138 1060 1370 1098 videantur.

341 1112 471 1151 Porro
492 1113 717 1152 factionem
738 1114 1013 1163 Pygardicam
1033 1113 1200 1163 longius
1223 1114 1366 1152 abesse
1390 1125 1415 1151 a
1443 1113 1586 1163 regula
1615 1113 1729 1163 pacis
1752 1113 1888 1152 Euan-

286 1167 440 1215 gelicae
469 1168 611 1206 minus
642 1168 881 1206 mirandum
912 1171 985 1212 est,
1018 1181 1158 1218 quum,
1184 1170 1231 1207 vt
1259 1168 1416 1214 scribis,
1442 1168 1493 1206 ab
1522 1170 1665 1207 autore
1695 1167 1889 1206 scelerato

286 1221 469 1270 profecta
488 1222 553 1260 sit.
615 1222 723 1260 Nam
744 1223 780 1260 si
800 1222 892 1261 ideo
912 1223 1203 1261 Antichristus
1226 1226 1288 1260 est
1312 1221 1506 1260 Pontifex
1530 1223 1755 1270 Romanus,
1779 1222 1890 1272 quod

286 1275 506 1325 aliquando
526 1276 702 1326 contigit
721 1276 918 1315 Pontifex
937 1277 1103 1326 impius,
1128 1279 1200 1315 aut
1227 1277 1262 1314 si
1287 1277 1379 1314 ideo
1401 1277 1598 1315 meretrix
1621 1279 1682 1315 est
1706 1277 1892 1315 Ecclesia

289 1330 485 1377 Romana,
513 1331 619 1380 quod
644 1331 863 1380 aliquoties
887 1331 1013 1370 habet
1038 1331 1267 1369 cardinales
1297 1332 1370 1369 aut
1397 1331 1609 1380 episcopos
1637 1332 1709 1369 aut
1737 1330 1893 1381 alioqui

289 1384 505 1423 ministros
532 1385 755 1434 improbos,
776 1385 920 1424 eadem
948 1399 1069 1435 opera
1092 1386 1222 1424 nullis
1246 1386 1460 1435 episcopis,
1484 1385 1615 1423 nullis
1640 1385 1886 1434 pastoribus,

288 1439 418 1477 nullis
456 1439 622 1488 regibus
661 1440 1067 1489 obtemperaremus:
1110 1442 1155 1478 vt
1193 1453 1245 1477 ne
1285 1440 1418 1478 dicam
1451 1440 1635 1487 interim,
1672 1440 1781 1489 quod
1815 1440 1893 1478 hac

291 1494 471 1531 fenestra
508 1495 659 1543 aperta,
697 1495 744 1532 vt
782 1494 928 1543 cuique
966 1495 1034 1532 hic
1071 1497 1142 1532 aut
1180 1494 1252 1532 ille
1290 1497 1399 1532 esset
1433 1494 1611 1541 inuisus,
1643 1495 1704 1532 ita
1737 1494 1894 1543 impius

290 1547 522 1586 haberetur.
583 1548 748 1596 Quanto
786 1549 1039 1598 probabilior
1075 1551 1137 1586 est
1174 1549 1405 1597 Augustini
1443 1549 1669 1595 sententia,
1706 1548 1895 1586 ministri

292 1602 477 1640 moribus
498 1616 583 1640 non
600 1602 739 1640 vitiari
755 1603 910 1641 donum
929 1604 1017 1649 Dei,
1037 1603 1143 1653 quod
1160 1603 1280 1641 nobis
1294 1616 1366 1652 per
1381 1604 1636 1641 sacramenta
1657 1603 1869 1641 confertur
1885 1617 1895 1650 ;

291 1656 416 1694 etiam
447 1657 482 1694 si
511 1657 776 1705 grauissimas
804 1671 957 1706 poenas
986 1658 1048 1695 illi
1078 1657 1216 1695 daturi
1244 1659 1343 1695 sunt
1372 1658 1614 1705 sacerdotes,
1641 1657 1678 1695 si
1707 1657 1896 1695 moribus

291 1711 432 1759 impiis
457 1711 635 1749 efficiant
662 1713 706 1749 vt
733 1711 843 1749 inter
867 1712 1018 1750 idiotas
1047 1714 1087 1749 et
1112 1712 1301 1749 infirmos
1325 1712 1433 1749 male
1452 1712 1593 1749 audiat
1611 1724 1765 1749 nomen
1786 1711 1892 1749 illud

292 1765 549 1803 adorandum
571 1766 742 1803 Domini
764 1766 896 1804 nostri
917 1766 1012 1804 Iesu
1035 1766 1201 1804 Christi.
1263 1766 1380 1813 Quod
1401 1765 1435 1804 si
1455 1766 1518 1803 illi
1545 1766 1732 1804 refractis
1756 1765 1895 1804 omnis

292 1820 462 1869 pudoris
495 1820 704 1869 repagulis
736 1822 910 1870 pergant
946 1821 1081 1869 palam
1114 1833 1203 1858 esse
1241 1820 1442 1866 scelerosi,
1475 1823 1522 1857 vt
1555 1821 1693 1870 aliqua
1732 1821 1896 1859 ratione

293 1874 505 1912 coercendi
521 1877 631 1918 sunt,
648 1875 705 1912 ita
724 1888 857 1924 neque
873 1875 1091 1913 cuiuslibet
1109 1877 1172 1913 est
1192 1874 1287 1913 illos
1308 1875 1507 1913 incessere
1525 1889 1533 1922 ;
1563 1888 1637 1912 nec
1658 1875 1786 1912 armis
1805 1888 1895 1913 rem

293 1929 379 1977 geri
407 1928 554 1977 placet,
580 1942 633 1966 ne
663 1929 792 1967 semel
820 1929 1050 1968 admissum
1079 1929 1319 1979 exemplum
1348 1929 1570 1967 violentiae
1598 1929 1757 1967 saeuiat
1785 1932 1825 1968 et
1853 1930 1896 1967 in

294 1983 498 2021 innoxios.

350 2037 467 2085 Quod
488 2037 567 2075 sibi
586 2037 819 2076 sacerdotes
839 2039 880 2075 et
896 2039 1107 2087 episcopos
1127 2036 1298 2087 eligunt,
1318 2051 1402 2075 non
1422 2037 1616 2075 abhorret
1638 2051 1661 2075 a
1679 2039 1897 2076 consuetu-

295 2091 391 2129 dine
405 2093 605 2130 veterum.
648 2091 716 2130 Sic
731 2092 886 2130 electus
901 2095 963 2130 est
979 2093 1018 2130 S.
1039 2092 1246 2139 Nicolaus,
1265 2092 1322 2129 sic
1342 2092 1603 2140 Ambrosius,
1621 2092 1692 2130 sed
1709 2092 1897 2130 nondum

295 2146 429 2183 aedita
458 2145 637 2184 formula
665 2146 878 2184 electionis
907 2146 1152 2193 canonicae;
1191 2146 1543 2196 quemadmodum
1578 2146 1678 2184 olim
1713 2148 1753 2184 et
1782 2159 1900 2196 reges

295 2213 318 2237 a
338 2200 489 2249 populo
510 2200 847 2249 designabantur.
888 2201 1050 2239 Deinde
1070 2200 1202 2238 crebri
1218 2201 1427 2239 tumultus
1441 2200 1659 2249 populares
1675 2201 1899 2239 effecerunt

296 2256 341 2291 vt
376 2267 440 2292 res
474 2267 702 2303 paucorum
736 2255 908 2293 arbitrio
946 2255 1254 2303 transigeretur.
1313 2255 1529 2293 Caeterum
1567 2255 1674 2304 quod
1711 2255 1900 2293 indoctos

297 2308 458 2357 eligunt
497 2311 538 2346 et
576 2309 793 2347 literarum
832 2311 1033 2358 expertes,
1076 2309 1337 2347 tolerabilius
1382 2311 1490 2346 esset-
1534 2308 1569 2346 si
1613 2309 1723 2346 vitae
1768 2309 1902 2359 pietas

297 2364 487 2411 pensaret
508 2363 755 2401 eruditionis
774 2363 970 2413 inopiam.
1031 2363 1152 2401 Nunc
1172 2363 1340 2412 gemina
1363 2363 1577 2401 calamitas
1602 2365 1663 2401 est
1687 2363 1844 2412 populi,
1865 2364 1901 2401 si

299 2429 384 2454 non
403 2417 545 2455 minus
566 2417 686 2466 impii
705 2420 804 2456 sunt
825 2431 949 2467 quam
971 2418 1138 2455 indocti.

354 2470 445 2508 Iam
473 2472 581 2520 quod
611 2485 654 2509 se
684 2472 869 2510 vicissim
899 2472 1047 2510 fratres
1076 2485 1121 2510 ac
1145 2484 1305 2509 sorores
1330 2470 1553 2520 appellant,
1578 2483 1662 2508 non
1685 2471 1806 2510 video
1830 2484 1903 2509 cur

299 2524 446 2562 debeat
466 2525 721 2574 reprehendi.
763 2527 902 2575 Atque
924 2527 1084 2564 vtinam
1104 2526 1246 2564 eadem
1261 2525 1482 2574 appellatio
1498 2527 1667 2563 mutuae
1687 2525 1903 2563 charitatis

299 2582 532 2627 perseueret
560 2581 668 2628 apud
701 2593 845 2618 omnes
876 2580 1144 2627 Christianos,
1172 2580 1230 2617 sic
1255 2579 1316 2617 vti
1346 2592 1486 2617 mores
1515 2592 1600 2617 non
1631 2578 1903 2618 dissentirent

300 2647 323 2671 a
339 2633 478 2671 verbis
493 2636 501 2671 l
533 2634 650 2681 Quod
669 2635 808 2672 minus
823 2635 1017 2673 tribuunt
1033 2633 1271 2672 doctoribus
1286 2646 1411 2682 quam
1427 2633 1585 2671 diuinis
1600 2632 1899 2679 voluminibus,

300 2687 377 2725 hoc
398 2689 461 2725 est
480 2687 574 2737 plus
594 2688 786 2726 deferunt
808 2689 894 2726 Deo
914 2702 1037 2739 quam
1060 2687 1313 2726 hominibus.
1333 2689 1438 2725 recte
1458 2687 1646 2725 sentiunt
1662 2701 1671 2734 ;
1699 2686 1771 2726 sed
1792 2687 1902 2736 quod

301 2741 452 2779 horum
471 2742 737 2779 autoritatem
756 2742 909 2792 vbique
930 2743 1134 2790 reiiciunt,
1153 2744 1238 2780 tam
1258 2741 1451 2791 iniquum
1471 2744 1533 2779 est
1553 2754 1677 2790 quam
1698 2741 1734 2780 si
1749 2741 1906 2791 vbique

302 2795 540 2844 reciperent.
604 2796 695 2834 Iam
716 2797 884 2834 tametsi
904 2810 988 2835 non
1009 2797 1202 2834 abhorret
1223 2809 1245 2834 a
1264 2809 1361 2833 vero
1381 2796 1597 2834 Christum
1618 2798 1658 2834 et
1678 2795 1906 2845 Apostolos

619 2901 687 2930 145.
715 2895 750 2923 ot
768 2904 826 2924 om.
847 2896 885 2924 N.
1027 2902 1096 2932 159.
1125 2892 1205 2932 plus
1222 2895 1250 2922 F
1264 2894 1375 2930 Cot-riq,
1391 2904 1398 2923 :
1424 2894 1545 2924 minus
1563 2896 1596 2925 F.

395 3007 466 3036 116.
491 3005 711 3045 Apostolica]
741 3015 752 3035 1
777 3006 847 3036 Pet.
869 3016 897 3037 2.
922 3008 967 3037 18.
1192 3007 1261 3045 138.
1289 3007 1502 3048 Augustini]
1531 3011 1562 3038 in
1580 3010 1694 3039 Psalm.
1722 3018 1770 3039 10.
1783 3009 1812 3038 6.
