1990 3353
296 102 375 140 536
767 104 1015 144 LETTERS
1054 107 1123 145 OF
1161 107 1427 148 ERASMUS
1772 109 1810 164 [1
1821 122 1841 159 5
1850 125 1867 148 2
1878 125 1894 149 1

234 226 273 260 75
294 217 466 263 oportet.
529 216 594 254 Sic
633 217 746 255 enim
785 217 852 255 hic
891 217 1074 267 quotidie
1110 217 1275 268 lapidor
1311 217 1552 257 rabularum
1596 219 1812 268 conuiciis,
1850 221 1898 258 vt

294 269 526 318 periculum
557 271 612 309 sit
645 284 696 309 ne
729 271 922 310 conficiar
954 273 1017 310 tot
1047 272 1158 310 saxis
1190 268 1236 311 in
1268 285 1401 310 vnum
1441 274 1564 322 caput
1599 273 1896 313 inuolantibus.

292 323 469 362 Lutheri
499 325 708 375 tragoedia
739 328 904 375 peracta
933 328 996 365 est
1029 326 1138 376 apud
1170 339 1273 373 nos3
1321 329 1444 377 atque
1477 327 1640 366 vtinam
1678 340 1896 378 nunquam

292 378 499 427 prodisset
529 379 574 417 in
609 379 851 419 theatrum!
885 380 1067 419 Tantum
1100 380 1178 419 hoc
1211 385 1408 419 verentur
1445 381 1630 430 quidam,
1662 395 1714 419 ne
1749 382 1896 432 cupide

292 432 421 470 vitata
441 433 578 482 Scylla
599 433 833 472 deferamur
852 435 897 472 in
914 434 1168 485 Charybdim
1185 449 1195 482 3
1224 437 1266 473 et
1286 435 1362 473 hac
1377 436 1550 474 victoria
1570 435 1739 485 quidam
1760 436 1897 475 crude-

231 492 275 521 80
293 486 374 524 lius
404 487 628 526 abutantur
658 501 784 539 quam
820 489 1009 539 expediat
1039 491 1098 527 rei
1127 489 1399 528 Christianae.
1461 489 1574 528 Bene
1593 489 1696 539 vale,
1723 492 1897 540 patrone

292 540 639 591 incomparabilis.
699 543 763 581 Ex
784 544 1032 592 Andrelaco,
1057 543 1128 582 vbi
1157 557 1268 582 nunc
1297 557 1346 582 ex
1366 544 1523 582 vrbano
1553 544 1687 583 factus
1716 545 1898 583 rusticus

293 597 356 633 sat
375 596 559 634 suauiter
579 609 666 647 ago.
727 609 783 636 VI.
807 597 890 637 Cal.
915 597 1054 637 Iulias.
1077 610 1188 637 ANNo
1208 610 1389 636 M.D.XX1.

557 807 680 848 1217.
744 807 806 848 To
838 819 930 848 THE
963 808 1292 850 THEoLOGIANs
1324 820 1378 849 OF
1413 808 1639 851 LOUVAIN.

340 916 531 962 Epistolae
551 918 596 953 ad
615 918 780 955 diuersos
797 932 832 965 p.
851 921 932 965 659.
1577 922 1818 959 Anderlecht,

341 975 434 1011 HN:
462 976 579 1012 Lond.
598 977 685 1013 xvii.
708 988 772 1023 19:
800 978 873 1013 LB.
892 980 974 1023 603.
1543 979 1664 1027 <June
1683 981 1727 1028 i»
1753 992 1852 1027 1521.

339 1073 400 1114 [Of
420 1074 483 1105 the
512 1075 678 1106 renewed
705 1076 845 1107 attacks
870 1086 915 1107 011
940 1077 1110 1107 Erasmus
1134 1078 1181 1117 by
1204 1077 1361 1108 Vincent
1387 1078 1596 1109 Theodorici
1621 1079 1693 1110 and
1717 1079 1898 1118 Latomus,

292 1118 412 1148 which
438 1118 495 1148 led
520 1121 556 1149 to
581 1119 654 1149 this
677 1119 823 1151 address
846 1130 882 1151 to
907 1120 968 1151 the
994 1121 1144 1160 Faculty
1167 1120 1206 1151 of
1228 1121 1416 1161 Theology‚
1444 1122 1463 1153 Ι
1488 1132 1554 1153 can
1578 1122 1653 1153 find
1678 1133 1725 1154 no
1748 1123 1898 1155 definite

294 1161 504 1194 indication.
553 1162 648 1202 Only
673 1172 694 1193 a
721 1163 940 1202 conjectural
969 1163 1050 1194 date
1077 1165 1108 1195 is
1135 1165 1297 1204 possible,
1327 1165 1489 1196 between
1518 1166 1684 1197 Luther's
1709 1166 1899 1206 departure

293 1205 383 1235 froin
401 1205 544 1236 VVorms
565 1206 605 1245 (I.
625 1207 712 1246 5211)
732 1208 804 1238 and
820 1207 1000 1238 Erasmus’
1020 1210 1146 1239 return
1163 1208 1255 1239 from
1279 1209 1506 1240 Anderlecht
1529 1212 1565 1240 to
1589 1210 1750 1241 Louvain
1776 1211 1814 1241 in
1836 1211 1900 1242 the

293 1249 430 1280 middle
447 1250 484 1281 of
497 1250 646 1282 October
662 1260 709 1281 on
726 1251 785 1282 his
800 1261 881 1291 way
897 1254 933 1282 to
950 1251 1082 1293 Basle]

574 1364 782 1394 ERASMVS
814 1364 913 1394 ROT.
937 1364 1192 1395 THEOLOGIS
1223 1364 1493 1395 LOVANIENS.
1527 1365 1561 1395 S.
1584 1366 1625 1395 D.

350 1453 597 1492 REvERENm
626 1456 764 1504 patres
793 1467 840 1493 ac
871 1455 1031 1493 domini
1059 1454 1292 1504 plurimum
1321 1455 1579 1503 obseruandi,
1613 1456 1775 1506 quoties
1805 1469 1899 1495 con-

294 1508 428 1547 sidero
462 1510 503 1546 et
537 1508 694 1547 ordinis
725 1509 948 1559 theologici
978 1509 1230 1559 grauitatem
1259 1511 1299 1547 et
1329 1522 1466 1547 meam
1500 1510 1799 1559 innocentiam,
1831 1511 1898 1550 vel

294 1562 441 1601 merita
478 1563 618 1612 potius
653 1563 698 1601 in
733 1576 944 1602 sacrarum
982 1563 1202 1602 literarum
1240 1563 1428 1610 cultores,
1466 1565 1502 1602 si
1540 1563 1638 1603 licet
1677 1564 1898 1614 gloriosius

293 1616 451 1666 aliquid
473 1618 616 1665 dicere,
640 1630 725 1656 non
745 1617 848 1656 libet
877 1618 1040 1656 credere
1060 1631 1164 1668 quae
1190 1618 1241 1657 ad
1268 1631 1335 1656 me
1358 1617 1614 1657 deferuntur.
1677 1619 1732 1658 Et
1758 1622 1898 1659 tamen

253 1681 272 1713 5
293 1671 534 1710 deferuntur
553 1685 576 1709 a
596 1674 684 1710 tam
704 1672 852 1710 multis
872 1674 1041 1722 tamque
1061 1672 1256 1721 grauibus
1275 1672 1387 1719 viris,
1406 1675 1451 1710 vt
1471 1686 1556 1711 non
1576 1673 1706 1722 possit
1727 1674 1900 1714 omnino

292 1725 423 1763 videri
445 1739 601 1764 vanum
626 1726 735 1776 quod
759 1729 821 1764 tot
847 1740 893 1765 ac
920 1727 1071 1765 talium
1097 1729 1292 1765 autorum
1321 1739 1523 1778 consensu
1552 1728 1761 1777 probatur.
1823 1729 1898 1767 Re-

293 1779 450 1818 ferebat
489 1779 567 1819 hoc
605 1780 806 1829 omnium,
847 1783 896 1820 vt
933 1782 1109 1820 istarum
1151 1781 1459 1831 tragoediarum
1498 1795 1599 1832 quae
1646 1783 1730 1820 iam
1777 1783 1900 1822 annis

292 1834 449 1884 aliquot
470 1834 581 1873 inter
600 1847 678 1873 nos
696 1837 879 1884 aguntur
898 1849 1051 1886 magno
1070 1838 1209 1874 vestro
1236 1849 1411 1885 meoque
1430 1836 1709 1884 incommodo,
1730 1837 1899 1876 tandem

293 1888 389 1926 finis
409 1888 562 1939 aliquis
580 1891 698 1928 esset.
760 1889 867 1938 Quid
889 1903 964 1940 ego
984 1890 1235 1940 promeritus
1259 1890 1338 1928 sim
1357 1890 1515 1939 vigiliis
1540 1891 1652 1938 meis,
1677 1892 1898 1941 posteritas

235 1956 275 1979 10
294 1943 463 1992 aequior
490 1943 714 1982 iudicabit:
750 1943 851 1993 quid
880 1943 1059 1983 Louanii
1087 1944 1168 1983 sim
1197 1957 1343 1994 passus
1372 1957 1395 1982 a
1425 1945 1684 1995 quorundam
1713 1945 1898 1995 petulan-

294 1997 468 2036 tissimis
487 1997 658 2046 linguis,
682 1998 790 2036 nulli
810 2001 946 2048 potest
967 1999 1187 2037 obscurum
1209 2012 1308 2037 esse.

349 2051 472 2090 Nunc
491 2052 615 2090 audio
638 2065 782 2091 rursus
808 2053 1030 2092 instaurari
1057 2053 1310 2103 tragoediam
1336 2066 1410 2103 per
1430 2053 1640 2103 quosdam,
1664 2054 1838 2092 ducibus
1858 2057 1900 2093 et

294 2106 508 2145 autoribus
523 2106 745 2145 Vincentio
766 2110 807 2145 et
827 2107 1026 2147 Latomo:
1056 2120 1231 2157 quorum
1253 2107 1435 2146 alterum
1455 2108 1563 2146 male
1584 2107 1709 2146 habet
1728 2108 1900 2158 epistola

295 2160 344 2198 ad
371 2160 634 2200 Cardinalem
659 2161 1035 2211 Mogontinensem,
1059 2162 1104 2200 in
1126 2175 1206 2211 qua
1224 2162 1366 2200 videor
1392 2162 1457 2200 illi
1484 2162 1761 2212 perstringere
1793 2163 1898 2201 ordi-

238 2228 274 2259 15
296 2227 391 2253 nem
431 2215 783 2264 Dominicalium;
833 2217 1013 2254 alterum
1051 2216 1224 2254 offendit
1262 2215 1495 2255 Consilium
1534 2216 1741 2267 quoddam
1780 2217 1897 2256 nullo

295 2271 437 2307 autore
460 2269 696 2319 vulgatum,
726 2270 776 2308 de
806 2270 1087 2320 componenda
1116 2270 1330 2321 tragoedia
1358 2269 1607 2319 Lutherana,
1641 2272 1749 2321 quod
1779 2284 1803 2309 a
1830 2284 1898 2310 me

295 2324 529 2372 profectum
548 2337 637 2363 esse
667 2324 838 2375 quidam
861 2324 969 2363 male
988 2325 1218 2375 suspicaces
1239 2324 1445 2363 dictitant.
1488 2325 1683 2364 Primum
1709 2325 1894 2375 epistola,

295 2381 387 2415 tum
426 2378 579 2427 scripta
626 2392 722 2417 cum
761 2379 950 2418 nondum
998 2392 1131 2429 neque
1170 2381 1308 2418 vestra
1357 2379 1650 2418 condemnatio
1692 2379 1898 2429 prodisset

296 2444 429 2481 neque
442 2432 659 2471 Pontificis
679 2446 864 2483 censura,
879 2433 986 2472 nihil
1006 2433 1119 2472 aliud
1139 2433 1223 2483 agit
1242 2433 1288 2471 in
1308 2446 1474 2472 summa
1489 2447 1615 2483 quam
1628 2435 1674 2472 vt
1691 2434 1898 2472 Lutherus

234 2502 275 2523 20
295 2486 523 2535 corrigatur
554 2487 694 2536 potius
727 2501 849 2537 quam
883 2490 930 2526 vt
967 2501 1118 2537 magno
1152 2487 1262 2526 orbis
1300 2487 1488 2526 tumultu
1527 2488 1731 2537 perdatur.
1791 2488 1897 2526 Eam

296 2540 514 2588 epistolam
535 2541 795 2591 obsignatam
814 2542 1012 2580 miseram
1038 2542 1087 2580 ad
1109 2542 1316 2592 quendam
1338 2542 1570 2581 Cardinalis
1594 2541 1894 2591 consiliarium,

343 2649 437 2679 1216.
455 2649 506 2680 81.
533 2649 734 2681 Anderlaco
751 2652 794 2681 H.
900 2650 993 2681 1217.
1018 2659 1081 2681 TIT.
1099 2660 1281 2681 LOVANIEN.
1303 2653 1342 2681 Ι-Ῑ.
1450 2660 1499 2689 14.
1527 2651 1837 2690 Moguntinensem
1856 2653 1898 2682 H.

344 2752 436 2782 1216.
459 2762 509 2791 79.
534 2751 669 2793 Scylla]
689 2752 740 2784 Cf.
761 2753 823 2793 Ep.
847 2753 939 2783 1186.
963 2762 1037 2783 1011.
1179 2762 1227 2790 15.
1256 2752 1471 2793 Consilium]
1491 2754 1555 2785 See
1572 2764 1604 2794 p.
1624 2764 1700 2794 357.

343 2796 393 2825 81.
423 2795 593 2836 rusticus]
612 2796 664 2827 Cf.
685 2796 748 2836 Ep.
769 2796 862 2827 1208.
885 2806 942 2827 111.
1178 2797 1225 2827 18.
1253 2796 1520 2838 condemnatio]
1540 2798 1603 2828 See
1619 2798 1682 2836 Ep.
1706 2807 1796 2836 1030.
1818 2800 1895 2830 16n.

343 2839 438 2871 1217.
456 2849 504 2878 13.
530 2839 736 2877 Vincentio]
749 2839 981 2879 Theodoriei;
1005 2850 1061 2872 see
1179 2850 1227 2879 19.
1253 2840 1419 2881 censura]
1452 2843 1602 2880 Exsurge,
1636 2844 1767 2871 Domine
1787 2853 1795 2880 ·,
1841 2851 1897 2872 see

296 2892 329 2922 p.
345 2884 419 2921 463.
1131 2883 1194 2923 Ep.
1218 2893 1229 2912 1
1241 2894 1310 2920 141.
1331 2894 1411 2914 eon.

386 2925 550 2966 Latomo]
569 2927 633 2957 soe
652 2926 712 2966 Ep.
732 2936 807 2966 934.
826 2936 885 2966 311.
1175 2937 1225 2957 21.
1252 2927 1514 2968 consiliarium]
1554 2927 1696 2958 Hutten
1717 2939 1726 2967 3
1764 2927 1806 2958 cf.
1837 2938 1896 2968 pp.

385 2969 548 3011 epistola]
566 2969 629 3009 Ep.
652 2979 743 3009 1033.
1128 2973 1225 3010 96-7.
