1990 3353
80 148 201 203 1061]
583 149 736 187 FROM
775 148 1031 187 EDWARD
1070 148 1178 186 LEE
1602 150 1680 188 179

75 260 341 299 incurrissem
361 260 459 298 vani
485 258 669 297 hominis
694 258 802 308 apud
830 259 1046 306 Atensem,
1072 259 1136 296 tui
1159 258 1290 307 ipsius
1318 258 1426 296 oculi
1454 258 1681 297 vanitatem

75 328 216 354 meam
236 314 554 364 redarguissent.
607 313 651 351 Si
670 314 758 351 tota
777 312 876 351 haec
897 313 1009 362 regio
1029 313 1071 350 et
1091 326 1183 351 mea
1203 312 1360 362 Anglia
1378 313 1682 362 exemplaribus

76 369 235 419 repleta
265 369 329 415 sit,
360 369 540 406 alterum
570 367 686 417 sequi
710 380 877 405 necesse
902 369 991 405 est:
1020 369 1093 405 aut
1113 370 1156 404 te
1175 380 1252 405 nec
1279 367 1346 405 hic
1366 380 1440 406 nec
1461 367 1505 404 in
1526 367 1683 416 Anglia

76 423 234 462 amicos
259 422 422 470 habere,
446 435 512 460 me
536 435 633 460 vero
656 434 809 470 magno
836 434 1009 459 numero
1030 421 1135 459 fidos
1160 421 1369 469 Achates;
1398 423 1469 460 aut
1489 424 1530 459 te
1557 422 1682 459 simu·
1703 426 1764 467 785

76 478 186 516 lasse
205 480 373 515 tantum
400 489 546 526 cupere
577 476 732 514 librum
759 475 920 522 habere,
945 489 1021 513 nec
1046 476 1208 526 cupisse
1233 478 1385 523 tamen,
1407 478 1450 514 at
1477 489 1544 514 me
1570 475 1683 514 viam

76 532 223 570 fecisse
242 545 321 581 quo
342 530 523 578 haberes,
548 531 619 580 qui
639 533 725 568 tam
746 529 830 567 late
857 530 1089 578 sparserim.
1150 529 1256 568 Nam
1277 530 1348 580 qui
1369 532 1508 580 posset
1529 530 1617 568 fieri
1637 532 1684 568 vt

76 589 170 625 tuas
190 599 236 624 ac
255 589 426 624 tuorum
452 597 602 622 manus
622 584 781 622 tamdiu
810 584 1043 631 euaderent,
1067 585 1103 622 si
1124 586 1212 622 tam
1233 585 1314 623 late
1343 586 1567 634 propagata
1584 584 1684 623 fuis-

77 641 204 679 sent?
247 640 328 678 Hic
347 652 470 677 nemo
491 640 558 677 cui
579 639 644 677 vel
665 652 734 676 cor
754 638 809 677 sit
828 638 906 676 tibi
926 638 1087 677 credat:
1117 638 1227 677 vnde
1247 641 1288 677 et
1308 638 1447 677 metiri
1467 641 1529 677 est
1549 639 1684 689 qualis

77 695 134 733 sis
153 697 194 733 et
214 694 259 732 in
278 693 461 743 reliquis.
1705 706 1767 739 790

133 749 187 787 Et
206 748 391 786 eiusdem
411 747 568 786 farinae
588 749 651 785 est
671 747 781 796 quod
802 747 905 785 dicis
925 760 991 785 me
1012 747 1112 785 solis
1131 747 1198 786 his
1217 759 1387 797 negasse
1415 760 1517 796 quos
1536 747 1684 786 scirem

77 803 155 841 tibi
176 805 309 841 certos
328 816 417 841 esse
436 802 600 849 amicos,
624 803 665 840 et
686 802 973 851 perconctanti
992 801 1072 839 tibi
1098 815 1171 839 cur
1196 801 1261 839 illi
1286 801 1453 839 cuidam
1480 815 1565 840 non
1585 802 1684 840 face-

77 871 167 896 rem
190 857 350 906 copiam
378 857 460 894 mei
487 856 596 904 libri,
627 856 890 905 respondisse
919 869 987 894 me
1016 869 1114 894 eum
1139 856 1219 894 tibi
1248 856 1478 905 syncel-iter
1502 856 1685 894 amicum

77 925 177 950 esse.
228 911 407 950 Louanii
422 913 584 961 praeter
598 911 803 949 Atensem
819 923 870 948 ex
885 909 1090 960 theologis
1103 910 1209 949 vidit
1225 923 1350 948 nemo
1368 924 1376 957 ;
1403 911 1473 960 qui
1489 912 1582 948 tum
1598 913 1685 949 erat

79 967 237 1004 amicus
274 966 364 1012 tibi,
398 979 473 1004 nec
513 966 648 1003 adhuc
681 965 844 1003 hostem
882 965 1012 1003 credo.
1073 965 1234 1003 Notarii
1273 965 1345 1014 qui
1384 965 1687 1014 descripserant
1708 976 1767 1010 795

79 1020 330 1070 exemplaria
349 1020 434 1058 vtri
460 1022 652 1058 nostrum
680 1019 831 1057 melius
851 1019 994 1066 velint,
1019 1019 1126 1057 mihi
1150 1019 1358 1057 incertum
1376 1021 1451 1065 est,
1474 1018 1557 1057 nisi
1577 1019 1686 1069 quod

78 1087 211 1113 vnum
239 1087 290 1112 ex
319 1074 385 1113 his
413 1075 541 1112 sciam
571 1087 684 1113 meas
712 1073 789 1112 tibi
818 1073 1124 1112 Annotationes
1153 1073 1391 1124 prodidisse.
1450 1073 1502 1111 In
1530 1074 1688 1123 Anglia

79 1130 274 1167 Viderunt
299 1131 385 1167 tres
407 1128 531 1167 amici
555 1128 629 1176 tui,
659 1128 910 1166 reuerendus
934 1128 1153 1176 Roffensis‚
1184 1129 1327 1167 Morus
1354 1130 1395 1166 et
1421 1127 1686 1175 Latimerus3

79 1185 121 1222 et
142 1184 212 1234 qui
233 1183 429 1221 inimicus
449 1182 502 1222 sit
521 1183 616 1229 tibi,
635 1183 746 1233 quod
766 1183 906 1230 sciam,
930 1196 1052 1220 nemo
1072 1196 1242 1232 prorsus
1261 1183 1379 1221 vidit.
1423 1182 1507 1221 Nec
1526 1184 1689 1232 praeter

80 1237 158 1276 hos
186 1237 230 1276 in
260 1237 416 1287 Anglia
443 1237 631 1275 conscius
659 1250 755 1275 sum
785 1237 891 1275 mihi
920 1250 969 1275 ex
1001 1237 1118 1275 omni
1150 1240 1260 1275 sorte
1293 1238 1487 1287 quattuor
1519 1236 1683 1276 vidisse.
1708 1245 1771 1275 800

81 1292 162 1331 Sed
198 1292 306 1341 quod
341 1292 444 1330 dicis
474 1305 543 1329 me
577 1291 838 1341 respondisse
869 1293 1106 1341 ‘propterea
1140 1305 1225 1329 non
1259 1291 1491 1330 ostendisse
1524 1305 1591 1329 me
1624 1291 1687 1330 illi

81 1346 247 1385 cuidam
274 1346 439 1393 librum,
468 1346 575 1395 quod
604 1345 832 1396 synceriter
858 1345 985 1384 fuerit
1014 1346 1092 1384 tibi
1120 1346 1280 1384 amicus
1294 1347 1316 1393 ⁹,
1345 1346 1401 1384 sic
1426 1346 1688 1395 respondisse

81 1414 149 1438 me
178 1400 300 1450 plane
330 1400 504 1438 inficior.
561 1400 718 1438 Mirum
748 1413 845 1438 vero
876 1414 949 1438 cur
978 1413 1061 1438 non
1091 1401 1280 1438 nomines
1310 1400 1433 1438 illum
1465 1401 1684 1449 quendam.

83 1455 161 1493 Sed
183 1455 293 1497 haec.
312 1458 358 1493 vt
378 1456 526 1502 cetera⁷
547 1468 626 1504 quo
647 1454 772 1492 fidem
787 1457 926 1503 captes
946 1467 969 1492 a
988 1454 1164 1493 lectore:
1195 1455 1264 1493 sed
1285 1468 1407 1504 quem
1427 1468 1546 1504 spero
1566 1455 1689 1493 toties

82 1510 363 1559 deprehensus
384 1522 469 1547 non
487 1509 668 1558 amplius
688 1508 818 1547 falles.
1710 1516 1772 1556 805

139 1563 207 1603 Sic
227 1564 311 1602 iam
331 1567 618 1613 praeterquam
639 1565 909 1613 expectatam,
934 1563 1093 1601 duabus
1113 1563 1180 1601 his
1199 1563 1388 1612 epistolis
1409 1565 1574 1602 coactus
1594 1576 1687 1601 sum

83 1619 340 1668 respondere.
401 1618 510 1656 Nam
549 1631 678 1667 quum
713 1619 925 1667 putassem
958 1619 1145 1655 nostram
1179 1617 1427 1668 Apologiam
1460 1618 1509 1655 ad
1545 1630 1689 1656 omnes

82 1686 252 1723 prorsus
281 1672 500 1711 diluendas
527 1672 757 1710 calumnias
784 1672 938 1710 iustam
967 1673 1067 1710 satis
1095 1685 1140 1710 30
1169 1672 1337 1722 plenam
1365 1672 1689 1710 satisfactionem

83 1727 315 1776 complecti,
349 1740 457 1765 noua
490 1729 633 1765 contra
665 1740 742 1765 nos
774 1728 816 1764 et
849 1726 982 1776 specie
1019 1726 1193 1764 certiora
1231 1727 1382 1777 quippe
1422 1727 1567 1765 multis
1604 1726 1691 1764 tuis

83 1781 267 1832 phaleris
295 1781 498 1819 instructa
524 1782 722 1831 ingerunt
748 1781 825 1818 hae
847 1782 950 1819 duae
973 1781 1196 1830 epistolae3
1227 1794 1330 1831 quae
1356 1782 1580 1819 consilium
1606 1794 1690 1818 non
1712 1787 1775 1817 810

84 1836 304 1874 videbatur
332 1835 564 1885 praeterire,
595 1849 648 1873 ne
682 1834 922 1873 videremur
955 1848 1188 1885 agnoscere.
1248 1836 1364 1883 Quod
1399 1836 1434 1874 si
1464 1836 1558 1885 plus
1591 1835 1691 1873 satis

86 1890 335 1939 quibusdam
359 1890 564 1939 respondi,
590 1890 773 1928 nimium
797 1889 1001 1928 occasioni
1023 1890 1258 1940 indulgens,
1280 1890 1331 1928 ad
1361 1890 1400 1928 id
1422 1889 1691 1928 extimulauit

85 1958 154 1982 me
174 1945 317 1982 eadem
336 1957 400 1982 res
426 1944 602 1993 repetita
629 1944 695 1982 his
721 1944 881 1982 duabus
907 1944 1106 1994 epistolis.
1167 1945 1223 1982 Et
1243 1945 1436 1982 hortante
1464 1944 1564 1989 1000,
1589 1957 1690 1993 quae

85 2000 207 2037 antea
244 2012 329 2037 non
368 1999 654 2046 memineram,
696 2001 737 2036 et
775 2001 916 2037 tamen
957 1999 1007 2036 ad
1052 2012 1141 2036 rem
1179 1998 1429 2037 videbantur
1470 1998 1688 2047 pertinere,

87 2053 286 2091 memorie
315 2053 619 2092 succurrebant.
681 2053 810 2091 Porro
840 2053 876 2090 si
902 2052 1026 2091 toties
1050 2055 1091 2091 et
1119 2053 1249 2091 etiam
1278 2053 1423 2091 acerbe
1453 2053 1691 2091 stimulatus
1713 2060 1775 2099 815

87 2107 208 2157 paulo
243 2107 529 2146 vehementius
561 2107 732 2145 videbor
765 2108 976 2145 retorsisse
1011 2108 1156 2156 telum,
1191 2108 1359 2146 veniam
1393 2121 1553 2145 mereor
1584 2107 1691 2156 quod

87 2165 335 2211 prouocatus
366 2162 407 2200 id
436 2162 626 2200 fecerim:
656 2174 731 2199 nec
759 2165 847 2200 tam
883 2175 977 2200 mea
1010 2175 1131 2200 causa
1159 2175 1285 2211 quam
1320 2162 1539 2209 Ecclesiae,
1576 2161 1693 2199 cuius

88 2216 200 2254 zelus
220 2216 433 2254 interdum
453 2216 648 2254 nonnihil
675 2216 784 2253 mihi
807 2216 1002 2255 excussit.
1063 2217 1173 2254 Deus
1200 2216 1277 2254 scit
1304 2229 1371 2254 me
1397 2229 1481 2254 non
1507 2216 1692 2254 multum

88 2270 250 2308 dedisse
270 2270 447 2317 affectui,
466 2270 593 2308 etiam
613 2270 649 2307 si
669 2283 753 2308 non
775 2270 983 2320 potuerim
1003 2270 1156 2320 vbique
1177 2271 1283 2308 mihi
1305 2270 1508 2319 imperare
1529 2270 1693 2320 qualem

89 2327 135 2362 tu
155 2324 259 2363 forte
280 2338 448 2374 cuperes
461 2324 792 2374 temperantiam.
835 2325 1091 2373 Simpliciter
1110 2338 1155 2362 ac
1175 2327 1313 2374 aperte
1335 2325 1420 2363 dixi
1440 2325 1547 2374 quod
1569 2324 1691 2362 sensi.
1716 2332 1779 2362 820

90 2378 184 2416 Non
204 2391 297 2417 sum
319 2392 418 2417 vsus
438 2379 542 2425 fuco,
564 2391 639 2417 nec
659 2378 754 2417 odio
768 2392 954 2428 vnquam
974 2379 1112 2425 habui,
1131 2392 1153 2417 a
1172 2379 1356 2417 consilio.
1418 2379 1471 2417 Et
1492 2382 1634 2417 tamen
1649 2382 1695 2417 vt

89 2433 321 2482 ingenuum
336 2433 556 2472 videbatur
577 2432 740 2471 reiicere
756 2433 932 2472 crimina
952 2447 1055 2483 quae
1075 2447 1159 2471 11011
1179 2446 1368 2483 agnosco,
1388 2434 1446 2471 ita
1465 2447 1589 2483 graue
1609 2436 1696 2471 erat

89 2500 134 2525 ac
163 2487 463 2537 permolestum
493 2490 631 2526 tecum
663 2487 891 2536 digladiari,
924 2488 1093 2525 homine
1122 2490 1208 2525 tam
1238 2488 1388 2538 vbique
1417 2488 1621 2526 celebrato
1655 2490 1696 2525 et

90 2541 196 2579 mihi
216 2541 457 2591 aliquandiu
478 2542 621 2580 habito
648 2541 791 2589 amico,
815 2542 902 2580 imo
925 2545 986 2580 tot
1006 2542 1302 2581 communibus
1329 2542 1475 2580 amicis
1503 2556 1585 2580 non
1606 2542 1695 2580 vul-

90 2596 241 2645 gariter
269 2595 412 2634 amico.
472 2595 553 2635 Sed
583 2598 791 2645 praestare
820 2609 903 2634 non
933 2596 1060 2634 debeo
1090 2596 1196 2646 quod
1227 2597 1358 2634 vitare
1393 2609 1477 2634 non
1512 2609 1693 2645 possum.
1716 2602 1777 2641 825

91 2649 196 2688 Mihi
216 2663 384 2698 prorsus
396 2640 616 2688 flecretum
635 2652 723 2688 erat
743 2650 863 2688 silere
884 2653 924 2688 et
945 2651 1032 2688 ocio
1053 2664 1145 2688 meo
1166 2651 1259 2696 frui,
1278 2651 1313 2688 si
1332 2664 1405 2701 per
1427 2653 1466 2688 te
1487 2650 1694 2689 licuisset:

91 2716 189 2741 nam
210 2703 318 2741 nihil
338 2704 443 2741 mihi
463 2717 646 2754 vnquam
666 2705 840 2753 contigit
860 2705 1075 2742 molestius
1096 2718 1221 2754 quam
1242 2706 1319 2743 hoc
1339 2707 1558 2743 certamen.

145 2757 247 2795 Vale
268 2757 454 2796 Louanii.
513 2758 652 2797 Galen.
685 2758 855 2797 Februa.
912 2761 992 2797 Α11.
1018 2758 1070 2796 M.
1079 2759 1200 2797 D.xx.

137 2888 209 2917 791.
237 2878 340 2920 dicis]
359 2879 421 2919 Ep.
444 2889 535 2919 1053.
555 2882 694 2920 359-60.
934 2880 1077 2918 lacking
1095 2880 1133 2909 111
1151 2879 1212 2910 the
1229 2879 1388 2909 editions
1404 2879 1524 2909 which
1542 2878 1610 2909 Lee
1626 2878 1695 2908 hm]

137 2931 208 2960 797.
235 2921 451 2962 prodidisse]
470 2923 524 2954 Cf.
540 2923 602 2963 Ep.
623 2926 697 2963 998.
722 2934 798 2964 1711.
934 2934 1016 2953 seen
1033 2933 1041 2960 ;
1065 2924 1128 2953 but
1146 2923 1176 2953 is
1192 2924 1298 2962 given
1317 2923 1354 2953 in
1374 2923 1419 2953 H.

137 2966 209 2996 801.
238 2967 291 2996 illi
311 2965 471 3008 cuidam]
488 2967 605 3006 More;
630 2968 676 2999 cf.
689 2968 752 3008 Ep.
769 2977 862 3007 1053.
978 2968 1051 3004 807.
1080 2966 1304 3007 Apologinm]
1323 2967 1388 2997 See
1405 2966 1468 3005 Ep.
1492 2975 1584 3003 1037.

94 3009 213 3046 360-2.
659 3008 670 3016 ’
978 3011 1052 3041 818.
1078 3009 1190 3051 zelus]
1217 3010 1268 3041 Cf.
1302 3010 1356 3041 Ps.
1387 3010 1439 3040 68.
1477 3019 1516 3039 10
1543 3009 1609 3049 (69.
1649 3007 1696 3047 93,

137 3052 209 3091 803.
238 3062 310 3083 non
336 3052 516 3095 nomines]
550 3054 676 3085 More's
700 3064 806 3085 name
831 3055 862 3084 is
933 3053 1028 3084 John
1044 3063 1073 3084 2.
1098 3064 1145 3092 17.

863 3127 885 3151 N
920 3127 937 3150 2
