1990 3353
64 143 188 197 1061]
1588 144 1664 181 159

442 252 714 292 908,10531061.
778 250 910 291 FRoM
943 249 1154 290 EDWARD
1184 251 1288 290 [ΕΒ.
1492 224 1494 226 v

107 361 387 397 Annotationes
404 360 502 400 Leei‚
522 358 638 403 Paris,
660 357 816 405 (1520),
834 358 859 393 f.
883 369 947 403 132
964 358 1030 403 (a).
1353 357 1532 394 Louvain.

1271 427 1285 452 1
1307 416 1498 462 February
1520 425 1622 461 1520.

107 502 157 543 [A
172 502 279 532 letter
295 500 441 540 printed
457 500 497 530 in
513 499 575 529 the
598 498 744 529 volume
766 499 804 528 to
826 495 949 528 which
974 496 1037 536 Ep.
1061 505 1142 534 1037
1166 496 1198 527 is
1221 496 1373 536 preface.
1421 496 1565 527 Resides
1586 505 1668 527 oon-

61 546 196 585 testing
211 546 274 584 Ep.
293 545 358 584 998
379 544 509 574 almost
533 545 702 573 sentence
722 542 769 581 by
785 542 964 580 sentence,
985 540 1015 570 it
1039 540 1170 579 replies
1193 541 1230 570 to
1251 540 1314 579 Ep.
1337 548 1431 579 1053,
1455 540 1577 570 which
1600 539 1668 570 Lee

61 589 133 620 had
149 588 334 620 doubtless
349 598 432 619 seen
449 588 487 618 in
505 585 674 617 Martens'
692 585 833 616 edition
848 584 888 614 of
900 581 948 626 (c.
971 593 1009 622 14
1027 583 1110 614 Dec.
1131 582 1234 625 1519>
1252 595 1261 614 :
1284 583 1359 614 this
1375 584 1506 614 second
1523 584 1667 624 portion

60 633 170 673 being
179 632 333 672 perhaps
349 631 540 671 composed
553 631 655 660 later.
692 629 727 659 It
743 638 826 667 may
838 628 880 658 be
893 627 1005 658 noted
1019 627 1101 658 that
1114 627 1176 657 the
1188 627 1340 658 citation
1357 627 1395 657 of
1406 628 1468 667 Ep.
1487 628 1553 666 998
1570 629 1600 658 is
1614 627 1670 657 far

61 677 153 708 from
171 678 283 707 exact.
316 675 495 706 Erasmus’
512 674 614 714 reply
626 674 657 704 is
673 673 736 703 the
752 672 914 712 Apology
931 671 1025 701 cited
1041 680 1087 701 on
1105 680 1164 710 pp.
1188 681 1261 710 109,
1280 672 1354 710 156,
1371 671 1443 701 and
1460 671 1669 710 frequently

61 719 217 751 referred
235 722 272 750 to
287 718 484 749 elsewhere
500 718 539 748 in
556 717 631 748 this
643 716 787 747 volume
804 725 842 746 as
858 715 920 746 the
936 717 1088 752 Apoloqz‘a
1103 724 1164 752 qua
1180 718 1348 752 respondet.
1395 714 1470 745 The
1486 715 1670 755 year-date

59 764 100 795 of
110 764 186 795 this
202 764 308 794 letter
324 763 432 793 needs
447 772 494 792 no
509 758 793 799 confirmation]

264 873 538 904 EDOVARDVS
568 872 712 903 LEEVS
743 871 991 903 DESIDERIO
1024 871 1209 901 ERASMO
1240 870 1464 902 SALVTEM.

117 955 217 992 EAM
235 954 376 991 statuo
399 965 488 990 esse
513 950 894 990 commodissimam
918 949 1134 996 rationem,
1165 949 1355 987 Desideri
1381 949 1565 996 Erasme,
1589 962 1670 998 qua

61 1008 358 1058 respondeatur
385 1007 450 1045 illi
477 1005 675 1055 epistolae
709 1007 814 1053 tuae,
847 1017 948 1054 quae
978 1017 1112 1053 nuper
1139 1003 1328 1042 Basileae
1361 1017 1509 1042 excusa
1544 1005 1667 1042 antea

61 1063 170 1112 apud
189 1061 437 1111 bibliopolas
458 1062 664 1110 prostaret
683 1072 808 1109 quam
836 1059 886 1097 ad
907 1071 1022 1096 meas
1048 1071 1198 1096 manus
1217 1060 1304 1096 tota
1330 1058 1592 1107 peruenerit3
1622 1059 1669 1096 vt

61 1118 151 1155 eius
188 1116 387 1166 periodos,
428 1115 517 1153 cola
561 1128 608 1153 ac
645 1115 852 1152 commata
894 1111 1127 1162 singilatim
1163 1112 1382 1160 excutiam,
1424 1112 1669 1162 praepositis

62 1173 245 1221 primum
269 1170 372 1220 ipsis
399 1169 537 1207 verbis
567 1168 660 1214 tuis,
689 1168 865 1206 subinde
893 1169 1036 1206 nostra
1064 1166 1209 1205 statim
1239 1167 1519 1205 satisfactione
1547 1180 1668 1216 appo·
1688 1182 1705 1213 5

63 1227 156 1265 sita.
218 1225 285 1264 Sic
305 1225 376 1262 fiet
398 1227 444 1262 vt
463 1226 503 1261 et
524 1223 713 1262 ordinem
733 1225 830 1260 tuae
848 1222 1042 1270 epistolae
1063 1222 1142 1259 sim
1163 1223 1414 1270 seruaturus,
1438 1235 1513 1259 nec
1532 1221 1669 1260 multa

61 1281 187 1319 etiam
203 1279 434 1318 omissurus
448 1291 551 1327 quae
563 1277 788 1315 admodum
801 1276 852 1315 ad
869 1289 954 1314 rem
968 1276 1102 1324 pertin
1109 1276 1273 1324 ea(n>t.
1313 1276 1381 1314 Sic
1395 1289 1493 1325 ergo
1506 1275 1665 1315 ordiris.

117 1335 221 1373 ΕΒΑ.
255 1334 365 1382 Quod
385 1346 410 1371 a
427 1332 537 1371 uobis
555 1333 736 1370 dissentis
755 1332 898 1370 alicam·
915 1343 994 1368 uon
1014 1332 1224 1369 admodum
1243 1341 1351 1379 aeyre
1370 1331 1459 1378 fero
1471 1343 1490 1376 ;
1524 1342 1673 1378 semper

61 1391 129 1428 hoe
157 1389 268 1427 licuit
294 1389 401 1426 ‘inter
428 1388 599 1425 eruditos
626 1386 812 1424 ineolumi
838 1386 1025 1423 amicitia.
1089 1385 1199 1433 Quod
1225 1384 1311 1423 ist-is
1337 1386 1560 1423 rationibus
1588 1397 1670 1423 rem

64 1447 218 1490 tractas,
241 1443 459 1481 clemirabor
481 1443 516 1480 si
539 1442 744 1489 quisquam
761 1441 823 1478 vir
843 1441 980 1488 mauis
1001 1440 1142 1486 probet,
1166 1441 1320 1487 quaudo
1342 1451 1410 1477 uec
1429 1441 1510 1487 ipse
1526 1441 1671 1487 probat
1689 1453 1729 1473 10

0 1545 3 1548 Ι
62 1499 114 1537 D.
138 1499 311 1536 Ioannes
329 1497 521 1534 Briareus
539 1495 675 1539 Ateus.
699 1495 771 1541 tui,
793 1497 832 1532 vt
843 1506 924 1542 par
939 1496 1005 1541 est,
1030 1495 1338 1532 amantissimus.

118 1552 221 1590 EDo.
254 1551 300 1589 Si
333 1550 550 1589 dissentire
583 1548 704 1587 licuit
741 1548 943 1586 ineolumi
979 1548 1171 1596 amicitia,
1215 1561 1288 1586 cur
1325 1547 1400 1586 has
1437 1547 1670 1596 tragoedias

63 1620 217 1651 moues,
242 1605 360 1643 nulla
378 1617 547 1654 prorsus
565 1604 645 1642 alia
665 1616 786 1642 causa
805 1602 888 1640 nisi
907 1602 1016 1652 quod
1038 1602 1284 1641 dissentiam
1297 1603 1317 1640 ‘?
1365 1602 1497 1640 Porro
1517 1602 1669 1651 quibus

63 1660 296 1700 rationibus
326 1661 458 1697 tracto
488 1672 588 1704 rem,
623 1671 726 1708 quas
758 1670 832 1695 nec
861 1657 1005 1706 probet
1034 1656 1218 1702 Atensis‚
1253 1670 1340 1694 non
1373 1669 1564 1706 agnosco,
1593 1669 1669 1695 nec

62 1716 182 1754 credo
202 1715 325 1752 illum
345 1717 575 1763 agnoscere.
635 1712 744 1750 Nam
771 1725 876 1761 quae
895 1713 1037 1760 postea
1059 1710 1105 1748 in
1127 1711 1202 1749 hac
1228 1710 1403 1760 epistola
1425 1712 1567 1749 contra
1592 1724 1668 1749 nos
1690 1724 1728 1756 15

62 1782 266 1818 exageras,
294 1769 382 1806 suis
406 1768 508 1806 locis
533 1767 753 1805 diluemus.
815 1766 895 1805 Sed
922 1765 1031 1816 quod
1058 1766 1262 1803 Atensem
1292 1765 1388 1809 mei,
1416 1767 1464 1803 vt
1491 1779 1565 1815 par
1592 1768 1665 1813 est,

64 1825 168 1862 dicis
186 1822 540 1869 amantissimum,
563 1835 638 1871 ego
656 1823 767 1859 certe
793 1834 845 1858 ne
865 1823 1032 1859 tantum
1055 1820 1190 1858 adhuc
1211 1820 1262 1857 ab
1282 1819 1355 1858 illo
1380 1819 1554 1858 meritus
1573 1833 1669 1858 sum

0 1918 1 1923 ,
64 1878 151 1916 vllo
178 1891 270 1915 meo
295 1876 426 1915 officio
452 1878 499 1915 vt
526 1889 594 1914 me
619 1875 685 1914 vel
715 1875 940 1924 vulgariter
967 1877 1105 1921 amet;
1135 1887 1266 1923 quum
1292 1876 1434 1912 contra
1462 1874 1527 1912 illi
1553 1888 1576 1912 a
1601 1887 1669 1913 me

0 1930 1 1942 ³
65 1933 272 1980 debeatur,
297 1944 373 1969 nec
401 1931 542 1969 minus
567 1944 590 1968 a
610 1932 650 1969 te
674 1930 778 1980 ipso,
800 1930 908 1980 quod
929 1932 1017 1968 tam
1043 1929 1215 1967 candide
1237 1929 1455 1977 vtriusque
1477 1930 1668 1967 nostrum

63 1987 233 2025 hortatu
251 1986 477 2035 susceperit
494 1985 752 2035 prouinciam
769 1983 1004 2022 conferendi
1024 1997 1137 2021 meas
1152 1983 1461 2021 Annotationes
1481 1996 1577 2021 cum
1597 1985 1670 2022 tua
1691 2000 1730 2022 20

65 2042 246 2080 secunda
264 2040 493 2079 aeditione:
522 2039 564 2077 id
585 2039 693 2089 quod
717 2038 974 2088 perfecturus
993 2040 1091 2082 erat,
1115 2037 1151 2075 si
1172 2051 1245 2086 per
1264 2040 1304 2075 te
1323 2037 1522 2075 licuisset.

119 2095 224 2134 ΕΒΑ.
254 2095 308 2133 Iu
328 2098 382 2133 tot
399 2096 556 2132 milibus
569 2094 901 2138 Annotationum‚
920 2094 963 2131 in
983 2095 1092 2130 tanta
1110 2093 1393 2130 sententiarum
1412 2095 1483 2130 aut
1501 2091 1668 2140 iuyeuio-

65 2163 153 2189 rum
177 2151 372 2197 varietate,
404 2150 500 2197 quid
527 2161 674 2187 nouum
698 2151 770 2186 aut
796 2149 943 2186 mirum
967 2147 1089 2185 sicubi
1116 2147 1274 2185 vidisses
1301 2146 1403 2194 quod
1430 2158 1490 2185 me
1509 2147 1667 2195 fefellit,

65 2208 136 2244 aut
154 2206 225 2243 tibi
242 2205 374 2242 miuus
384 2204 558 2252 placeret
576 2204 677 2251 quod
694 2202 792 2240 mihi
810 2214 890 2241 uon
909 2201 1191 2248 displicuisset?

120 2259 222 2298 EDo.
254 2258 395 2302 Plane,
417 2260 463 2296 vt
485 2257 599 2301 dicis,
618 2257 727 2295 nihil
753 2270 911 2295 nouum
938 2257 1010 2294 aut
1036 2255 1216 2294 mirum:
1245 2256 1286 2293 et
1306 2268 1354 2292 eo
1380 2254 1513 2304 magis
1538 2253 1670 2293 miror
1689 2271 1726 2302 25

67 2315 118 2362 te,
142 2325 270 2362 quum
292 2312 411 2351 nulla
430 2325 595 2360 prorsus
617 2311 674 2350 sis
694 2324 737 2349 re
757 2311 950 2358 offensus,
974 2312 1061 2348 tam
1081 2309 1219 2348 odiose
1240 2311 1382 2348 contra
1399 2322 1467 2347 me
1487 2309 1596 2347 ferri.

121 2367 225 2406 ΕΒΑ.
259 2367 353 2416 Quis
372 2370 500 2405 autem
511 2367 753 2414 probaturus
769 2368 823 2404 est
841 2366 941 2413 quod
961 2367 1041 2402 tam
1059 2365 1184 2402 subito
1199 2376 1245 2402 ex
1260 2365 1386 2403 amieo
1397 2363 1535 2410 factus
1552 2363 1670 2402 hostis

66 2424 110 2460 iu
134 2423 329 2461 absentem
352 2422 580 2469 scripseris?
617 2433 737 2469 quum
765 2431 833 2458 uec
862 2420 1060 2458 lacessitus
1086 2430 1183 2457 esses
1210 2419 1374 2465 «iniuria,
1404 2430 1474 2457 uec
1499 2430 1689 2466 vuquawv

66 2477 342 2524 expostulasses
359 2487 446 2513 cum
459 2479 676 2523 praesente.

121 2531 223 2570 Euo.
257 2529 431 2568 Erasmo
451 2542 526 2567 nec
551 2529 686 2567 adhuc
709 2528 877 2578 quidem
900 2527 1033 2565 hostis
1053 2539 1147 2564 sum
1168 2528 1232 2564 tot
1253 2526 1419 2564 iniuriis
1437 2525 1666 2565 lacessitus.
1688 2538 1728 2568 30

67 2584 272 2624 Hostibus
292 2583 374 2622 tuis
393 2585 480 2622 tam
499 2596 595 2621 sum
614 2583 802 2621 infensus
821 2585 866 2620 vt
887 2581 1166 2620 exterminare
1185 2581 1361 2630 cupiam,
1384 2581 1420 2619 si
1444 2594 1524 2630 quo
1543 2581 1668 2619 modo

67 2639 248 2688 possim:
279 2638 357 2676 hoc
376 2640 439 2676 est
459 2638 606 2676 erratis
626 2637 722 2676 tuis.
783 2637 835 2675 In
854 2636 1070 2674 absentem
1091 2648 1177 2673 non
1197 2635 1354 2684 scripsi.
1409 2635 1517 2673 Nam
1537 2635 1668 2684 prius-

68 2705 194 2742 quam
227 2692 466 2731 concederes
495 2692 702 2730 Basileam
731 2694 777 2730 vt
806 2691 941 2729 denuo
974 2691 1187 2728 emitteres
1215 2703 1333 2739 OPUS,
1361 2689 1670 2728 Annotationes

111 2796 140 2826 8.
167 2795 271 2826 nobis
288 2805 331 2825 a:
354 2804 412 2825 me
428 2797 467 2825 E.
556 2804 607 2826 22.
632 2796 695 2826 aut
709 2806 752 2825 a:
774 2794 802 2825 &
819 2797 856 2824 E.
983 2802 1036 2831 23.
1064 2792 1198 2823 fefellit
1213 2803 1255 2824 a:
1281 2792 1468 2824 fefellisset
1483 2795 1523 2824 E.
1614 2802 1667 2831 27.

68 2841 142 2870 tam
157 2841 233 2870 add.
251 2849 282 2869 α.
404 2838 457 2869 28.
484 2848 549 2869 nec
565 2842 636 2869 ante
653 2838 838 2869 lacessitus
856 2849 887 2877 a,
907 2839 949 2868 ad
965 2840 1063 2874 finem
1079 2847 1198 2868 versus:
1224 2846 1290 2868 nec
1306 2836 1379 2867 vlla
1395 2839 1432 2868 E.

113 2949 142 2971 2.
170 2937 346 2979 Basileae]
370 2938 415 2969 In
432 2937 494 2969 the
509 2940 650 2976 Farrayo
667 2938 737 2977 (E),
757 2938 832 2969 Oct.
947 2945 998 2968 21.
1024 2935 1181 2967 secunda
1210 2936 1407 2979 aeditione]
1433 2937 1471 2968 of
1498 2936 1561 2967 the
1586 2936 1669 2966 New

74 2991 178 3022 1519:
213 2981 270 3013 for
292 2982 355 3013 the
379 2981 461 3013 date
485 2981 525 3013 of
543 2982 592 3012 its
614 2982 836 3021 publication
903 2981 1122 3011 Testament.

69 3035 126 3056 see
142 3036 175 3066 p.
197 3035 268 3066 119.
949 3033 1000 3063 33.
1028 3022 1253 3064 concederes]
1271 3023 1317 3054 In
1335 3024 1416 3063 May
1438 3024 1531 3062 1518.
