1990 3353
296 150 374 188 178
754 147 1005 186 LETTERS
1044 146 1114 185 OF
1151 146 1417 186 ERASMUS
1774 144 1811 200 [1
1821 158 1899 195 520

293 258 362 307 pio
381 257 470 296 zelo
498 270 621 296 coner
645 257 820 295 liberare
843 269 999 294 sacram
1026 255 1249 294 lectionem
1271 257 1313 293 et
1339 254 1628 294 Ecclesiastica
1655 255 1848 306 dogmata
1873 270 1897 295 a

294 312 516 351 calumniis
536 311 711 360 (vtinam
738 323 864 361 quam
882 309 1010 348 velim
1038 312 1125 348 tam
1151 323 1224 359 par
1249 322 1338 348 esse
1364 323 1513 360 queam
1527 311 1563 358 ἓ),
1586 322 1639 348 an
1665 312 1712 348 tu
1738 309 1811 360 qui
1837 312 1899 349 tot

295 366 515 405 calumniis
545 366 746 414 impetas3
782 364 852 414 qui
880 363 1042 402 foedata
1070 364 1122 402 ab
1150 363 1363 402 haereticis
1397 364 1647 413 exemplaria
1677 363 1723 402 in
1752 364 1896 403 orbem

294 433 410 459 cures
429 419 654 470 propagari,
677 419 788 457 vnde
809 418 1039 466 periculum
1059 418 1115 456 sit
1135 420 1176 456 et
1192 431 1333 456 veram
1353 431 1399 456 ac
1418 431 1659 468 germanam
1677 418 1897 457 lectionem

216 488 276 521 740
294 474 511 524 aliquoties
543 473 844 512 contaminari:
885 473 955 522 qui
989 472 1116 510 etiam
1151 485 1235 510 non
1269 472 1398 511 semel
1430 472 1707 521 patrocinium
1741 472 1896 511 videris

295 529 499 578 suscipere
526 527 837 574 haereticorum,
860 528 919 574 vt,
942 526 978 565 si
1003 526 1095 576 quis
1121 526 1235 573 alter,
1258 530 1303 565 tu
1331 527 1511 565 maxime
1534 527 1674 576 ignem
1701 527 1897 565 suscitare

294 583 487 630 videaris,
508 595 594 620 non
622 580 807 620 facticiae
834 581 906 619 dee
926 581 1099 630 templo,
1119 580 1308 630 exemplo
1328 580 1574 626 Herostrati‚
1599 581 1668 619 sed
1693 580 1897 619 Ecclesiae

294 637 390 675 Iesu
420 636 577 676 Christi
606 649 731 686 quam
760 634 938 674 redemit
966 634 1169 685 sanguine
1197 647 1283 682 suo,
1316 635 1509 684 exemplo
1542 635 1648 673 forte
1677 635 1822 673 Arrhii
1856 638 1898 674 et

293 691 466 730 aliarum
497 690 708 740 pestium;
745 692 787 728 et
816 689 942 728 talem
971 689 1113 739 ignem
1141 689 1213 739 qui
1242 689 1314 727 vix
1348 689 1549 739 restingui
1582 691 1705 739 queat
1736 689 1784 738 si,
1817 702 1898 739 qua

216 755 274 788 745
295 745 478 794 coepisti,
502 758 656 794 perges.

349 802 659 849 Argumentum
678 797 751 836 abs
771 800 811 836 te
827 800 1063 847 susceptum
1086 810 1300 846 nunquam
1324 797 1572 846 improbaui.
1615 797 1700 836 Nec
1714 810 1898 848 vnquam

294 853 483 903 arrogaui
504 853 608 892 mihi
628 855 674 891 vt
693 865 856 902 possem
879 853 1031 891 Graece
1050 854 1122 890 aut
1141 851 1290 890 Latine
1309 851 1480 899 soluere,
1499 852 1606 901 quod
1627 853 1758 899 aiunt,
1777 852 1898 890 corri-

295 909 407 958 giam
436 907 695 946 calciamenti
723 907 797 945 tui.
858 906 944 945 Nec
973 908 1080 944 certe
1110 906 1274 955 cupiam
1304 918 1378 955 par
1405 918 1493 944 esse
1522 906 1611 953 tibi,
1637 905 1720 944 nisi
1748 907 1791 944 et
1817 905 1900 945 alia

295 963 492 1001 accedant
507 975 609 1011 quae
625 963 777 999 desunt
790 960 880 999 tibi.
921 960 1009 1010 Ego
1025 963 1229 1010 quantum
1245 960 1402 998 calamo
1416 973 1596 1009 possum,
1615 960 1698 998 iam
1713 960 1898 1010 primum

216 1027 278 1061 750
296 1017 494 1066 experior,
515 1018 556 1054 et
576 1015 710 1054 sentio
731 1029 798 1053 me
818 1015 924 1053 nihil
942 1028 1071 1065 posse.
1121 1015 1177 1052 Et
1196 1016 1337 1052 tamen
1350 1016 1561 1064 vtcunque
1576 1013 1898 1053 balbutiendum

297 1074 370 1118 est,
393 1071 558 1121 quando
587 1072 632 1108 tu
662 1070 720 1108 sic
749 1069 913 1119 pungis.
972 1069 1075 1107 Plus
1106 1068 1184 1107 tibi
1212 1068 1422 1117 permittis
1449 1068 1495 1106 in
1525 1068 1645 1107 Nouo
1674 1081 1799 1118 quam
1823 1081 1898 1118 ego

297 1125 404 1163 mihi
422 1125 468 1163 in
488 1125 628 1163 Veteri
647 1124 926 1162 Testamento.
986 1123 1094 1162 Nam
1114 1123 1159 1161 in
1180 1123 1299 1161 Nouo
1319 1123 1377 1161 sic
1396 1124 1516 1161 notas
1535 1136 1639 1173 quae
1661 1122 1739 1161 tibi
1759 1123 1898 1173 displi-

297 1182 402 1227 cent,
436 1181 483 1217 vt
516 1179 685 1226 doceas;
720 1191 794 1227 ego
828 1180 995 1216 tantum
1029 1177 1167 1216 labilis
1198 1177 1424 1215 memoriae
1456 1190 1570 1216 meae
1603 1177 1899 1216 subsidiarium

297 1233 516 1283 compingo
544 1233 756 1280 volumen,
788 1232 923 1270 adhuc
956 1234 1134 1282 reptans,
1167 1244 1252 1270 non
1285 1231 1490 1280 gradiens.
1549 1231 1657 1270 Nam
1690 1245 1775 1269 non
1809 1245 1898 1281 pro-

217 1295 277 1328 755
297 1288 407 1326 cliue
445 1287 571 1326 fuerit
608 1286 799 1337 progredi
836 1286 1037 1325 inoffense
1075 1285 1119 1324 in
1158 1285 1296 1324 Biblia
1333 1285 1550 1333 Hebraica,
1592 1285 1674 1324 nisi
1715 1286 1898 1336 primum

298 1341 596 1380 Hebraicorum
627 1341 922 1380 vocabulorum
955 1340 1112 1379 radices
1150 1340 1375 1390 collegeris.
1438 1340 1551 1378 Haec
1589 1340 1697 1378 mihi
1733 1353 1899 1380 summa

297 1396 452 1435 laboris
472 1397 545 1443 est,
571 1397 617 1433 vt
641 1394 885 1434 memoriam
914 1395 1066 1442 iuuem,
1095 1407 1179 1433 non
1205 1396 1253 1432 vt
1281 1393 1458 1433 doceam.
1520 1395 1640 1434 Certe
1667 1395 1703 1433 si
1727 1407 1799 1444 per
1822 1394 1899 1433 hos

297 1450 509 1489 tumultus
528 1450 724 1497 licuisset,
747 1450 830 1488 iam
851 1462 938 1487 rem
958 1452 1183 1499 vtcumque
1203 1448 1541 1498 perduxissemus
1560 1449 1610 1486 ad
1631 1449 1794 1488 calcem.

345 1505 458 1543 Illud
473 1517 570 1543 vero
587 1517 710 1554 quam
726 1504 928 1553 praeferat
940 1502 1130 1552 simplex,
1146 1502 1383 1541 modestum
1397 1516 1444 1540 ac
1460 1503 1744 1541 Christianum
1756 1504 1899 1553 pectus

238 1563 279 1595 60
298 1562 430 1606 tuum,
453 1559 563 1609 quod
583 1558 783 1597 zizaniam
810 1557 995 1596 moliaris
1021 1557 1226 1596 seminare
1254 1557 1365 1595 inter
1387 1557 1545 1605 fratres,
1569 1557 1734 1607 quando
1753 1557 1899 1596 scribis

299 1627 364 1652 me
387 1613 433 1651 in
456 1613 600 1651 odium
625 1613 687 1651 tui
713 1612 1017 1651 amicissimum
1042 1613 1198 1650 factum
1224 1611 1293 1650 his
1318 1612 1367 1649 de
1397 1611 1548 1661 quibus
1576 1614 1698 1650 antea
1722 1611 1899 1661 pessime

297 1670 339 1706 et
358 1667 558 1717 loquebar
572 1669 610 1705 et
630 1666 871 1705 sentiebam.
915 1666 1034 1704 Nihil
1053 1666 1200 1704 dubito
1219 1666 1509 1715 prudentiores
1524 1679 1614 1707 esse
1633 1679 1736 1715 quos
1755 1665 1900 1704 innuis

299 1735 423 1771 quam
454 1723 502 1760 vt
531 1721 609 1759 tibi
642 1721 715 1759 tali
747 1720 914 1759 authori
946 1720 1126 1759 credant.
1184 1721 1418 1758 Veneratus
1456 1733 1549 1758 sum
1587 1733 1748 1770 semper
1786 1720 1899 1758 hunc

298 1776 498 1815 ordinem.
548 1777 701 1814 Arctae
716 1775 760 1812 in
777 1788 854 1813 nos
868 1774 1073 1812 amicitiae
1088 1773 1253 1812 nullum
1269 1774 1470 1812 hactenus
1485 1777 1572 1812 erat
1586 1776 1894 1824 argumentum.

216 1834 277 1876 765
298 1831 468 1869 Praeter
487 1843 619 1868 vnum
635 1833 676 1868 et
691 1829 869 1867 alterum
884 1829 992 1867 forte
1006 1828 1078 1866 vix
1094 1828 1342 1867 nominatim
1358 1828 1492 1867 adhuc
1509 1828 1688 1866 salutare
1703 1841 1872 1878 possum
1887 1842 1897 1876 ;

298 1898 373 1923 nec
400 1884 508 1923 mihi
530 1883 616 1922 vlla
641 1897 826 1934 vnquam
853 1896 948 1921 cum
978 1883 1044 1921 his
1072 1883 1153 1921 fuit
1179 1883 1445 1921 consuetudo.
1503 1882 1730 1932 Nunquam
1755 1895 1898 1921 eorum

298 1951 536 1989 quenquam
566 1938 768 1987 instigaui
806 1940 950 1976 contra
978 1938 1155 1975 te—sim
1176 1935 1296 1986 'apud
1331 1951 1399 1976 eos
1432 1937 1611 1975 mendax
1645 1937 1680 1975 si
1713 1950 1900 1987 vnquam

297 1993 400 2041 feci3
434 2006 509 2031 nec
529 2006 713 2042 vnquam
734 1993 784 2030 de
804 1993 864 2030 eis
883 1992 1024 2031 minus
1048 2004 1171 2042 quam
1191 2005 1264 2041 par
1284 1994 1372 2030 erat
1391 1990 1618 2030 honorifice
1645 1993 1716 2030 aut
1735 1991 1900 2030 locutus

298 2061 392 2086 sum
411 2049 483 2086 aut
501 2048 624 2086 sensi.

217 2111 279 2146 770
353 2101 630 2141 Calumniaris
650 2101 757 2150 quod
779 2114 919 2150 sparso
940 2114 1104 2139 rumore
1124 2100 1232 2150 quod
1254 2103 1447 2138 mortuus
1474 2112 1584 2138 esses
1604 2099 1801 2145 Basileae,
1824 2113 1899 2150 ego

298 2158 390 2195 tum
421 2157 591 2194 demum
625 2156 806 2194 faustam
840 2155 1110 2201 occasionem,
1139 2156 1185 2192 vt
1218 2154 1397 2202 videbar,
1436 2157 1595 2200 nactus,
1628 2157 1760 2192 totam
1793 2154 1899 2192 hanc

300 2210 511 2260 regionem
541 2212 583 2248 et
611 2223 747 2248 meam
777 2209 976 2259 Angliam
1005 2209 1210 2247 sexcentis
1237 2208 1324 2247 illis
1353 2208 1454 2247 locis
1483 2208 1759 2258 impleuerim.
1821 2208 1900 2247 Ille

299 2278 443 2303 rumor
470 2265 521 2302 ad
548 2277 667 2302 aures
692 2277 805 2302 meas
833 2276 1049 2313 nunquam
1078 2262 1295 2301 increbuit.
1353 2262 1581 2312 Postquam
1610 2263 1694 2301 iam
1724 2263 1902 2301 redisses

300 2332 350 2357 ex
371 2319 543 2366 Basilea,
568 2331 614 2356 ac
634 2318 772 2356 nescio
794 2331 876 2367 quo
894 2318 1038 2356 morbo
1058 2317 1248 2355 laborans
1268 2317 1489 2355 decubares
1508 2317 1552 2354 in
1572 2316 1695 2354 domo
1715 2316 1899 2355 Theode-

219 2383 279 2417 775
300 2373 375 2411 rici
400 2372 649 2419 Alustensis,
677 2372 851 2410 memini
878 2372 1007 2410 semel
1035 2371 1142 2409 mihi
1165 2371 1407 2409 nuntiatum
1433 2384 1456 2409 a
1481 2370 1688 2409 Matthaeo
1711 2370 1899 2409 Adriano

301 2426 491 2466 Hebraeo
506 2427 769 2475 desperatum
788 2440 912 2476 prope
927 2439 1015 2464 esse
1031 2426 1081 2464 de
1101 2428 1172 2464 tua
1191 2425 1334 2464 salute.
1375 2425 1599 2474 Nunquam
1615 2425 1720 2463 bene
1734 2426 1899 2463 valeam

302 2480 385 2519 nisi
411 2481 553 2519 statim
579 2480 642 2518 illi
668 2480 948 2529 responderim
977 2480 1247 2518 vehementer
1272 2479 1409 2517 dolere
1436 2492 1503 2517 me
1525 2479 1559 2517 si
1588 2479 1630 2517 id
1650 2491 1797 2518 verum
1820 2478 1900 2518 sit:

302 2548 400 2573 nam
421 2536 599 2573 facturas
620 2535 752 2573 bonas
771 2535 912 2573 literas
931 2547 1128 2584 magnam
1147 2533 1190 2571 in
1212 2536 1283 2571 tua
1302 2537 1434 2572 morte
1453 2534 1666 2571 iacturam.

356 2589 588 2638 Impudens
607 2602 738 2627 essem
761 2589 796 2627 si
815 2589 1066 2627 iactitassem
1087 2590 1279 2627 sexcenta
1298 2587 1385 2625 loca
1405 2587 1510 2626 mihi
1530 2588 1711 2634 collecta,
1736 2587 1901 2637 quando

219 2647 282 2688 780
302 2643 408 2682 liber
422 2642 530 2692 apud
548 2644 753 2681 Atensem
774 2645 857 2681 erat
877 2657 960 2681 vno
980 2645 1052 2681 aut
1072 2642 1200 2680 altero
1217 2655 1343 2691 prope
1360 2654 1524 2688 mense3
1554 2643 1599 2679 vt
1615 2641 1691 2680 tibi
1711 2653 1900 2680 mearum

301 2697 639 2737 Annotationum
660 2698 821 2747 copiam
840 2698 989 2736 faceret
1010 2697 1045 2735 si
1064 2696 1200 2735 velles.
1262 2696 1407 2745 Itaque
1426 2698 1588 2745 praeter
1611 2698 1754 2734 notam
1774 2708 1900 2745 quam

217 1573 233 1604 λ1

348 2827 419 2867 738.
447 2827 490 2857 ab
508 2827 714 2868 haereticis]
734 2827 778 2858 In
801 2827 862 2858 the
879 2828 1010 2858 introd.
1028 2828 1064 2857 to
1177 2836 1249 2865 752.
1275 2826 1314 2855 in
1334 2824 1467 2858 Veteri]
1485 2825 1537 2857 Cf.
1558 2825 1618 2865 Ep.
1643 2835 1735 2864 1053.
1753 2826 1856 2864 278n.

306 2873 360 2902 his
384 2871 512 2902 second
536 2873 701 2907 Responsio
723 2872 862 2910 against
887 2871 954 2901 Lee
977 2871 1061 2911 (LE.
1179 2872 1251 2908 760.
1279 2869 1420 2909 scribis]
1440 2869 1502 2908 Ep.
1526 2879 1618 2907 1053.
1642 2869 1760 2908 327-8.

304 2917 350 2946 ix.
369 2915 481 2955 123,4)
497 2914 664 2944 Erasmus
675 2914 855 2945 rehcarses
867 2916 1066 2954 specimens
1181 2915 1253 2952 764.
1280 2912 1459 2954 ordinem]
1483 2912 1557 2943 The
1574 2913 1829 2950 Dominican83
1855 2912 1897 2943 cf.

304 2959 340 2989 of
361 2958 424 2989 the
448 2958 618 2988 licretical
643 2958 809 2997 opinions
832 2958 923 2988 with
947 2958 1067 2988 which
1137 2957 1200 2996 Ep.
1224 2957 1317 2986 1006.
1337 2966 1394 2994 4n.

305 3003 350 3033 he
369 3011 438 3032 was
454 3001 618 3041 charged.
1183 3009 1253 3038 770.
1281 2998 1539 3039 Calumniaris]
1558 2999 1620 3039 Ep.
1643 3009 1733 3038 1053.
1747 2999 1889 3038 338—41.

349 3056 419 3085 747.
448 3043 654 3085 corrigiam]
673 3044 722 3076 Cf.
740 3045 837 3075 John
859 3054 884 3075 1.
906 3055 957 3084 27.
1185 3053 1258 3082 774.
1280 3042 1488 3084 decubares]
1503 3042 1554 3074 Cf.
1569 3043 1631 3082 Ep.
1646 3043 1722 3081 867.
1739 3052 1897 3082 193-249.

1988 2916 1990 2935 1

1986 2985 1990 2994 x
