1990 3353
68 95 188 150 1196]
488 98 556 136 TO
595 97 848 137 VINCENT
886 97 1242 137 THEODORIOI
1582 99 1661 136 477

60 211 149 248 erat
177 208 274 247 finis
304 222 377 246 1100
411 207 571 246 111οᾶ05.
630 207 811 245 Subinde
845 208 1053 257 repetebat
1086 208 1376 246 intermissum
1404 220 1662 255 sermonem3

64 277 241 313 cumque
272 263 424 312 passim
454 263 562 300 inter
590 275 632 299 se
664 264 858 299 nutarent
887 276 933 299 ac
962 263 1145 301 riderent
1173 263 1392 308 auditores,
1420 264 1561 299 tamen
1593 262 1662 300 ille

64 320 151 356 toto
175 318 296 356 vultu
324 317 548 355 testificans
576 315 785 365 impotens
812 316 954 354 odium
981 317 1122 363 animi,
1149 317 1401 354 maledicum
1427 329 1662 354 sermonem
1682 335 1744 366 595

60 372 230 421 abrupit
248 371 388 409 verius
407 384 531 420 quam
552 370 704 407 finiuit.

118 426 179 464 Ea
193 426 243 464 de
255 439 297 463 re
312 439 404 462 cum
418 424 721 474 expostularem
734 424 842 472 apud
855 424 1100 463 Academiae
1109 425 1326 463 Rectorem
1343 424 1662 472 Godschalcum,

63 480 267 518 eiusmodi
287 479 496 525 conuiciis,
521 479 606 516 imo
626 478 856 516 mendaciis
881 478 1156 517 debacchatus
1182 482 1244 517 est
1270 480 1313 516 in
1339 479 1486 517 faciem
1512 492 1660 526 meam,

62 537 108 572 vt
127 548 174 573 ea
192 534 262 572 vix
283 534 451 571 Balatro
473 533 623 571 diceret
643 532 921 578 Nomentano,
939 546 1044 582 quae
1063 546 1189 571 senex
1209 533 1307 580 seni,
1327 534 1514 571 sacerdos
1534 546 1662 571 sacer-

63 588 162 636 doti,
178 588 394 637 theologus
410 586 613 636 theologo,
630 587 755 636 idque
769 587 876 636 apud
893 587 1140 625 Academiae
1154 588 1468 625 moderatorem.
1511 588 1662 625 Aiebat
1681 595 1746 627 600

62 656 131 681 me
148 642 423 692 versipellem,
444 641 664 690 duplicem,
687 643 873 679 autorem
895 641 1033 679 omnis
1053 641 1262 679 tumultus
1282 642 1538 689 Lutheriani,
1555 642 1664 680 nihil

62 710 147 735 non
174 697 357 746 fingere;
390 709 456 734 me
486 694 672 733 infixisse
700 695 934 733 Lutherum
964 696 1118 733 animis
1147 696 1382 739 hominum,
1402 709 1469 733 me
1496 696 1663 734 falsasse

62 751 209 790 multis
227 751 329 789 locis
350 750 519 788 Nouum
541 750 865 788 Testamentum.
926 749 1195 799 Significabat
1216 763 1283 787 me
1311 750 1421 787 fictis
1448 750 1510 788 vti
1537 750 1663 798 diplo-

62 805 200 852 matis,
237 804 410 843 finxisse
447 804 658 854 Epistolas
695 804 971 843 Eruditorum
1010 804 1206 842 Virorum
1246 805 1297 842 ad
1335 817 1402 842 me
1440 804 1664 842 honorifice

61 860 244 909 scriptas,
287 872 382 896 cum
420 859 635 908 plerasque
673 859 933 908 supprimam
971 859 1137 908 pudore.
1217 859 1324 907 Quid
1364 859 1481 896 non‘?
1550 859 1664 896 More
1683 865 1745 906 605

60 914 298 964 procacium
318 913 655 951 muliercularum
675 913 840 951 nullum
852 914 1027 951 verbum
1044 927 1129 951 non
1146 913 1328 962 rapiebat
1344 912 1389 950 in
1409 912 1663 951 occasionem

61 968 254 1007 conuicii.
312 968 435 1006 Forte
463 967 648 1005 dixeram
674 967 826 1017 ‘Finge
854 967 913 1006 ita
939 968 1055 1015 esse,'
1081 981 1157 1017 pro
1187 981 1233 1005 eo
1264 968 1370 1016 quod
1401 969 1498 1012 erat,
1525 967 1664 1005 ‘Pone

60 1023 120 1061 ita
139 1024 254 1061 esse.’
311 1022 378 1060 Ibi
397 1024 630 1059 commotus
651 1021 775 1059 homo
798 1021 927 1060 ‘Nolo
942 1022 951 1036 '
971 1022 1120 1071 inquit,
1150 1022 1328 1072 ‘fingere
1346 1036 1353 1068 ;
1378 1022 1455 1060 hoc
1474 1024 1664 1060 vestrum

60 1079 135 1124 est,
159 1091 233 1116 vos
253 1076 416 1125 fingitis
437 1089 481 1114 ac
509 1076 751 1114 mentimini
778 1077 948 1114 omnia.’
1005 1077 1280 1114 Memineram
1307 1090 1379 1125 per
1406 1076 1663 1114 occasionem

63 1131 291 1170 rhetoricae
325 1131 548 1176 ciuilitatis,
582 1144 663 1180 qua
696 1143 1001 1180 nonnunquam
1032 1144 1233 1180 negamus
1264 1144 1341 1168 nos
1370 1144 1536 1168 monere
1566 1143 1664 1168 eum
1683 1136 1748 1168 610

60 1199 183 1236 quem
203 1188 345 1225 tamen
365 1198 597 1223 monemus.
656 1185 724 1223 Ibi
744 1199 817 1223 ceu
836 1185 969 1223 telum
993 1187 1153 1233 nactus,
1183 1187 1191 1203 ⁶
1204 1185 1362 1224 Verum
1376 1185 1385 1198 '
1405 1185 1555 1234 inquit,
1584 1186 1664 1222 ‘sic

60 1242 248 1279 rhetores
285 1240 426 1278 omnia
464 1239 739 1287 mentiuntur,
773 1239 939 1289 fingunt
979 1253 1024 1278 ac
1063 1239 1363 1277 dissimulant’.
1426 1239 1542 1277 Nihil
1582 1239 1664 1277 dici

59 1297 220 1344 poterat
249 1295 357 1344 quod
388 1294 458 1332 ille
488 1307 572 1331 non
602 1295 781 1333 verteret
810 1294 854 1331 in
885 1295 1141 1332 occasionem
1171 1294 1357 1332 conuicii.

114 1349 303 1388 Tandem
326 1349 396 1386 vbi
426 1349 528 1386 satis
550 1351 658 1386 esset
687 1348 960 1386 debacchatus
987 1362 1166 1397 suaeque
1188 1351 1366 1387 *naturae
1394 1348 1660 1397 obsequutus,

60 1404 130 1442 vbi
150 1417 281 1453 vsque
301 1403 352 1441 ad
373 1403 607 1441 satietatem
628 1403 775 1440 faciem
795 1416 930 1441 meam
951 1403 1184 1441 maledictis
1205 1403 1477 1452 conspuisset,
1494 1403 1663 1440 tandem
1683 1409 1745 1449 615

60 1460 233 1508 Vrgente
254 1458 425 1495 Rectore
445 1457 659 1506 proposuit
680 1457 940 1495 conditiones
960 1458 1072 1506 pacis
1092 1458 1203 1504 duas,
1223 1458 1394 1495 alteram
1412 1460 1455 1495 vt
1475 1469 1663 1494 canerem

60 1513 316 1561 palinodiam
349 1525 492 1549 eorum
525 1525 629 1561 quae
664 1512 921 1561 scripsissem
962 1512 1005 1549 in
1046 1512 1259 1561 theologos
1292 1512 1583 1558 Louanienses,
1618 1524 1663 1549 ac

61 1567 345 1605 Stesichorum
374 1565 565 1604 imitatus
595 1566 819 1604 scriberem
839 1566 1015 1604 Louanii
1039 1568 1047 1584 ‘
1063 1579 1256 1616 synceres
1272 1567 1281 1581 ’
1302 1566 1416 1614 (nam
1443 1566 1519 1603 hoc
1546 1564 1663 1603 verbi

59 1624 149 1659 tum
181 1621 245 1659 illi
273 1621 443 1670 placuit)
466 1634 510 1658 ac
538 1620 689 1670 probos
718 1634 807 1658 esse
833 1621 1070 1670 theologos:
1105 1620 1221 1670 quasi
1251 1621 1287 1657 si
1316 1621 1357 1658 id
1389 1620 1660 1669 scripsissem,

60 1676 149 1725 ipse
187 1675 377 1724 protinus
414 1675 522 1713 alius
565 1675 787 1713 haberetur
830 1689 955 1725 quam
1003 1688 1166 1724 semper
1213 1675 1302 1712 fuit.
1373 1675 1563 1712 Alteram
1601 1674 1663 1711 vti
1682 1682 1746 1714 620

59 1731 283 1768 scriberem
313 1730 511 1768 aduersus
540 1729 785 1768 Lutherum.
846 1729 961 1768 Haec
994 1730 1030 1767 si
1061 1731 1284 1779 reciperem
1318 1742 1362 1767 ac
1397 1731 1660 1778 praestarem,

60 1788 154 1823 tum
174 1798 249 1822 nos
269 1785 356 1822 fore
375 1784 546 1830 fratres3
577 1785 643 1821 sin
670 1797 916 1831 recusarem,
937 1798 979 1822 se
1006 1786 1203 1833 perpetuo
1234 1783 1476 1821 habiturum
1502 1796 1569 1821 me
1589 1795 1664 1831 pro

60 1839 300 1877 Lutherano
316 1853 324 1876 :
355 1838 471 1887 quasi
491 1851 575 1876 non
590 1839 676 1888 ipse
689 1839 831 1877 eadem
846 1839 1005 1877 ratione
1022 1839 1248 1877 censendus
1261 1840 1370 1876 esset
1386 1838 1660 1885 Lutheranus,

59 1894 132 1943 qui
152 1893 259 1931 nihil
279 1893 479 1931 aduersus
499 1892 621 1931 illum
642 1893 863 1942 scripserit.

115 1948 254 1986 Huius
301 1947 529 1996 discipulus
570 1947 693 1985 Prior
729 1947 1093 1997 Antuuerpiensis‚
1136 1947 1243 1997 pileo
1283 1947 1464 1985 violaceo
1511 1945 1662 1994 doctor,
1682 1949 1745 1990 625

58 2015 260 2040 excusans
288 2015 376 2040 sese
406 2002 513 2051 apud
544 2002 812 2051 magistratus
832 2002 941 2051 quod
972 2002 1166 2040 seditiose
1196 2003 1414 2039 clamasset
1443 2001 1488 2038 in
1514 2000 1663 2038 Luthe-

59 2070 165 2103 rum,
190 2056 359 2104 negauit
388 2069 431 2094 se
457 2056 605 2105 legisse
626 2057 801 2094 Lutheri
829 2057 968 2103 libros,
992 2057 1063 2094 sed
1093 2056 1354 2094 admonitum
1383 2055 1515 2093 literis
1543 2055 1589 2092 R.
1614 2054 1660 2093 P.

60 2110 222 2149 Nicolai
241 2110 506 2160 Egmondani
533 2110 686 2148 dixisse
707 2124 810 2160 quae
831 2111 1016 2149 dixisset.
1077 2111 1232 2148 Eodem
1261 2113 1448 2158 tempore
1478 2122 1664 2158 proceres

59 2165 303 2204 monasterii
323 2164 597 2203 Dominicalis
616 2165 674 2204 sic
696 2165 884 2203 indecore
905 2168 1120 2215 gesserunt
1145 2178 1233 2203 sese
1251 2166 1297 2202 vt
1324 2164 1514 2202 omnium
1541 2163 1663 2201 bono-

59 2232 153 2258 rum
182 2220 347 2258 animos
377 2219 428 2257 ab
457 2232 500 2257 se
527 2219 771 2258 alienarent.
832 2220 1021 2268 Quorum
1060 2220 1110 2257 de
1145 2232 1317 2257 numero
1348 2219 1515 2268 quidam
1551 2218 1664 2255 laicis
1682 2224 1746 2264 630

59 2275 217 2323 aliquot
245 2273 522 2320 audientibus
558 2274 776 2312 ‘Vtinam'
806 2274 952 2324 inquit,
993 2275 1120 2311 ‘mihi
1154 2274 1296 2311 liceret
1330 2273 1525 2310 dentibus
1558 2272 1663 2310 meis

60 2329 301 2367 demordere
320 2327 463 2377 gulam
483 2328 682 2366 Lutheri!
713 2328 821 2366 nihil
841 2342 1005 2367 vererer
1026 2342 1095 2366 ore
1115 2328 1250 2366 adhuc
1278 2329 1448 2365 cruento
1474 2327 1663 2365 accedere

58 2383 110 2421 ad
140 2395 289 2432 corpus
309 2382 465 2421 Christi
480 2382 500 2420 ’.
561 2382 663 2430 Quis
690 2382 896 2421 bonorum
926 2385 989 2421 est
1020 2386 1107 2421 tam
1135 2382 1266 2420 iratus
1295 2382 1478 2419 Luthero
1502 2384 1547 2419 vt
1578 2394 1663 2419 non

60 2438 193 2476 oderit
212 2437 463 2475 sacerdotem
483 2437 581 2475 haec
601 2441 866 2476 euomentem
882 2439 902 2476 ⁸?

115 2491 315 2531 Standicii
350 2491 535 2529 fabulam
567 2491 645 2529 tibi
676 2505 813 2530 coram
845 2492 1024 2540 narraui,
1058 2491 1129 2541 qui
1159 2493 1248 2529 tam
1280 2490 1429 2529 stolide
1459 2490 1586 2540 gessit
1619 2503 1663 2528 se
1681 2490 1743 2531 635

103 2591 178 2621 601.
198 2588 398 2620 Lutherani
414 2591 458 2620 H.
549 2590 626 2620 620.
652 2592 706 2620 H:
729 2589 856 2620 Altera
872 2593 911 2621 F.
999 2591 1073 2629 625.
1099 2588 1194 2629 pileo
1211 2589 1365 2620 violaceo
1383 2588 1506 2619 doctor
1522 2591 1597 2618 add.
1620 2590 1659 2621 H.

57 2635 134 2672 627.
159 2633 199 2663 R.
211 2632 251 2663 P.
269 2642 325 2661 om.
344 2634 386 2662 H.
482 2633 558 2665 628.
586 2633 724 2664 Nicolai
740 2636 814 2665 add.
832 2635 874 2665 H.

103 2727 176 2756 597.
201 2714 477 2756 expostularem]
490 2715 555 2746 See
568 2716 631 2746 the
643 2716 743 2746 vivid
752 2715 827 2747 des·
940 2717 1015 2746 618.
1043 2714 1218 2754 synceres]
1232 2714 1284 2746 Cf.
1302 2714 1363 2754 Ep.
1384 2725 1397 2745 1
1408 2716 1477 2745 162.
1494 2724 1568 2746 201.

60 2760 214 2800 cription
231 2760 337 2799 given
355 2760 393 2789 in
412 2759 475 2798 Ep.
497 2760 590 2789 1162.
940 2761 1014 2797 625.
1040 2759 1143 2789 Prior
1210 2758 1530 2799 Antuuerpiensis]
1583 2758 1661 2788 Sel».

102 2814 175 2844 599.
200 2802 359 2843 Balatro]
368 2802 443 2833 The
454 2802 609 2842 buffoon,
625 2811 664 2833 as
675 2803 828 2833 Nomen·
897 2802 1038 2843 Craeys,
1080 2801 1171 2833 with
1214 2802 1332 2832 whom
1379 2802 1547 2833 Erasmus
1592 2801 1663 2831 had

59 2849 167 2878 tanus
182 2856 254 2877 was
269 2846 332 2877 the
348 2846 515 2886 parasite,
535 2846 574 2876 of
586 2846 674 2877 Hor.
694 2849 726 2877 S.
746 2856 776 2878 2.
795 2847 825 2877 8.
897 2847 1043 2886 already
1059 2846 1131 2877 had
1147 2855 1194 2876 an
1211 2847 1407 2876 encounter
1421 2856 1429 2885 ;
1445 2847 1487 2876 cf.
1504 2846 1566 2885 Ep.
1583 2845 1658 2884 948.

103 2892 178 2929 604.
206 2889 396 2930 Epistolas]
411 2890 475 2920 See
492 2899 525 2928 p.
543 2899 618 2921 210.
899 2900 911 2920 1
922 2900 960 2920 10
975 2899 1047 2929 seq.

102 2936 178 2973 605.
205 2932 442 2974 supprimam]
458 2933 522 2964 See
540 2933 601 2973 Ep.
621 2942 698 2972 993.
715 2943 793 2973 52¹¹·
938 2935 1013 2972 635.
1041 2933 1231 2974 Standicii]
1256 2933 1307 2964 Cf.
1342 2933 1427 2973 Epp.
1469 2933 1545 2964 608.
1584 2942 1659 2971 1411,

103 2979 177 3016 607.
196 2978 318 3018 Finge]
337 2977 400 3017 Ep.
421 2977 511 3007 1162.
532 2987 651 3016 47—55.
900 2979 991 3008 1126.
