1990 3353
106 136 228 190 1082]
345 138 417 178 ΤΟ
455 138 758 189 HERMANN,
798 140 986 180 COUNT
1025 140 1093 180 OF
1131 140 1456 181 NEUENAHR
1622 144 1704 183 209

101 249 308 289 Martinus
327 250 520 300 Dorpius,
540 251 602 289 tui
621 250 806 289 nominis
826 263 920 289 cum
941 251 1089 300 primis
1110 251 1333 297 studiosus,
1349 266 1445 292 vere
1459 253 1701 305 theologum

101 304 210 354 agit:
259 317 357 343 nam
395 304 616 344 extricatus
661 305 713 343 ab
754 304 848 343 istis
889 305 1118 344 factionum
1160 307 1412 346 tumultibus
1457 309 1703 348 suauissime

102 358 260 397 fruitur
279 359 449 408 optimis
469 359 630 397 studiis.

157 413 387 452 Lodouicus
421 413 562 461 Viues‚
596 413 695 452 dum
735 412 806 452 alii
845 412 1038 462 clamant,
1074 414 1265 464 gnauiter
1301 415 1517 463 declamat,
1551 418 1702 457 veteris

103 467 283 517 exempli
311 480 447 506 nouus
475 469 620 506 autor:
660 467 739 505 scis
767 467 882 506 enim
909 467 1016 506 hanc
1045 468 1293 508 eruditionis
1318 472 1476 520 partem
1502 470 1703 511 hactenus
1725 487 1738 507 2
1747 487 1763 517 5

102 520 230 560 etiam
263 521 309 560 in
345 521 464 560 Italis
493 522 621 560 fuisse
654 521 940 560 desideratam.
999 522 1092 560 Hoc
1126 523 1251 562 decus
1278 524 1409 563 Viues
1436 527 1576 564 noster
1605 539 1702 565 suae

102 574 307 614 instaurat
333 574 572 625 Hispaniae.
634 575 798 614 Habuit
817 575 890 615 illa
909 576 1120 626 quondam
1142 590 1237 616 cum
1257 577 1350 617 aliis
1378 579 1424 617 in
1452 579 1585 628 rebus,
1609 583 1700 619 tum

102 628 146 668 in
167 629 245 668 hoc
264 643 412 679 genere
433 630 744 679 praecellentes,
765 643 860 668 cum
880 630 1030 679 primis
1051 631 1227 670 Senecas
1246 633 1288 670 et
1308 632 1607 682 Quintilianos,
1630 636 1700 674 sed

101 683 250 723 habuit
269 684 434 722 Romae.
496 684 601 722 Eam
622 684 690 723 hic
710 684 877 722 laudem
899 697 995 723 suae
1014 685 1200 724 vindicat
1218 686 1448 735 Valentiae,
1473 690 1519 726 vt
1539 689 1593 727 sit
1620 703 1701 740 quo

101 739 262 788 praeter
282 738 466 777 nominis
485 739 740 777 consortium
761 739 973 777 Romanae
992 739 1108 778 vrbis
1128 741 1291 779 aemula
1309 741 1442 780 videri
1463 745 1595 792 queat.
1646 745 1702 783 Vt
1724 758 1767 788 30

101 791 350 831 facillimum
371 795 434 831 est
453 793 641 842 clamare,
665 793 722 832 ita
741 792 864 841 longe
882 793 1178 832 difficillimum
1198 794 1376 834 arbitror
1400 796 1638 845 declamare,
1663 801 1703 836 et-

100 845 161 885 ita
182 846 409 885 declamare
428 848 476 886 vt
496 847 563 885 hic
588 847 802 896 declamat,
821 847 857 886 si
876 847 977 897 quid
997 861 1088 886 meo
1109 848 1260 887 iudicio
1280 849 1550 889 tribuendum
1566 854 1699 901 putas

102 900 205 951 Agit
229 901 341 939 enim
361 901 439 940 hoc
458 903 576 940 tanta
597 901 840 941 dexteritate
858 905 917 950 vt,
941 902 976 940 si
996 902 1170 941 titulum
1189 904 1360 951 adimas,
1377 907 1499 955 putes
1518 919 1605 944 rem
1627 920 1702 945 nec

100 955 227 994 huius
246 955 426 1005 regionis
446 969 520 994 nec
540 956 666 994 huius
685 969 774 994 esse
794 956 958 1002 saeculi,
982 956 1053 995 sed
1075 970 1097 995 e
1116 957 1371 997 felicissimis
1390 959 1475 998 illis
1493 959 1547 999 M.
1572 960 1703 999 Tullii

101 1009 335 1060 Seneceque
367 1010 628 1060 temporibus
655 1010 854 1049 relictam.
912 1012 1112 1051 Versatur
1139 1012 1184 1050 in
1211 1015 1457 1062 argumento
1491 1014 1600 1061 ficto,
1631 1016 1701 1054 sed
1724 1029 1763 1060 35

100 1063 159 1103 ita
186 1066 234 1102 vt
262 1077 351 1102 rem
380 1065 530 1102 seriam
558 1065 624 1114 agi
652 1065 804 1104 credas.
864 1065 1031 1104 Tractat
1061 1068 1279 1117 vti-amque
1307 1070 1482 1117 partem,
1514 1070 1586 1107 sed
1615 1071 1701 1108 tam

101 1117 368 1169 probabiliter
395 1121 440 1157 vt
468 1119 658 1157 videatur
687 1119 767 1158 sibi
795 1120 1049 1169 persuasisse
1082 1121 1199 1170 prius
1232 1122 1342 1172 quod
1371 1123 1524 1162 suadet.
1585 1124 1702 1163 Artis

100 1172 549 1222 obseruantissi<mus>
579 1175 652 1221 est,
677 1175 758 1222 sed,
783 1187 908 1225 quam
928 1174 1008 1213 scis
1033 1187 1122 1213 esse
1148 1175 1300 1214 bonam
1325 1179 1484 1226 partem
1509 1178 1622 1225 artis,
1645 1178 1702 1217 sic

101 1227 325 1266 artificium
364 1227 604 1266 dissimulat
641 1230 688 1266 vt
726 1241 852 1278 neges
889 1241 978 1266 rem
1011 1229 1303 1268 adumbratam
1336 1231 1414 1280 agi.
1486 1231 1700 1283 Nusquam

102 1281 262 1321 desidet
286 1282 331 1319 in
358 1281 458 1321 locis
484 1282 787 1331 communibus,
817 1295 1025 1333 nusquam
1052 1296 1075 1322 a
1101 1297 1223 1323 causa
1249 1285 1488 1335 digreditur.
1550 1286 1702 1326 Credas
1722 1301 1763 1331 40

100 1335 318 1375 hominem
352 1350 426 1386 pro
459 1336 591 1374 amico
629 1337 679 1375 de
718 1337 850 1386 capite
884 1338 1145 1387 periclitante
1180 1339 1230 1377 ad
1264 1339 1521 1390 clepsydram
1556 1341 1698 1381 dicere.

101 1389 195 1428 Iam
233 1403 408 1429 acumen
453 1391 498 1428 in
542 1391 797 1440 reperiendis
840 1404 886 1430 ac
931 1393 1159 1431 tractandis
1205 1394 1516 1443 probationibus
1560 1396 1701 1434 minus

101 1444 297 1493 admiror,
326 1458 422 1483 cum
452 1445 496 1482 in
525 1445 641 1483 omni
670 1459 774 1495 pene
801 1445 1088 1495 philosophiae
1121 1449 1236 1496 parte
1269 1447 1324 1487 sit
1358 1448 1429 1487 diu
1463 1449 1702 1488 felicissime

100 1500 312 1538 versatus:
351 1512 481 1549 vsque
515 1500 614 1538 adeo
648 1499 759 1538 valet
789 1499 865 1549 illi,
897 1500 1043 1539 vbiubi
1076 1500 1318 1551 intenderit,
1350 1503 1567 1553 ingenium
1600 1504 1702 1547 mire

98 1552 303 1593 versatile.
1268 1569 1271 1575 “
1721 1573 1762 1604 45

155 1608 262 1647 Cum
288 1608 333 1646 in
360 1607 585 1647 subtilibus
610 1608 778 1658 quidem
804 1608 891 1647 illis
917 1609 987 1647 sed
1011 1609 1243 1649 infantibus
1270 1610 1501 1660 disciplinis
1526 1625 1697 1651 versarer

101 1663 182 1710 tur,
207 1675 327 1700 nemo
355 1661 593 1712 disputabat
620 1663 765 1708 acrius
797 1676 921 1701 nemo
948 1664 1081 1713 magis
1106 1665 1252 1714 agebat
1278 1665 1518 1715 sophistam.
1580 1666 1701 1705 Nunc

101 1718 216 1755 totus
253 1716 298 1755 in
338 1717 688 1755 mansuetioribus
726 1717 877 1756 litteris
910 1720 1113 1764 versatur,
1146 1721 1187 1757 et
1226 1720 1283 1757 sic
1316 1722 1504 1759 versatur
1540 1723 1587 1760 vt
1624 1721 1702 1760 hoc

100 1770 261 1809 saeculo
277 1770 347 1810 vix
365 1771 493 1810 alium
514 1771 650 1809 norim
667 1785 792 1821 quem
808 1771 942 1810 ausim
963 1785 1059 1811 cum
1075 1773 1149 1811 illo
1169 1773 1430 1812 committere
1447 1789 1455 1813 :
1481 1775 1698 1825 siquidem,

101 1827 148 1863 vt
177 1825 324 1864 demus
352 1838 439 1864 esse
469 1825 540 1876 qui
573 1826 726 1864 Viuem
761 1828 937 1876 aequent
972 1827 1231 1877 eloquentiae
1265 1828 1437 1877 viribus,
1470 1842 1554 1868 non
1584 1830 1702 1869 video
1723 1845 1764 1876 50

102 1882 243 1918 tamen
274 1877 319 1917 in
351 1892 432 1929 quo
464 1880 642 1930 reperias
666 1883 833 1919 tantum
862 1881 1120 1931 eloquentiae
1152 1895 1247 1921 cum
1272 1885 1389 1921 tanta
1416 1883 1702 1934 philosophiae

102 1933 336 1984 cognitione
356 1933 639 1974 coniunctum.
690 1934 918 1984 Ingenium
937 1935 1049 1983 felix,
1068 1949 1216 1975 sanum
1237 1950 1282 1975 ac
1304 1940 1495 1986 vegetum
1513 1953 1521 1986 3
1552 1952 1704 1978 memo-

101 1987 163 2026 ria
196 1988 305 2026 nihil
339 2001 428 2026 esse
458 1990 595 2039 potest
627 1989 818 2036 felicius3
860 1989 1048 2029 studium
1082 1991 1401 2041 indefatigabile,
1441 1994 1527 2031 etas
1563 1994 1705 2032 virens

100 2043 348 2081 etiamnum.
407 2042 566 2091 Quibus
599 2056 650 2081 ex
686 2043 811 2082 rebus
848 2043 970 2082 nobis
1008 2058 1209 2095 magnum
1249 2046 1408 2095 aliquid
1447 2047 1703 2097 minimeque

102 2096 273 2147 vulgare
292 2096 546 2147 pollicemur.
607 2098 735 2147 Spero
754 2098 927 2148 posthac
946 2099 1034 2136 fore
1062 2099 1294 2149 complures
1314 2100 1383 2150 qui
1404 2101 1703 2150 pulcerrimum
1724 2117 1763 2147 55

104 2151 182 2189 hoc
221 2151 457 2200 exemplum
497 2155 751 2201 sequantur3
795 2165 849 2190 an
882 2153 1147 2203 assequuturi
1185 2154 1271 2192 sint
1309 2156 1462 2194 nescio.
1519 2156 1563 2194 Si
1601 2157 1703 2194 bene

103 2205 220 2255 cupis
248 2205 594 2244 reuerendissimo
622 2207 673 2245 D.
703 2206 821 2245 Card.
856 2207 1157 2257 Croio,—quod
1187 2209 1355 2258 quidem
1382 2209 1493 2257 facis,
1517 2211 1551 2248 si
1580 2210 1704 2249 modo

102 2260 206 2298 bene
234 2260 299 2298 vis
327 2259 378 2298 iis
407 2260 478 2310 qui
507 2273 558 2298 ex
585 2261 725 2299 animo
755 2261 900 2300 fauent
931 2261 1100 2311 optimis
1131 2261 1559 2310 litteris,—nimiru1n
1591 2265 1703 2304 hunc

102 2313 168 2352 illi
187 2313 462 2363 gratulaberis
480 2315 714 2353 studiorum
735 2316 1050 2354 moderatorem.

157 2368 388 2407 Gerardum
417 2368 671 2419 Episcopum
701 2370 808 2408 meis
837 2370 976 2409 verbis
1004 2370 1163 2409 saluere
1194 2370 1362 2419 iubet03
1395 2371 1460 2411 cui
1487 2385 1632 2422 precor
1658 2375 1704 2412 vt
1723 2379 1767 2411 60

100 2421 324 2472 aliquando
343 2422 399 2461 sit
419 2423 526 2473 quod
547 2424 663 2461 audit
683 2424 878 2473 quotidie.

154 2477 422 2526 Antuerpiae.
482 2479 618 2516 Anno.
642 2490 803 2516 M.1).xx.

619 2596 670 2625 43.
697 2596 787 2627 pene¹
805 2599 835 2619 α.
929 2588 1134 2627 felicissime
1150 2599 1179 2618 α.

147 2700 197 2722 21.
225 2689 395 2730 Dorpius]
414 2690 483 2720 For
498 2689 556 2720 his
572 2691 726 2729 position
741 2693 777 2722 at
794 2691 870 2722 this
939 2692 1008 2723 Sol.
1033 2702 1058 2723 1.
1082 2703 1114 2727 1;
1134 2692 1177 2723 cf.
1197 2694 1292 2723 Serv.
1313 2703 1358 2723 on
1376 2697 1455 2724 Aen.
1480 2704 1508 2725 1.
1526 2704 1599 2733 273.

103 2735 193 2765 time
209 2733 281 2764 and
303 2734 364 2764 the
388 2733 543 2764 renewal
561 2734 598 2763 of
619 2734 676 2764 his
698 2735 870 2765 relations
981 2745 1033 2773 33.
1060 2738 1163 2767 tanta
1190 2736 1420 2777 dexteritate]
1456 2738 1507 2770 Cf.
1533 2739 1595 2778 Ep.
1625 2749 1699 2778 917.

104 2778 194 2808 with
211 2778 379 2808 Erasmus
396 2787 453 2807 see
471 2777 532 2817 Ep.
553 2787 635 2816 1044
649 2777 780 2809 inm—od.
798 2778 870 2810 and
937 2780 1033 2810 26-8.

102 2831 184 2863 49n.
982 2831 1032 2861 37.
1060 2823 1178 2863 Artis]
1196 2823 1247 2855 Cf.
1266 2823 1331 2864 Ep.
1349 2834 1423 2863 917.
1441 2834 1528 2864 30,1.

146 2875 198 2903 24.
224 2863 397 2904 clamant]
416 2863 466 2894 Cf.
488 2864 550 2903 Ep.
573 2864 665 2902 1078.
685 2865 738 2903 58.
982 2867 1036 2904 48.
1060 2868 1096 2896 vt
1116 2866 1182 2897 hoc
1198 2867 1352 2908 saeculo]
1373 2868 1423 2899 Cf.
1445 2870 1508 2908 Ep.
1527 2879 1600 2907 917.
1616 2878 1702 2906 234.

191 2907 320 2938 veteris
349 2907 521 2948 exempli]
548 2907 598 2938 Cf.
627 2908 688 2947 Ep.
717 2919 791 2948 917.
819 2917 869 2947 25.
983 2918 1034 2948 53.
1061 2911 1136 2940 etas
1153 2911 1294 2951 virens]
1309 2911 1416 2941 Vives
1433 2922 1505 2942 was
1519 2912 1592 2951 just
1613 2913 1663 2942 28.

148 2962 199 2991 30.
226 2950 384 2982 nominis
404 2951 637 2991 consortium]
661 2952 727 2982 For
742 2952 870 2983 Valen-
982 2963 1033 2991 57.
1054 2953 1156 2984 Card.
1171 2954 1287 2995 Croio]
1303 2955 1364 2985 See
1380 2955 1464 2995 Epp.
1481 2958 1542 2995 647
1558 2957 1703 2991 i11t1·‹›‹1.‚

104 2998 155 3028 tia
178 3006 216 3026 as
243 2995 305 3026 tho
338 2994 397 3024 old
423 2994 527 3024 Latin
553 3004 656 3025 name
682 2995 719 3025 of
747 2996 865 3034 Rome,
941 3005 1028 3034 1071.
1046 3006 1075 3035 3.

104 3037 301 3071 translated
318 3038 364 3077 by
382 3037 546 3068 Evander
569 3039 646 3069 into
670 3039 794 3078 Greek,
814 3050 869 3069 sec
980 3041 1032 3070 60.
1058 3040 1273 3082 Gerardum]
1293 3042 1343 3073 Cf.
1366 3043 1426 3082 Ep.
1450 3043 1541 3080 1078.
1569 3052 1642 3080 ¹31¹-

172 3105 246 3127 4ε2-4
890 3112 913 3137 Ρ
