1990 3353
239 361 299 394 150

240 896 301 928 160

241 1170 278 1202 16

244 1725 302 1761 175

244 1987 305 2018 180

246 2264 303 2304 185

247 2539 308 2571 ¹90

317 129 396 167 404
787 129 1036 170 LETTERS
1073 130 1142 169 OF
1180 130 1447 170 ERASMUS
1793 130 1919 186 [1520

316 253 411 278 cum
441 240 572 290 gloria
601 239 728 278 simul
762 253 807 279 ac
839 240 954 278 lucro
986 240 1143 280 Christi
1174 241 1423 279 instauraret
1456 241 1576 280 nobis
1608 242 1915 293 philosophiam

317 295 611 344 Euangelicam
644 294 726 332 iam
762 307 865 345 pene
899 294 1201 344 frigescentem.
1273 295 1391 344 Quod
1430 295 1466 333 si
1504 296 1793 345 praestitisset,
1830 311 1915 336 non

317 349 559 387 dubitabam
578 349 663 387 fore
681 348 782 398 quin
802 349 927 387 huius
946 349 1144 399 propositi
1164 349 1344 388 Leonem
1366 349 1503 399 ipsum
1519 350 1690 389 haberet
1708 351 1753 389 in
1769 351 1917 401 primis

316 403 546 450 fautorem;
576 403 643 441 cui
664 402 773 441 nihil
794 403 974 442 arbitror
992 416 1082 442 esse
1100 404 1314 453 antiquius
1333 417 1460 454 quam
1480 404 1649 449 Christi,
1672 405 1788 444 cuius
1807 406 1918 445 vices

318 458 486 496 interim
513 458 632 507 gerit,
656 457 827 507 gloriam
846 459 887 496 et
913 457 1048 507 gregis
1074 458 1297 496 concrediti
1324 458 1514 497 salutem.
1570 459 1731 505 Videte,
1755 473 1914 510 quaeso,

316 525 369 550 an
400 512 500 550 haec
530 512 583 550 sit
613 511 791 562 epistola
816 512 1001 550 Luthero
1030 512 1223 560 fauentis,
1248 512 1283 550 si
1312 512 1412 562 quid
1441 512 1513 550 ille
1537 513 1700 563 scripsit
1719 513 1917 553 aduersus

317 566 549 604 doctrinam
568 569 640 604 aut
658 566 857 616 pietatem
877 566 1168 605 Christianam.

372 620 579 669 Quoniam
599 620 644 659 in
668 620 781 659 illius
805 621 968 670 scriptis
997 633 1093 659 mox
1124 620 1350 659 offenderat
1380 620 1517 659 nescio
1547 621 1646 672 quid
1676 634 1849 660 saeuum
1877 624 1917 660 et

317 677 538 721 austerum,
580 687 655 713 nec
693 675 795 713 satis
833 676 1013 713 referens
1050 675 1414 713 mansuetudinem
1453 675 1624 724 spiritus
1662 676 1915 725 Euangelici,

318 729 516 767 admonui
531 731 577 768 vt
597 729 647 767 ad
668 729 905 779 exemplum
925 728 1082 768 Christi
1102 731 1143 767 et
1159 730 1459 779 Apostolorum
1481 743 1576 768 cum
1597 731 1711 769 omni
1733 743 1919 768 mansue·

318 783 464 822 tudine
486 784 650 822 doceret
667 796 713 822 ea
733 796 836 834 quae
855 783 905 822 ad
936 797 1078 822 veram
1108 784 1305 833 pietatem
1334 784 1527 823 attinent.
1580 785 1631 823 Id
1659 798 1739 834 quo
1765 785 1919 823 maiore

319 851 413 876 cum
434 839 572 876 fructu
592 839 741 888 posset,
761 838 959 877 admonui
974 840 1018 876 vt
1040 840 1223 887 parceret
1244 838 1432 876 Romano
1452 838 1659 886 Pontifici,
1675 838 1792 877 cuius
1810 840 1921 877 auto-

318 893 488 931 ritatem
507 892 673 942 expedit
693 892 836 930 haberi
857 895 1157 931 sacrosanctam
1174 906 1182 939 ;
1213 895 1395 942 parceret
1416 893 1651 942 principum
1668 893 1916 941 celsitudini,

320 947 390 996 qui
410 946 606 985 conuiciis
626 947 770 985 attacti
791 949 862 985 aut
882 946 1220 996 intempestiuius
1239 947 1443 985 admoniti
1466 960 1550 985 non
1571 947 1708 986 solum
1730 960 1814 986 non
1835 947 1921 986 red-

320 1001 477 1039 duntur
496 1001 700 1047 meliores,
724 1001 796 1039 sed
817 1001 1046 1039 exacerbati
1065 1001 1316 1050 perniciosas
1335 1001 1551 1050 aliquoties
1571 1002 1750 1040 excitant
1769 1004 1919 1052 tempe-

320 1057 473 1094 states:
503 1056 631 1105 fitque
654 1057 701 1093 vt
721 1058 762 1093 et
782 1055 982 1094 monitori
1000 1068 1075 1093 sua
1098 1057 1237 1104 pereat
1259 1055 1469 1103 autoritas,
1493 1056 1665 1094 interim
1691 1059 1731 1094 et
1760 1057 1856 1102 vita,
1880 1058 1920 1094 et

320 1111 482 1148 monito
502 1123 602 1148 suus
622 1110 794 1149 fructus.
856 1109 1072 1159 Siquidem
1091 1112 1137 1147 vt
1155 1110 1320 1148 veritati
1340 1123 1557 1160 nunquam
1577 1111 1680 1160 phas
1700 1113 1761 1149 est
1780 1111 1920 1149 aduer-

284 1181 299 1212 5
321 1165 413 1212 sari,
431 1165 488 1202 ita
502 1164 631 1202 celare
648 1177 951 1214 nonnunquam
967 1164 1132 1213 expedit
1145 1164 1187 1203 in
1205 1165 1306 1202 loco.
1355 1164 1525 1214 Semper
1537 1167 1676 1203 autem
1691 1165 1920 1214 plurimum

321 1219 446 1256 refert
467 1231 590 1268 quam
610 1218 654 1256 in
675 1221 869 1268 tempore,
889 1231 1012 1269 quam
1034 1220 1249 1257 commode
1269 1221 1308 1256 et
1327 1220 1599 1268 attemperate
1618 1233 1709 1257 eam
1728 1219 1919 1269 proferas.

322 1273 531 1320 Quaedam
551 1273 662 1311 inter
681 1286 724 1311 se
746 1273 930 1311 fatentur
956 1272 1141 1322 theologi
1167 1286 1271 1322 quae
1291 1273 1417 1322 vulgo
1444 1286 1527 1311 non
1556 1274 1746 1323 expediat
1773 1273 1918 1312 efferri.

322 1327 376 1365 Et
396 1340 514 1376 saepe
533 1331 653 1366 sanat
672 1327 901 1366 admonitio
921 1328 1182 1376 tempestiua,
1205 1327 1356 1366 blanda
1375 1340 1420 1365 ac
1441 1327 1587 1376 ciuilis,
1610 1341 1713 1378 quos
1733 1327 1923 1379 perderet

322 1394 442 1420 saeua
475 1384 516 1419 et
549 1383 845 1432 intempestiua
878 1381 1120 1431 obiurgatio.
1191 1382 1285 1420 Non
1316 1382 1428 1420 enim
1460 1382 1527 1420 hic
1561 1382 1775 1428 adducam,
1813 1382 1921 1432 quod

323 1436 443 1474 Plato
473 1437 728 1485 perspexisse
756 1436 934 1483 videtur,
957 1436 1276 1474 multitudinem
1306 1437 1584 1486 promiscuam
1614 1438 1654 1474 et
1684 1437 1922 1487 imperitam

324 1503 408 1528 non
438 1503 554 1540 posse
583 1490 787 1528 contineri
809 1491 854 1528 in
884 1490 1015 1528 officio
1044 1490 1127 1529 nisi
1159 1504 1460 1541 nonnunquam
1491 1492 1583 1529 fuco
1614 1491 1785 1541 doloque
1814 1491 1922 1529 bono

323 1544 501 1583 fallatur.
570 1545 649 1583 Sed
688 1558 733 1583 ea
771 1558 837 1583 res
866 1547 913 1583 vt
949 1545 1160 1594 integrum
1194 1545 1332 1583 virum
1372 1545 1584 1593 desiderat,
1622 1546 1679 1583 ita
1718 1544 1925 1584 desiderat

322 1599 483 1649 egregie
502 1599 761 1649 prudentem.

378 1654 592 1691 Admonui
612 1666 663 1691 ne
683 1654 845 1692 scholas
866 1656 938 1692 aut
958 1654 1124 1692 ordines
1146 1654 1318 1691 omnino
1340 1656 1635 1702 contemneret,
1653 1654 1722 1692 sed
1744 1654 1924 1692 ciuiliter

325 1708 562 1746 admoneret
583 1708 682 1758 quid
709 1708 864 1746 mutari
884 1708 1011 1746 vellet
1029 1722 1036 1745 :
1066 1710 1112 1745 vt
1132 1708 1175 1745 in
1195 1708 1260 1746 his
1281 1721 1383 1758 quae
1402 1708 1526 1757 longo
1547 1721 1622 1746 vsu
1645 1709 1921 1757 magis-quam

324 1764 435 1800 recto
456 1762 608 1800 iudicio
628 1765 791 1812 recepta
811 1766 920 1811 sunt,
937 1762 1074 1800 densis
1094 1775 1137 1800 ac
1153 1762 1298 1801 solidis
1315 1763 1570 1811 argumentis
1585 1764 1771 1801 vteretur
1785 1763 1923 1812 potius

324 1829 450 1866 quam
480 1817 866 1856 asseuerationibus.
924 1816 980 1854 Et
1006 1818 1203 1866 quoniam
1224 1830 1308 1854 non
1330 1817 1569 1866 ignorabam
1590 1817 1805 1867 ingenium
1827 1817 1923 1855 Ger-

323 1871 546 1918 manicum,
567 1884 698 1921 neque
720 1871 921 1909 nescirem
942 1884 1038 1909 eum
1059 1870 1318 1920 quorundam
1340 1872 1504 1921 scriptis
1524 1871 1746 1909 immodice
1766 1871 1924 1909 morda—

325 1925 441 1963 cibus
467 1925 633 1972 irritari,
664 1926 863 1963 admonui
890 1939 941 1964 ne
971 1926 1204 1964 conuicium
1233 1926 1420 1963 conuicio
1447 1928 1664 1975 regereret,
1688 1926 1757 1964 sed
1783 1928 1853 1964 aut
1878 1926 1922 1963 in

324 1982 459 2017 totum
488 1980 714 2030 negligeret
740 1982 813 2018 aut
840 1981 1097 2030 argumentis
1123 1980 1415 2028 responderet;
1447 1993 1470 2018 a
1497 1980 1726 2018 maledictis
1753 1979 1922 2018 omnino

324 2037 581 2083 temperaret.
642 2034 708 2072 Ad
739 2034 836 2072 haec
867 2035 1064 2084 quoniam
1092 2034 1264 2073 verebar
1292 2047 1344 2072 ne
1374 2037 1490 2072 tanta
1519 2035 1686 2072 libertas
1716 2036 1848 2072 exiret
1878 2035 1923 2072 in

323 2089 568 2134 tumultum,
596 2089 797 2127 admonui
824 2102 876 2126 ne
903 2089 1000 2138 quid
1029 2090 1264 2138 arroganter
1291 2090 1362 2126 aut
1387 2088 1555 2127 factiose
1583 2089 1650 2126 vel
1676 2088 1829 2126 diceret
1857 2088 1922 2126 vel

324 2143 489 2181 faceret.
548 2144 765 2181 Postremo
782 2145 991 2181 excuteret
1010 2143 1200 2181 animum
1222 2143 1311 2191 ipse
1331 2143 1560 2181 suum—de
1581 2156 1661 2193 quo
1681 2156 1823 2182 meum
1838 2155 1922 2180 non

324 2200 429 2234 esset
451 2197 701 2241 iudica1·e—-,
721 2211 774 2235 ne
795 2198 893 2248 quid
915 2201 1021 2235 esset
1046 2198 1264 2245 corruptus
1280 2197 1339 2234 ira
1353 2199 1424 2234 aut
1441 2197 1534 2235 odio
1550 2200 1621 2235 aut
1642 2198 1759 2235 inani
1779 2197 1920 2247 gloria,

325 2265 430 2300 quae
465 2252 613 2290 mediis
646 2252 773 2290 etiam
808 2252 973 2301 pietatis
1004 2252 1147 2290 officiis
1185 2251 1290 2289 solet
1323 2251 1524 2289 insidiari.
1594 2252 1710 2300 Quod
1749 2251 1820 2301 qui
1856 2251 1924 2289 his

326 2306 526 2344 obnoxius
556 2309 663 2344 esset
692 2306 919 2354 affectibus,
944 2319 1028 2344 non
1049 2306 1240 2344 videatur
1265 2305 1438 2344 idoneus
1465 2319 1608 2355 praeco
1639 2305 1922 2355 philosophiae

325 2359 597 2399 Christianae.
659 2361 848 2407 Obsecro,
878 2360 976 2410 quid
1007 2360 1074 2398 hic
1105 2359 1307 2398 omissum
1338 2362 1400 2398 est
1430 2360 1479 2398 de
1511 2373 1591 2409 quo
1625 2361 1758 2398 fuerat
1789 2359 1924 2398 admo-

325 2414 486 2452 nendus
508 2414 718 2453 Lutherus
733 2416 753 2453 Ῥ

381 2467 494 2506 Haec
514 2482 609 2506 cum
631 2482 805 2518 syncel-0
820 2471 861 2507 et
883 2469 1015 2507 amico
1031 2467 1263 2517 scripserim
1278 2468 1430 2515 animo,
1449 2470 1591 2507 tamen
1606 2481 1689 2506 non
1705 2468 1924 2506 defuerunt

326 2522 433 2570 apud
457 2523 687 2561 Germanos
707 2523 776 2573 qui
797 2523 903 2561 hanc
923 2523 1143 2572 epistolam
1164 2522 1347 2560 Luthero
1366 2523 1647 2572 impingerent
1659 2522 1790 2560 veluti
1809 2521 1924 2559 illius

326 2575 535 2614 doctrinae
564 2577 899 2625 suggillat1·icem,
929 2590 1052 2627 quam
1080 2577 1209 2615 altera
1238 2589 1332 2625 pars
1361 2577 1638 2615 calumniatur
1658 2578 1704 2615 vt
1725 2589 1747 2614 a
1767 2576 1924 2614 fautore

325 2630 536 2679 scriptam.
608 2633 667 2669 At
705 2632 905 2681 quosdam
945 2631 1022 2669 hoc
1061 2631 1198 2680 ipsum
1236 2631 1343 2669 male
1382 2631 1573 2675 habebat,
1611 2631 1720 2680 quod
1761 2629 1924 2668 homini

373 2731 444 2760 150.
471 2721 673 2795 {lubian-em
692 2725 733 2752 N.
853 2733 923 2762 152.
950 2722 1077 2753 Videte
1096 2724 1138 2751 Iv’:
1163 2720 1252 2751 Vide
1269 2724 1309 2751 H.
1450 2731 1520 2760 172.
1548 2723 1664 2752 virum
1689 2722 1866 2761 integrum
1883 2723 1923 2751 N.

330 2775 400 2804 190.
426 2775 466 2795 ve
486 2768 524 2795 ut
542 2768 582 2796 H.

373 2858 443 2887 152.
470 2848 615 2889 Videte]
632 2848 706 2878 The
730 2849 848 2887 plural
874 2849 951 2879 into
974 2849 1096 2878 which
1165 2857 1282 2886 44227.

328 2892 495 2922 Erasmus
517 2892 642 2931 laps-es,
661 2892 832 2931 probably
849 2892 996 2923 denotes
1018 2892 1096 2922 that
1213 2893 1282 2930 165.
1309 2891 1437 2932 celare]
1457 2891 1509 2923 Cf.
1528 2892 1591 2931 Ep.
1617 2900 1708 2930 1119.
1727 2901 1806 2928 4011.

326 2936 371 2966 hc
396 2945 468 2966 was
492 2936 648 2974 writing,
677 2937 715 2965 in
740 2936 797 2966 his
821 2936 933 2974 mind,
958 2936 1020 2966 not
1044 2935 1098 2965 for
1214 2945 1282 2973 170.
1310 2935 1428 2975 Plato]
1448 2938 1521 2972 Rep.
1541 2944 1571 2973 3.
1589 2934 1662 2973 389.

327 2979 515 3019 Campegio
536 2979 620 3018 only
639 2979 700 3009 but
718 2980 771 3009 for
787 2979 929 3018 general
946 2979 1093 3018 opinion
1212 2988 1279 3017 177.
1308 2979 1495 3018 ingenium
1512 2977 1784 3019 Germanicum]
1799 2976 1848 3008 Cf.
1863 2977 1925 3017 Ep.

327 3032 458 3062 among
483 3023 543 3053 the
568 3022 748 3053 cardinals
770 3025 805 3053 at
824 3023 942 3053 Rome.
984 3022 1034 3053 Cf.
1055 3022 1092 3054 11.
1160 3023 1234 3061 998.
1253 3023 1349 3061 63-6.
