1990 3353
304 127 382 165 574
764 126 1015 166 LETTERS
1054 126 1124 166 OF
1162 127 1432 168 ERASMUS
1781 127 1905 181 [1521

304 236 424 285 tium,
449 237 674 287 digamiam
696 236 997 286 improbabant,
1021 235 1308 286 virginitatem
1327 237 1573 288 exigebant:
1603 250 1732 287 quum
1753 237 1911 277 Paulus

305 304 401 329 eum
421 292 547 340 recipi
566 291 732 329 iusserit
752 292 796 329 in
817 290 1022 329 Ecclesiae
1048 291 1300 339 societatem,
1324 291 1395 341 qui
1420 291 1550 341 patris
1569 304 1739 330 vxorem
1760 292 1909 331 habue-

305 348 392 392 rat3
429 347 470 384 et
491 345 680 384 Christus
701 359 785 384 non
806 345 944 395 exigat
963 358 986 383 a
1007 344 1092 383 suis
1116 344 1378 391 coelibatum,
1401 346 1471 384 sed
1499 346 1620 389 dicat,
1645 346 1747 394 ‘Qui
1770 349 1910 397 potest

304 413 454 448 capere,
479 400 612 449 capiat
629 401 648 438 ’.

246 450 287 496 50
359 454 441 491 His
460 467 690 492 annumero
710 466 780 492 eos
801 454 873 504 qui
893 453 1202 493 considerantes
1225 466 1350 504 quam
1380 467 1445 492 res
1473 454 1528 492 sit
1553 454 1682 504 impia
1703 467 1911 504 quamque

304 507 503 546 immanis
535 508 706 556 bellum,
748 508 876 547 simul
913 508 1102 547 videntes
1148 522 1290 558 pacem
1323 511 1364 547 et
1402 508 1662 547 concordiam
1700 509 1745 547 in
1785 509 1911 547 sacris

304 562 438 601 literis
464 562 617 612 vbique
646 563 704 601 sic
737 563 1025 612 praedicatam,
1063 563 1390 612 pronunciarunt
1422 562 1587 601 nullum
1628 563 1910 601 essebellum

303 616 468 655 licitum
496 617 607 655 inter
626 616 897 656 Christianos.
956 618 1096 667 Atque
1125 630 1314 655 excessus
1343 617 1583 656 huiusmodi
1613 617 1911 667 propemodum

304 673 523 710 excusatur
542 671 669 709 etiam
689 671 734 709 in
755 672 1007 719 orthodoxis,
1031 672 1193 723 quoties
1221 674 1292 710 aut
1316 672 1525 710 deterrent
1549 684 1573 710 a
1598 671 1774 710 diuersis
1793 671 1913 710 viciis

247 736 285 768 55
304 727 377 764 aut
397 725 672 764 adhortantur
691 726 742 764 ad
762 738 808 764 ea
828 739 932 776 quae
958 727 1102 776 procul
1132 726 1284 764 absunt
1309 726 1360 764 ab
1384 726 1436 764 iis
1455 739 1558 776 quae
1578 726 1701 764 vitari
1721 725 1908 776 cupiunt.

306 780 424 828 Quod
444 781 576 818 facere
597 780 732 819 solent
753 780 783 818 ii
807 780 879 830 qui
898 780 1058 830 virgam
1087 781 1319 828 incuruam,
1344 793 1428 818 non
1448 780 1667 818 inflectunt
1687 781 1731 818 in
1751 782 1912 819 rectum

305 836 472 881 statum,
491 835 560 872 sed
581 835 625 873 in
647 835 857 873 diuersam
878 838 1039 884 partem
1060 836 1294 882 inem-nant,
1312 837 1359 873 vt
1379 835 1519 873 redeat
1538 834 1584 872 in
1604 834 1909 873 rectitudinem.

304 890 445 938 Atque
465 888 591 928 huius
610 890 766 927 formae
785 889 892 927 mihi
914 890 1111 928 videntur
1129 889 1316 939 plerique
1336 902 1495 927 errores
1516 888 1774 927 Tertulliani.

360 943 629 991 Quorundam
660 956 818 982 errores
846 944 946 982 adeo
976 944 1089 983 fuere
1118 943 1343 994 prodigiosi
1372 946 1418 982 vt
1447 943 1558 992 ipsos
1586 944 1712 981 etiam
1740 943 1912 993 puderet

246 1007 287 1039 60
305 997 377 1047 qui
397 997 708 1046 profitebantur.
769 997 910 1046 Qualis
940 999 1019 1037 fuit
1044 998 1208 1037 insania
1227 998 1365 1036 verius
1385 1010 1509 1047 quam
1536 1010 1650 1035 error
1670 997 1853 1035 Simonis
1872 999 1913 1035 et

307 1052 535 1099 Menandri,
566 1053 637 1101 qui
665 1064 708 1090 se
737 1053 1029 1101 praedicabant
1059 1065 1270 1091 summam
1290 1052 1367 1090 Dei
1390 1052 1601 1090 virtutem.
1662 1051 1770 1090 Tum
1798 1051 1912 1090 Basi-

306 1106 402 1144 lidis
436 1119 531 1144 cum
566 1119 640 1144 suo
679 1109 920 1156 portentoso
949 1107 1143 1155 Abraxa,
1181 1108 1391 1157 praeterea
1420 1106 1730 1154 Nicolaita'rum,
1762 1106 1913 1156 quibus

306 1160 523 1210 placebant
554 1173 700 1199 vxores
730 1161 921 1199 omnium
951 1175 1203 1200 communes.
1262 1161 1486 1199 Addantur
1515 1160 1582 1198 his
1610 1160 1796 1210 Ophitae,
1830 1159 1912 1199 cul-

306 1218 414 1253 tores
434 1214 639 1264 serpentis
659 1215 731 1264 qui
751 1215 912 1265 decepit
932 1216 1067 1254 Euam
1087 1231 1096 1265 3
1127 1216 1326 1263 Iudaitae,
1353 1215 1424 1266 qui
1444 1215 1572 1253 Iudae
1592 1215 1795 1264 proditori
1814 1214 1911 1253 Iesu

247 1275 286 1316 65
306 1270 485 1308 salutem
504 1269 680 1307 humani
701 1270 862 1319 generis
882 1270 1020 1309 ferunt
1049 1273 1269 1320 acceptam.
1327 1271 1424 1309 Mox
1444 1271 1704 1308 euanuerunt
1725 1268 1914 1308 Cerinthi

306 1326 345 1362 et
365 1323 577 1362 Valentini
598 1323 770 1362 somnia.
831 1324 1107 1364 Euanuerunt
1135 1325 1408 1363 deliramenta
1427 1323 1668 1363 Manichaei.
1729 1323 1914 1362 Euanuit

306 1378 529 1416 Montanus
558 1391 652 1416 cum
682 1391 756 1416 suo
776 1378 999 1418 Paracleto.
1058 1380 1390 1430 Artotyritarum
1409 1378 1482 1418 vix
1511 1390 1664 1416 nomen
1694 1378 1913 1428 quisquam

306 1433 435 1471 nouit.

359 1487 603 1525 Extiterunt
632 1489 771 1525 autem
800 1487 986 1526 haereses
1014 1488 1390 1537 pestilentissimae,
1424 1488 1495 1526 sed
1524 1500 1629 1537 quae
1657 1500 1742 1525 non
1771 1489 1913 1536 potue·

247 1556 288 1588 70
306 1544 406 1580 runt
434 1541 540 1580 altas
567 1541 726 1580 radices
755 1555 884 1591 agere,
907 1543 1013 1592 quod
1034 1543 1171 1592 palam
1200 1548 1436 1592 pugnarent
1463 1554 1559 1581 cum
1587 1542 1668 1580 fide
1688 1541 1913 1591 Scriptura·

306 1609 427 1643 rum;
472 1608 648 1645 quarum
686 1595 978 1635 inconuulsam
1015 1598 1284 1636 autoritatem
1322 1610 1473 1646 magno
1512 1608 1715 1635 consensu
1753 1609 1915 1645 semper

307 1649 514 1688 Ecclesiae
548 1652 634 1688 toto
673 1652 878 1689 terrarum
918 1651 1015 1690 orbe
1053 1654 1305 1701 receperunt.
1381 1651 1525 1700 Qualis
1562 1653 1626 1689 est
1663 1663 1806 1688 eorum
1842 1651 1913 1700 qui

307 1703 515 1753 negabant
536 1704 700 1743 Christo
730 1704 858 1743 fuisse
889 1718 1035 1754 corpus
1066 1707 1299 1744 humanum
1316 1720 1325 1753 ;
1356 1703 1527 1744 rursum*
1545 1705 1617 1756 qui
1642 1705 1914 1743 detrahebant

305 1759 490 1797 animam
520 1758 777 1806 humanam;
808 1759 879 1809 qui
908 1759 1116 1809 negabant
1145 1773 1232 1799 esse
1261 1773 1354 1798 vere
1382 1773 1578 1809 passum;
1608 1760 1679 1809 qui
1708 1759 1914 1809 negabant

249 1824 286 1856 75
306 1826 403 1851 eum
431 1815 577 1851 natum
604 1826 652 1850 ex
678 1813 864 1863 virgine3
891 1814 967 1864 ,qui
997 1814 1185 1853 dicebant
1215 1816 1559 1853 resurrectionem
1589 1827 1677 1852 esse
1706 1815 1912 1863 peractam

306 1868 545 1916 resurgente
574 1867 749 1914 Christo,
774 1881 848 1906 nec
878 1869 1173 1918 expectandam
1203 1869 1329 1907 aliam
1359 1872 1621 1907 moi-'tuorum
1652 1867 1913 1906 resurrectio·
1965 1894 1968 1900 ,

307 1934 415 1960 nem.
463 1921 553 1960 -Sed
575 1922 693 1960 nulla
717 1922 892 1961 maiores
921 1923 1116 1962 excitauit
1144 1925 1189 1962 in
1219 1924 1316 1962 orbe
1345 1923 1553 1962 tumultus
1573 1935 1697 1973 quam
1716 1922 1912 1960 Arriano-

307 1989 413 2023 rum,
432 1976 540 2025 quod
562 1989 609 2013 ea
628 1989 703 2014 nec
724 1979 915 2026 portenta
934 1976 1070 2027 palam
1090 1978 1269 2016 absurda
1291 1978 1493 2028 proferret
1513 1979 1565 2025 et,
1580 1979 1628 2016 vt
1648 1978 1766 2015 erant
1786 1976 1909 2024 docti,

308 2029 617 2080 Scripturarum
656 2031 911 2069 testimoniis
948 2031 1027 2070 niti
1058 2032 1281 2072 videretur.
1349 2032 1684 2082 Pelagianorum‚
1718 2030 1825 2080 quod
1861 2030 1912 2069 ad

249 2088 289 2118 80
307 2083 485 2123 liberum
504 2084 655 2123 attinet
683 2085 916 2133 arbitrium,
940 2086 1065 2124 etiam
1095 2087 1216 2125 hodie
1247 2087 1342 2125 licet
1360 2086 1533 2136 vestigia
1552 2085 1755 2136 quaedam
1776 2085 1914 2134 depre-

308 2139 498 2177 hendere.
549 2139 627 2177 Sed
648 2139 755 2177 bona
775 2153 870 2189 pars
891 2140 1080 2179 omnium
1101 2141 1321 2180 haereseon
1343 2154 1365 2179 e
1386 2140 1730 2190 philosophorum
1750 2139 1913 2189 placitis

308 2196 396 2232 orta
415 2193 589 2232 videtur.
651 2193 739 2241 Quo
759 2196 893 2244 magis
912 2195 1149 2233 mirandum
1171 2198 1233 2234 est
1252 2196 1359 2246 quod
1380 2208 1491 2234 nunc
1512 2196 1666 2244 negant
1685 2194 1914 2232 haereticos

307 2247 465 2286 reuinci
496 2261 615 2297 posse
649 2248 736 2286 sine
775 2248 989 2298 praesidiis
1021 2249 1309 2288 Aristotelicae
1342 2249 1639 2300 philosophiae.
1697 2247 1910 2286 Nimirum

351 2378 403 2407 53.
431 2369 527 2399 inter
541 2370 692 2407 FCorrz‘y.
708 2378 715 2398 ε
741 2369 779 2398 in
796 2372 831 2400 F.

309 2412 395 2441 bant
413 2415 487 2442 (edd.
506 2414 548 2443 H.

929 2378 980 2408 57.
1008 2370 1204 2401 incuruant
1221 2373 1271 2401 F:
1295 2370 1511 2410 detorquent
1528 2373 1570 2402 H.

643 2422 692 2451 77.
717 2411 812 2442 FN'2:
837 2413 1055 2444 Arianorum
1073 2413 1161 2445 HN3.
1672 2379 1720 2409 73⁸
1747 2369 1898 2399 detmhe

352 2524 404 2561 46.
432 2523 578 2564 Paulus]
605 2534 616 2553 1
638 2523 715 2554 Cor.
733 2533 763 2562 5.
786 2533 812 2563 1,
835 2531 884 2561 13,
911 2532 930 2552 2
947 2522 1024 2553 Cor.
1041 2531 1071 2553 2.

353 2611 405 2647 48.
434 2610 498 2650 Qui
514 2609 645 2651 potest]
665 2609 765 2641 Mate.
789 2619 837 2648 19.
863 2619 910 2640 12.

353 2664 405 2692 52.
434 2654 575 2684 nullum
594 2678 601 2685 .
622 2678 628 2685 .
650 2679 657 2685 .
675 2654 827 2693 bellum)
843 2653 894 2684 Cf.
909 2652 1073 2692 Ep.1211.

309 2699 393 2728 606-
421 2723 426 2728 .

354 2707 414 2771 617
434 2739 615 2782 Basilidis]
635 2740 812 2771 Basilides
826 2740 987 2780 (neimo.)
1002 2748 1075 2769 was

312 2784 372 2814 the
386 2784 538 2815 founder
550 2785 587 2815 of
596 2794 661 2815 one
676 2785 713 2814 of
724 2784 785 2815 the
797 2784 946 2815 Gnostic
959 2789 1051 2813 sects
1067 2794 1075 2813 ε

311 2828 371 2858 the
399 2828 496 2858 ‘first
520 2828 718 2868 principle’
744 2828 782 2858 in
808 2828 926 2858 whose
949 2826 1075 2866 theory

311 2872 348 2901 01·
362 2871 424 2902 the
442 2872 603 2902 universe
621 2881 693 2903 was
714 2871 844 2902 named
861 2871 1020 2901 Abi-asax
1037 2880 1076 2900 or

309 2916 482 2945 Abi-axas.

353 2960 405 2989 62.
433 2957 706 2999 Nicolaitarum]
730 2957 780 2988 Cf.
800 2957 862 2997 Ep.
883 2966 974 2987 1021.
993 2966 1072 2996 9711.

354 3003 405 3040 65.
434 3001 617 3041 Cerinthi]
643 3002 701 3032 An
727 3001 916 3041 Egyptian,
933 3001 984 3031 1⁰:
1009 3010 1074 3030 one

1145 2522 1183 2552 of
1217 2521 1278 2552 the
1310 2521 1520 2552 tradition-al
1551 2524 1750 2561 opponents
1783 2520 1820 2551 os
1848 2520 1910 2550 the

1144 2565 1313 2604 teaching
1338 2565 1375 2595 of
1403 2566 1453 2596 St.
1477 2565 1587 2597 John.
1634 2564 1704 2595 His
1733 2564 1909 2594 followers.

1144 2619 1202 2640 are
1219 2609 1318 2640 often
1336 2609 1470 2639 classed
1488 2608 1579 2639 with
1595 2608 1658 2638 the
1676 2608 1873 2639 Ebionites.

1187 2653 1239 2683 66.
1267 2651 1471 2693 Valentini]
1489 2652 1563 2683 The
1580 2652 1733 2682 founder
1745 2651 1784 2682 of
1797 2660 1863 2682 one
1877 2651 1915 2681 of

1144 2696 1206 2727 the
1224 2695 1367 2735 leading
1380 2696 1529 2726 Gnostic
1545 2696 1645 2734 sects,
1667 2705 1694 2726 c.
1712 2704 1787 2726 Am.
1805 2704 1876 2734 130.

1187 2740 1240 2777 67.
1265 2739 1569 2780 Artotyritarum]
1600 2739 1632 2769 A
1664 2741 1738 2769 sect
1775 2737 1814 2768 of
1848 2738 1911 2769 the

1145 2783 1376 2822 Montanists,
1387 2783 1466 2814 who
1480 2783 1567 2814 used
1581 2782 1688 2813 bread
1700 2781 1773 2812 and
1786 2781 1910 2812 cheese

1146 2827 1183 2857 in
1202 2827 1420 2866 celebrating
1436 2827 1498 2857 the
1515 2826 1716 2857 Eucharist.

1190 2880 1240 2910 79.
1269 2869 1558 2911 Pelagianorum]
1576 2869 1744 2900 Erasmus
1764 2867 1913 2899 himself

1145 2923 1217 2944 was
1235 2914 1341 2953 being
1357 2913 1504 2944 acc-used
1521 2913 1561 2944 of
1581 2912 1821 2952 Pelagianism
1834 2911 1909 2952 just-

1145 2960 1181 2987 at
1209 2957 1282 2988 this
1310 2958 1397 2988 time
1425 2960 1461 2987 at
1488 2956 1737 2996 Wittenberg:
1773 2955 1815 2986 cf.
1844 2955 1906 2995 Ep.

1146 3009 1237 3039 1225.
1256 3001 1356 3038 284n.
