1990 3353
70 143 191 198 1096]
555 144 708 183 FROM
748 142 983 183 THOMAS
1022 144 1177 182 MORE

1592 147 1671 184 253

70 258 118 295 vt
146 257 275 295 exiret
304 255 480 306 denique
508 255 553 294 in
581 255 891 294 suffarcinat-am
920 254 1205 294 Cantharam?
1259 254 1318 293 Vt
1346 253 1452 292 illud
1482 254 1674 292 omittam
1694 265 1734 305 85

72 310 256 358 interim,
280 311 389 360 quod
418 309 557 349 nullos
579 322 765 359 vnquam
791 310 916 348 testes
942 310 1076 358 potest
1101 309 1338 358 producere,
1360 321 1445 346 non
1471 310 1567 346 ante
1594 307 1674 345 sibi

72 365 223 403 lectam
255 365 471 414 epistolam
501 367 616 402 tuam
648 377 772 413 quam
802 363 975 401 vidisset
1005 375 1209 411 excusam,
1241 374 1372 412 quum
1404 362 1586 411 potuerit
1616 375 1676 400 ac-

74 422 236 469 ceptam
267 418 542 464 dissimulare‚
574 420 620 456 vt
648 418 728 456 ista
757 430 879 456 causa
907 419 1001 467 post
1029 417 1139 466 apud
1168 422 1208 456 te
1237 417 1380 454 liceret
1408 416 1470 454 vti
1499 416 1674 466 integra.

73 473 292 512 Praeterea
329 486 457 523 quum
489 472 736 510 Antimorus
773 472 862 510 eius
895 472 1055 510 constet
1088 470 1430 520 quaternionibus
1464 483 1549 508 non
1582 470 1677 519 plus

74 529 177 572 octo,
200 528 271 578 qui
290 527 465 565 totidem
485 527 630 565 diebus
648 526 784 564 solent
803 526 960 572 excudi,
978 538 1054 564 nec
1073 525 1295 564 dimidium
1316 537 1365 562 ex
1384 524 1521 563 Brixii
1541 524 1679 563 verbis
1696 541 1739 572 90

75 581 285 632 colligitur
305 584 518 631 peractum
538 594 624 619 esse
644 594 772 630 quum
793 583 886 619 tuas
905 580 1046 618 literas
1065 579 1230 625 legeret,
1254 579 1301 616 in
1327 581 1553 628 angustum
1579 592 1678 617 sane

75 635 305 685 compingit
330 635 425 674 illos
451 635 610 685 aliquot
637 635 735 681 dies,
763 634 915 684 quibus
942 635 1002 672 ait
1030 647 1074 673 se
1102 633 1280 672 Beraldo
1308 635 1349 671 et
1377 633 1544 672 Budaeo
1573 633 1678 671 indi-

75 703 186 729 casse
203 690 464 729 aeditionem.
527 691 607 727 ‘At
627 691 722 727 cur’
742 689 894 738 inquis,
921 688 1119 738 ‘fingeret
1144 688 1256 726 istud
1282 687 1506 726 Brixius?'
1561 688 1678 726 Adeo

76 743 154 782 tibi
174 744 330 782 mirum
349 744 514 782 videtur
533 744 569 782 si
589 744 656 781 vel
674 743 805 781 animi
823 755 944 781 causa
962 743 1093 793 fingat
1118 742 1244 781 homo
1268 742 1486 792 poeticus?
1542 742 1678 790 Quan-

78 811 204 849 quam
219 798 385 837 suberat
399 798 525 836 etiam
540 811 659 836 causa
673 811 720 836 cu
728 811 748 835 r
761 798 947 847 fingeret.
989 797 1097 835 Nam
1113 810 1242 846 quum
1256 798 1428 846 vterque
1442 797 1681 846 frequenter
1699 813 1737 844 95

75 852 361 892 admonuisset
400 866 451 890 ne
488 855 576 890 tam
613 852 803 902 ineptum
840 851 1032 890 libellum
1069 864 1114 890 ac
1152 850 1413 889 muliebriter
1449 851 1680 900 iurgiosum

77 907 251 955 aederet,
278 907 441 946 volebat
468 907 655 945 fortassis
682 906 858 956 experiri
886 920 939 944 an
966 906 1111 944 eodem
1141 905 1283 944 animo
1310 905 1515 954 accepturi
1544 906 1681 944 forent

79 975 208 1011 quum
228 961 400 1008 fecisset,
423 975 504 1011 quo
525 964 611 999 tam
631 974 750 1010 saepe
770 960 1075 999 consuluissent
1094 973 1146 999 ne
1166 960 1328 998 faceret.
1380 959 1548 998 Accidit
1568 960 1681 998 enim

79 1029 384 1066 nonnunquam
405 1017 451 1053 vt
471 1015 580 1065 quod
602 1029 653 1053 ne
674 1016 746 1054 fiat
767 1015 1009 1054 obsistimus
1028 1014 1187 1063 acriter,
1212 1015 1314 1053 dum
1334 1027 1398 1052 res
1418 1016 1480 1053 est
1505 1014 1678 1063 integra.

78 1070 120 1109 id
140 1070 212 1108 vbi
232 1070 277 1108 in
297 1084 394 1108 eum
414 1069 551 1108 locum
571 1071 686 1108 venit
705 1072 750 1109 vt
772 1082 855 1108 non
875 1069 1004 1119 possit
1025 1069 1185 1119 corrigi,
1208 1068 1426 1119 patiamur,
1450 1070 1492 1107 et
1511 1068 1680 1116 vicium,
1704 1081 1765 1103 100

79 1124 214 1174 quoad
235 1125 339 1171 licet,
361 1125 499 1162 verbis
518 1125 766 1174 integamus.

134 1179 193 1217 At
222 1192 308 1228 ego,
340 1179 399 1217 mi
428 1179 611 1221 Erasme,
641 1192 720 1228 quo
746 1191 842 1217 vere
867 1178 1006 1216 videre
1034 1178 1166 1227 possis
1194 1179 1351 1228 quanto
1374 1177 1513 1216 verius
1541 1177 1683 1216 Morus

80 1232 162 1271 tibi
181 1236 349 1282 paratus
370 1233 426 1271 sit
446 1233 728 1282 obtemperare
748 1246 872 1282 quam
893 1233 1074 1280 Brixius,
1098 1245 1335 1282 quanquam
1356 1245 1487 1282 quum
1510 1234 1606 1270 tuae
1631 1233 1683 1270 ad

82 1300 150 1325 me
170 1288 363 1327 venirent
382 1287 535 1335 literae,
558 1286 664 1326 liber
683 1300 767 1326 non
789 1287 955 1337 quidem
977 1287 1054 1325 Sub
1075 1287 1190 1336 prelo
1211 1288 1329 1334 esset,
1352 1287 1422 1325 sed
1444 1289 1556 1325 totus
1575 1288 1683 1324 esset

81 1355 254 1381 excusus
273 1342 410 1391 (atque
438 1342 478 1379 id
503 1342 646 1380 docere
668 1343 824 1392 possim
853 1355 937 1379 non
968 1340 1129 1379 duobus
1157 1341 1302 1379 auritis
1332 1341 1508 1379 testibus
1536 1341 1606 1391 qui
1634 1354 1684 1379 ex
1706 1348 1765 1380 105

83 1409 151 1434 me
170 1396 388 1444 audierint,
411 1396 482 1434 sed
504 1396 675 1434 oculatis
698 1396 922 1445 plusquam
946 1396 1086 1434 decem
1113 1396 1186 1446 qui
1211 1395 1298 1434 suis
1317 1395 1501 1434 viderint
1528 1395 1684 1443 oculis;

84 1450 169 1491 imo
190 1450 376 1497 testibus,
400 1451 555 1499 opinor,
580 1450 712 1488 oculis
734 1450 866 1500 ipsius
893 1450 988 1497 tuis,
1010 1452 1152 1500 vtpote
1177 1450 1227 1488 ad
1254 1463 1379 1499 quem
1405 1449 1561 1487 librum
1588 1452 1685 1488 ante

83 1504 189 1544 hanc
218 1504 435 1555 epistolam
465 1505 705 1554 peruenisse
734 1518 817 1543 non
847 1504 1076 1552 dubitem);
1116 1517 1354 1554 quanquam
1383 1505 1432 1542 ad
1461 1503 1550 1542 eius
1578 1504 1685 1543 aedi-

83 1559 243 1598 tionem
272 1561 335 1598 tot
364 1559 593 1597 amicorum
626 1559 812 1598 consiliis
839 1572 1017 1609 vrgerer,
1050 1560 1192 1597 tamen
1225 1559 1295 1597 vbi
1329 1562 1422 1597 tuas
1453 1559 1596 1597 literas
1625 1571 1684 1596 ac-

85 1613 298 1663 cepissem,
324 1614 441 1652 cuius
460 1614 586 1651 vnius
610 1613 718 1663 apud
743 1627 811 1652 me
837 1613 1045 1652 sententia
1071 1613 1266 1651 omnibus
1296 1612 1487 1651 omnium
1516 1613 1686 1651 calculis
1707 1621 1767 1643 110

86 1668 397 1718 praeponderat,
421 1680 507 1706 non
533 1681 627 1706 sum
653 1667 843 1706 imitatus
869 1668 1085 1707 Brixium:
1115 1669 1180 1706 cui
1207 1681 1338 1717 quum
1363 1667 1428 1715 sit,
1454 1669 1501 1705 vt
1527 1667 1684 1716 scribit,

85 1735 279 1762 crumena
312 1735 475 1773 semper
506 1735 597 1761 aere
628 1722 777 1772 grauis,
810 1724 951 1761 tamen
985 1722 1095 1760 tanti
1124 1722 1221 1760 fecIt
1252 1722 1527 1760 monitionem
1557 1723 1684 1770 tuam,

87 1777 215 1825 cuius,
237 1779 286 1816 vt
311 1777 382 1826 ait,
409 1778 537 1816 nutus
563 1777 768 1822 obseruat‚
793 1779 839 1815 vt
866 1791 949 1815 non
979 1777 1222 1816 sustinuerit
1249 1776 1464 1814 tantillum
1494 1779 1688 1826 sumptus

87 1831 336 1881 impendere,
374 1845 455 1881 quo
488 1831 654 1870 libellos
685 1831 783 1870 illos
821 1832 1035 1870 vniuersos
1073 1833 1273 1869 coemeret
1309 1832 1431 1880 atque
1469 1831 1513 1869 in
1545 1831 1689 1881 ignem

88 1885 217 1924 semel
243 1885 488 1934 coniiceret3
517 1888 563 1924 vt
589 1887 727 1924 tantas
754 1886 843 1924 eius
872 1885 1060 1935 ineptias,
1083 1899 1236 1924 nomen
1265 1884 1371 1923 illud
1401 1885 1548 1933 Brixii,
1572 1885 1690 1924 cuius
1709 1893 1768 1925 115

87 1941 327 1979 illustrandi
356 1940 560 1979 desiderio
591 1940 718 1979 nimis
740 1953 865 1990 quam
894 1941 1043 1978 misere
1071 1940 1171 1988 sitit,
1193 1940 1477 1988 infamaturas,
1501 1939 1690 1978 omnium

88 1995 335 2033 subduceret
360 1995 502 2033 oculis.
562 1994 650 2044 Ego
671 2007 781 2042 vero,
802 1995 863 2033 mi
889 1995 1070 2042 Erasme,
1093 1996 1254 2044 praeter
1279 2007 1349 2033 eos
1375 1994 1489 2041 duos,
1513 2007 1691 2044 quorum

89 2048 268 2088 alterum
296 2049 380 2087 iam
407 2049 458 2087 ad
487 2051 529 2087 te
557 2050 765 2098 miseram,
796 2049 976 2088 alterum
1010 2049 1059 2088 ad
1091 2049 1266 2087 Petrum
1295 2048 1535 2098 Aegidium,
1565 2051 1688 2098 atque

89 2103 193 2142 alios
231 2103 414 2153 quinque
451 2116 553 2153 quos
581 2103 828 2142 vendiderat
865 2103 1148 2154 typographus
1185 2104 1298 2151 (nam
1338 2116 1467 2152 quum
1505 2103 1689 2152 primum

90 2160 324 2207 prostarent
355 2171 400 2196 ac
432 2157 662 2207 coepissent
695 2158 815 2197 auide
843 2158 1038 2207 flagitari,
1067 2160 1138 2196 tua
1167 2158 1432 2196 commodum
1462 2157 1691 2195 interuenit

89 2211 278 2262 epistola)
316 2212 448 2250 coemi
483 2212 712 2259 vniuers0s‚
751 2225 903 2262 eosque
941 2212 1099 2251 clausos
1136 2212 1321 2260 adseruo,
1361 2213 1407 2250 vt
1445 2212 1689 2262 priusquam

1711 2166 1772 2188 120

135 2349 187 2389 89.
215 2357 290 2379 non
315 2348 397 2388 plus
427 2348 522 2390 octo]
545 2348 659 2379 There
692 2358 752 2378 are
778 2348 864 2378 nine

922 2347 1101 2388 produced
1130 2348 1259 2386 Henry
1286 2347 1383 2378 vn1's
1413 2350 1550 2378 Assertio
1580 2352 1690 2386 septem

91 2392 211 2424 sheets
229 2403 236 2423 :
259 2392 344 2423 A-I.

921 2394 1190 2422 Sam-amentormn
1208 2392 1285 2433 (Ep.
1308 2401 1400 2430 1227.
1417 2391 1489 2430 5n).
1538 2391 1606 2422 His
1624 2392 1691 2422 last

136 2446 188 2475 90.
213 2435 367 2466 totidem
396 2434 536 2476 diebus]
571 2436 630 2466 An
661 2434 862 2466 indication

94 2479 132 2511 of
144 2479 206 2510 the
224 2479 394 2519 ordinary
410 2481 486 2510 rate
504 2479 541 2509 of
554 2479 719 2519 printing
735 2481 772 2509 at
790 2479 865 2510 this

95 2524 194 2554 time.

184 2576 249 2597 nec
274 2565 485 2605 dimidium]
518 2565 604 2596 This
635 2566 864 2597 understates

98 2610 160 2650 Ep.
184 2619 278 2648 1045.
299 2611 350 2646 26,
374 2610 521 2649 ‘magna
538 2619 581 2639 ex
598 2611 697 2650 parte
710 2610 726 2640 '.

144 2663 218 2684 111.
242 2652 383 2694 scribit]
409 2653 472 2692 Ep.
493 2662 586 2692 1045.
609 2662 745 2693 119-20.

146 2707 217 2737 113.
243 2696 310 2738 ait]
335 2696 397 2736 Ep.
421 2705 514 2734 1045.
534 2706 630 2735 22-3.

145 2751 215 2781 1¹9·
242 2739 500 2780 typographus]
534 2740 692 2771 Richard
723 2741 864 2780 Pynsou

100 2785 136 2824 (†
151 2795 178 2816 c.
192 2784 274 2815 Jan.
294 2784 404 2822 1530*1‚
419 2793 437 2813 a
449 2783 617 2821 Norman,
630 2784 712 2814 who
728 2785 767 2815 in
784 2785 866 2823 1464

100 2837 171 2859 was
197 2837 217 2858 a
244 2827 394 2859 student
431 2828 468 2857 at
500 2826 560 2857 the
593 2827 806 2868 University
834 2827 872 2858 of

100 2871 209 2902 Paris.
238 2871 341 2902 After
354 2870 522 2909 learning
539 2870 600 2901 the
613 2873 670 2902 art
686 2873 724 2902 at
734 2871 868 2911 Rouen,

102 2914 145 2946 he
177 2914 305 2946 settled
347 2915 384 2944 in
422 2913 570 2944 London
602 2924 629 2945 c.
673 2924 766 2954 1490,
798 2914 870 2946 and

103 2959 244 2989 became
262 2967 330 2989 one
345 2957 383 2988 of
405 2957 466 2988 the
490 2959 583 2988 most
606 2958 743 2988 famous
766 2959 804 2989 of
826 2959 872 2989 its

102 3002 202 3041 early
233 3001 399 3041 printers.
446 3000 492 3031 In
527 3001 609 3040 1508
640 3001 685 3032 he
716 3012 788 3033 was
812 3011 872 3041 ap-

102 3045 249 3085 pointed
267 3045 414 3076 Printer
431 3045 467 3075 to
485 3044 547 3075 the
572 3044 678 3085 King‚
699 3045 769 3076 and
788 3045 872 3076 thus

923 2435 1053 2465 known
1068 2436 1153 2465 book
1172 2435 1201 2465 is
1217 2435 1324 2465 dated
1342 2435 1485 2465 18June
1500 2436 1592 2474 1528.
1628 2436 1691 2466 See

923 2479 964 2509 E.
986 2479 1026 2510 G.
1050 2479 1164 2509 Dufl's
1183 2481 1312 2515 Cemzcry
1327 2481 1362 2515 os
1381 2482 1428 2509 the
1452 2482 1582 2517 English
1608 2482 1692 2510 Book

924 2526 1030 2562 Trade,
1056 2532 1149 2562 1905,
1169 2532 1228 2562 pp.
1251 2524 1356 2562 126,7.

967 2566 1009 2596 In
1031 2575 1109 2604 1513
1131 2566 1176 2596 he
1200 2566 1345 2606 printed
1370 2566 1432 2596 the
1456 2566 1533 2597 first
1556 2566 1692 2597 edition

922 2610 960 2640 of
982 2620 1047 2640 one
1074 2610 1112 2639 of
1135 2609 1312 2640 Erasmus'
1340 2609 1574 2640 translations
1602 2610 1692 2641 from

924 2653 1095 2684 Plutarch
1134 2653 1218 2694 (Ep.
1257 2654 1320 2684 268
1337 2664 1345 2692 ;
1383 2652 1424 2684 cf.
1454 2653 1526 2685 vol.
1563 2654 1615 2693 iii,
1656 2663 1690 2693 p.

922 2698 1034 2735 xxiv).

972 2750 1040 2771 121.
1060 2740 1188 2782 coemi]
1208 2740 1332 2772 More's
1345 2741 1462 2772 action
1476 2741 1506 2771 is
1517 2741 1651 2780 adequa
1659 2743 1692 2771 te

926 2786 961 2814 to
979 2786 1128 2814 account
1140 2784 1194 2814 for
1211 2785 1272 2815 the
1286 2785 1398 2823 rarity
1412 2785 1450 2815 of
1464 2784 1522 2814 his
1533 2784 1695 2823 volume-3

924 2828 978 2859 for
995 2828 1115 2857 which
1134 2838 1190 2857 see
1207 2838 1238 2867 p.
1259 2838 1331 2867 217.
1378 2829 1490 2858 There
1516 2828 1545 2859 is
1569 2838 1590 2858 a
1606 2838 1695 2867 copy

928 2873 964 2902 in
984 2871 1044 2901 the
1058 2871 1197 2902 British
1214 2872 1374 2902 Museum
1393 2874 1470 2910 (714
1489 2872 1520 2902 b.
1543 2872 1608 2910 13).
1641 2872 1692 2901 On

926 2924 966 2954 25
974 2915 1068 2945 June
1077 2915 1244 2946 Erasmus
1256 2915 1417 2946 believed
1431 2915 1511 2946 that
1520 2915 1615 2945 More
1623 2915 1693 2945 had

926 2959 1029 2989 made
1041 2958 1213 2997 nopublic
1224 2959 1413 2998 replyOEp.
1429 2969 1463 2989 11
1473 2969 1520 2997 17.
1538 2959 1694 2997 115-16);

929 3002 965 3032 in
979 3002 1125 3041 August,
1140 3002 1232 3033 after
1247 3003 1368 3042 seeing
1386 3003 1414 3032 it
1432 3004 1468 3032 at
1485 3002 1601 3033 Calais
1614 3001 1692 3041 (Ep.

931 3046 1020 3084 1184·
1048 3047 1180 3085 2022).
1212 3046 1258 3077 he
1286 3056 1358 3077 was
1385 3046 1521 3085 hoping
1551 3047 1585 3076 to
1620 3055 1694 3084 per-
