1990 3353
101 117 224 172 1074]
380 119 451 158 ΤΟ
490 118 819 158 WOLFGANG
853 117 1164 157 FABRICIUS
1203 117 1410 158 CAPITO
1616 119 1694 158 199

94 232 231 271 alieno
261 245 398 282 opere,
428 231 576 282 incipit
613 234 655 270 et
691 231 780 281 ipse
818 231 953 280 legere
990 230 1157 269 Nouum
1195 230 1509 269 Testamentum
1547 230 1697 280 prioris

95 286 315 334 editionis;
343 285 428 325 iam
447 286 560 325 enim
579 286 880 336 propemodum
900 285 1098 324 didicerat
1116 284 1252 334 legere
1274 284 1413 323 Cri-,ece
1466 284 1699 334 Aliquanto

96 343 189 390 post
218 340 350 379 fretus
382 340 549 380 Erasmi
581 340 758 379 candore
786 341 943 378 fatetur
970 352 1014 377 se
1043 352 1204 389 quoque
1232 338 1437 377 nonnulla
1464 341 1694 378 annotasse.

95 395 299 434 Erasmus
332 397 446 445 rogat
475 396 524 434 vt
556 394 848 434 communicet.
907 393 1041 432 Mittit
1073 393 1337 431 dimidiatam
1372 392 1588 443 pagellam,
1624 406 1698 431 nec

95 449 213 488 addit
239 449 413 488 alteram
442 448 525 487 nisi
549 448 622 487 illa
643 448 827 487 remissa.
887 447 1020 486 Mittit
1044 449 1185 486 autem
1214 447 1378 486 diuerso
1404 447 1558 495 ordine,
1588 460 1698 485 nunc
1721 459 1760 492 35

96 516 146 542 ex
166 503 364 551 Mattheo,
386 517 499 542 nunc
518 503 668 552 Marco,
686 516 797 541 nunc
818 516 868 541 ex
885 501 1086 552 Epistolis
1105 501 1228 540 Pauli
1245 516 1254 548 ;
1283 502 1458 540 fortasse
1477 502 1632 540 timens
1647 515 1701 540 ne

96 557 354 597 describeret.
414 557 497 597 Vbi
521 557 628 596 vidit
651 558 874 596 Erasmum
900 569 987 594 non
1013 556 1157 605 magni
1185 556 1471 594 facere—nam
1501 556 1587 605 ipse
1616 555 1700 595 iam

95 614 233 651 totum
253 625 356 662 opus
375 612 504 651 semel
525 614 651 662 atque
677 611 828 650 iterum
855 612 1160 661 recognouerat,
1182 623 1227 649 ac
1248 610 1332 649 fere
1353 610 1493 648 omnia
1518 611 1701 648 mutarat

96 679 177 716 que
196 666 468 716 deprehendit
487 666 596 705 Leus
612 680 622 714 ;
652 679 751 704 nam
771 679 820 704 ex
839 665 954 704 illius
973 664 1314 703 annotationibus
1332 665 1403 703 vix
1422 665 1501 703 due
1524 666 1596 703 aut
1616 666 1701 702 tres

95 720 355 770 profuerunt,
386 722 426 759 et
455 720 656 759 hactenus
687 720 889 758 duntaxat
921 720 1166 769 profuerunt
1204 721 1250 757 vt
1281 718 1422 758 locum
1456 718 1701 768 diligentius
1721 732 1764 763 40

96 773 296 824 relegeret
318 775 670 825 conferretque—,
694 775 840 813 deinde
869 774 977 812 male
1006 773 1154 812 habuit
1184 773 1398 812 hominem
1426 772 1700 823 gloriosulum

97 830 206 879 quod
234 829 435 868 Erasmus
458 829 523 867 illi
548 842 633 867 non
662 842 736 879 per
764 829 907 867 omnia
934 827 1213 874 assentiretur,
1243 827 1428 878 cepitque
1458 840 1555 866 suos
1581 840 1701 866 vene-

97 885 215 922 natos
244 883 404 923 aculeos
432 884 634 934 paulatim
658 896 882 934 aspergere.
941 882 1023 921 Vbi
1051 883 1250 921 Erasmus
1279 881 1557 931 asscripsisset
1586 881 1702 920 illius

96 936 252 977 chartis
276 940 285 957 ⁴
301 938 513 977 Memento
542 938 651 988 quod
682 938 899 976 hominem
928 949 1082 984 mones,
1106 937 1177 975 sed
1209 937 1335 975 homo
1350 937 1370 985 ⁹,
1392 936 1574 975 offensus
1603 936 1701 974 stul-

95 991 213 1031 tulus
249 992 372 1031 desiit
410 993 590 1031 mittere.
651 993 851 1031 Erasmus
882 1005 930 1030 ea
966 1005 1008 1029 re
1046 990 1243 1041 neglecta,
1279 991 1365 1029 imo
1402 990 1701 1041 propemodum
1721 1004 1762 1035 45

95 1046 282 1095 gaudens
303 1047 413 1097 quod
433 1049 540 1085 esset
557 1047 609 1085 ab
634 1047 708 1085 illo
737 1047 1092 1085 liberatus—-nam
1120 1045 1311 1084 olfecerat
1328 1045 1471 1084 fucum
1498 1045 1619 1083 illum
1639 1045 1700 1083 in-

95 1101 240 1139 sidiari
266 1114 338 1140 sue
363 1101 502 1151 glorie,
533 1115 609 1140 nec
635 1101 709 1139 illa
733 1114 811 1151 que
838 1100 1045 1139 scribebat
1071 1100 1251 1139 scribere
1280 1100 1371 1148 sibi,
1402 1100 1447 1138 ni
1476 1099 1701 1138 dimidium

95 1155 225 1194 totius
245 1156 378 1205 operis
400 1155 461 1194 illi
482 1156 672 1194 furcifero
693 1154 1059 1205 cederet—repetit
1080 1155 1301 1203 Basileam,
1324 1154 1564 1203 ab(s)oluit
1585 1166 1700 1204 opus.

94 1209 178 1248 Vix
198 1209 384 1249 abfuerat
404 1209 601 1258 triduum,
625 1209 734 1249 Leus
752 1210 910 1260 spargit
930 1223 1002 1259 per
1021 1208 1233 1258 Angliam,
1258 1222 1332 1258 per
1353 1209 1598 1255 Louanium,
1621 1221 1702 1258 quo

97 1277 182 1303 non
195 1266 228 1312 ἰ),
249 1278 293 1303 se
314 1264 463 1303 habere
481 1267 665 1304 trecenta
685 1265 772 1303 loca
791 1264 986 1313 nota<ta>
1010 1264 1209 1301 aduersus
1230 1264 1464 1302 Erasmum.
1516 1262 1700 1312 Applau-
1721 1277 1762 1308 50

96 1318 202 1357 dunt
222 1319 354 1369 Angli
375 1318 555 1369 quidam.
598 1319 798 1357 Erasmus
820 1331 1021 1365 reuersuS,
1043 1317 1114 1355 vbi
1135 1330 1223 1355 rem
1242 1318 1445 1367 cognouit,
1467 1317 1702 1366 expostulat

95 1386 191 1412 cum
220 1373 400 1412 homine.
461 1373 698 1423 Respondet
729 1373 800 1411 ille
834 1372 1138 1411 meracissimas
1171 1385 1315 1421 nugas,
1349 1371 1701 1421 quemadmodum

95 1430 213 1478 potes
232 1441 281 1466 ex
302 1427 433 1477 ipsius
452 1428 624 1478 epistola
643 1428 854 1466 coniicere.

150 1482 334 1521 Tandem
361 1482 468 1521 Leus
493 1484 687 1531 prouocat
713 1483 764 1521 ad
791 1482 973 1520 iudicem
993 1482 1207 1520 Atensem.
1269 1480 1451 1527 Atensis,
1475 1480 1546 1518 vbi
1573 1480 1702 1518 sensit

95 1536 314 1586 ingenium
346 1536 532 1575 hominis
561 1536 756 1587 videtque
788 1549 875 1574 rem
913 1536 1121 1574 exituram
1156 1535 1201 1573 in
1236 1534 1504 1584 tragoediam,
1540 1537 1700 1573 recusat
1722 1549 1762 1581 55

95 1590 327 1630 arbitrium.
378 1591 560 1629 Interim
579 1591 689 1630 Leus
709 1591 896 1630 minatur
910 1590 1136 1628 editionem
1158 1589 1304 1639 operis,
1329 1603 1401 1627 nec
1422 1589 1520 1627 facit
1540 1589 1700 1638 copiam

96 1645 284 1694 Erasmo,
315 1645 402 1684 imo
427 1658 503 1684 nec
529 1659 629 1684 voce
656 1646 792 1684 voluit
819 1658 1005 1696 vnquam
1034 1645 1218 1694 proferre
1245 1644 1311 1682 vel
1338 1643 1502 1682 vnicam
1530 1644 1701 1681 annota-

96 1699 342 1748 tiunculam,
373 1713 468 1750 sepe
493 1700 545 1739 ab
570 1699 643 1739 illo
672 1702 927 1750 prouocatus.
991 1699 1170 1737 Interim
1196 1710 1403 1748 nusquam
1430 1711 1513 1736 non
1545 1698 1703 1736 iactitat

96 1767 221 1793 suum
250 1754 406 1793 librum
435 1767 612 1805 suasque
644 1757 801 1793 ‘sacras
829 1753 1188 1792 Annotationes':
1222 1753 1279 1791 sic
1308 1752 1423 1791 enim
1452 1752 1509 1790 ait
1539 1754 1701 1790 vocatas,

95 1823 118 1847 a
147 1809 328 1859 quodam
355 1809 530 1848 Abbate.
587 1808 742 1848 Scribit
769 1811 984 1848 sexcentas
1013 1807 1207 1857 epistolas
1240 1806 1468 1845 mendaciis
1501 1806 1698 1853 differtas,
1719 1814 1764 1843 60

96 1877 176 1914 que
209 1876 293 1902 non
323 1863 465 1902 minus
492 1863 620 1902 habet
651 1863 695 1901 in
726 1864 923 1913 promptu
957 1875 1083 1913 quam
1111 1875 1260 1901 aranea
1288 1861 1422 1899 filum.
1484 1860 1700 1910 Nusquam

97 1931 182 1956 non
203 1917 360 1969 spargit
386 1917 502 1956 virus
527 1917 573 1956 in
599 1918 852 1965 Erasmum3
880 1917 988 1955 nihil
1014 1916 1127 1955 enim
1158 1916 1231 1954 illa
1256 1915 1399 1965 lingua
1423 1915 1698 1964 pestilentius.

97 1972 223 2011 Curat
254 1972 522 2011 describenda
555 1972 821 2022 exemplaria.
876 1972 939 2012 Ea
965 1971 1201 2010 circumfert
1235 1983 1307 2020 per
1338 1969 1597 2017 monasteria,
1629 1983 1703 2019 per

96 2026 300 2074 cubicula,
321 2026 429 2065 nulli
449 2040 533 2065 non
558 2028 776 2065 ostentans
801 2039 925 2077 quem
951 2027 1116 2076 putaret
1135 2037 1283 2075 parum
1307 2024 1487 2062 amicum
1514 2024 1700 2062 Erasmo.

97 2080 258 2120 Mittit
247 2094 291 2120 in
306 2081 534 2131 Angliam3
562 2081 632 2120 sed
654 2081 758 2119 mire
779 2081 952 2119 interim
968 2093 1117 2118 cauens
1136 2093 1187 2117 ne
1208 2078 1339 2128 possit
1359 2079 1404 2116 in
1421 2091 1533 2116 meas
1551 2091 1702 2116 manus
1720 2085 1760 2126 65

96 2135 253 2174 venire.
311 2135 365 2174 In
385 2136 463 2174 hoc
482 2138 568 2174 erat
589 2138 713 2174 totus.

149 2190 336 2229 Tandem
366 2189 475 2229 docti
503 2190 672 2240 quidam
700 2190 823 2228 amici
850 2190 991 2228 videie
1024 2188 1178 2227 librum
1210 2187 1319 2237 apud
1350 2170 1522 2236 Anglos.
1584 2186 1702 2225 Nulli

99 2256 183 2282 non
214 2243 437 2294 displicuit,
469 2245 536 2283 vel
564 2245 672 2295 quod
701 2243 946 2291 virulentus,
982 2244 1051 2282 vel
1081 2243 1188 2293 quod
1224 2242 1391 2290 ineptus
1420 2244 1461 2279 et
1494 2241 1695 2279 indoctus.

97 2298 295 2337 Scribant
328 2299 527 2337 acerrime
559 2299 610 2337 ad
641 2299 789 2346 illum;
823 2299 1016 2337 territant
1049 2297 1187 2343 minis,
1224 2299 1268 2334 vt
1301 2298 1461 2345 premat
1493 2295 1700 2334 insulsum

97 2365 201 2402 opus
221 2353 300 2392 toti
318 2353 536 2392 Britannie
557 2353 744 2392 dedecori
763 2353 967 2391 futurum.
1018 2352 1172 2390 Iubent
1191 2354 1236 2389 vt
1257 2363 1351 2388 cum
1369 2350 1543 2388 Erasmo
1563 2350 1700 2388 redeat
1721 2360 1763 2394 70

96 2407 140 2444 in
161 2407 351 2456 gratiam.
390 2407 520 2446 Venit
537 2407 619 2446 huc
641 2407 840 2446 Ricardus
860 2408 1029 2451 Paceus,
1053 2409 1146 2444 tum
1167 2407 1303 2443 orator
1323 2404 1449 2454 Regis
1462 2403 1700 2453 Anglorum

96 2462 205 2510 apud
227 2461 435 2500 Electores
453 2462 703 2512 imperiales.
745 2462 789 2500 Is
808 2475 977 2511 presens
996 2465 1089 2499 tum
1108 2460 1192 2510 egit
1213 2459 1323 2509 quod
1344 2461 1439 2497 ante
1455 2471 1527 2509 per
1541 2458 1701 2497 litteras

96 2518 249 2565 egerat.
302 2516 457 2566 Agitur
481 2516 531 2555 de
556 2530 663 2566 pace,
686 2516 752 2554 his
777 2515 938 2566 legibus
963 2518 1008 2554 vt
1039 2515 1147 2553 Leus
1175 2515 1381 2564 premeret
1407 2513 1577 2559 librum,
1606 2526 1700 2551 cum

733 2602 786 2631 49.
809 2591 981 2632 tridusufl
998 2593 1065 2620 ΜΗ.

143 2682 196 2709 44.
222 2670 282 2701 sed
301 2670 424 2712 homo]
444 2670 496 2701 Cf.
513 2671 605 2707 Apol.
623 2680 685 2707 qua
701 2671 868 2707 respondet,
927 2668 964 2697 of
977 2668 1063 2707 only
1087 2678 1153 2697 one
1172 2678 1178 2697 :
1207 2667 1470 2706 renlembering
1485 2667 1640 2706 perhaps
1664 2669 1699 2697 at

99 2717 137 2746 1'0.
156 2714 211 2754 A⁴,
228 2715 350 2745 Jortin
364 2715 401 2745 ii.
415 2714 501 2753 498;
525 2713 597 2744 and
613 2714 674 2752 Ep.
695 2722 786 2752 1039.
806 2722 878 2750 113.
928 2711 1100 2741 intervals
1117 2712 1196 2741 that
1214 2711 1275 2741 the
1294 2711 1402 2741 latter
1418 2721 1490 2741 was·
1506 2720 1525 2740 a
1543 2711 1653 2740 Prior.

143 2759 194 2796 48.
220 2757 349 2797 repetit
365 2757 561 2797 Basileam]
587 2757 633 2788 In
651 2757 733 2796 May
752 2757 843 2795 1518.
969 2757 1024 2793 67.
1049 2754 1144 2794 apud
1160 2753 1311 2795 Anglos]
1337 2753 1388 2786 Cf.
1407 2754 1471 2793 Ep.
1493 2755 1586 2785 1026.
1608 2764 1683 2791 1411.

142 2811 195 2840 51.
223 2801 402 2843 reuersus]
428 2802 471 2832 In
491 2801 588 2840 Sept.
609 2800 701 2840 1518.
972 2808 1023 2836 71.
1050 2797 1197 2839 Faenus]
1232 2799 1277 2829 In
1304 2797 1391 2837 July
1427 2807 1534 2837 15193
1569 2797 1609 2828 cf.
1639 2798 1697 2836 Ep.

143 2855 195 2884 53.
221 2844 389 2886 epistola]
416 2845 478 2884 Ep.
500 2845 593 2874 1061.
929 2851 1021 2873 1001.
1039 2851 1120 2881 53¹¹·

143 2890 195 2919 60.
221 2888 377 2929 Abbate]
403 2887 530 2919 Either
549 2887 806 2917 VVincheombe
831 2896 870 2917 or
969 2895 1020 2925 72.
1045 2885 1207 2925 presens]
1234 2885 1331 2921 Pace,
1344 2885 1493 2923 writing
1510 2887 1546 2915 to
1565 2884 1642 2914 Len.
1659 2894 1693 2913 21

99 2932 313 2963 Southwark
331 2932 413 2972 (Ep.
436 2932 529 2962 1061.
552 2940 620 2969 150,
643 2931 775 2971 152nn)
794 2942 801 2968 ς
825 2931 869 2960 cf.
927 2930 1047 2959 March
1067 2927 1203 2971 (1520),
1217 2929 1394 2959 describes
1407 2929 1480 2959 this
1496 2928 1701 2958 interview:

100 2976 186 3016 Epp.
211 2985 303 3014 1097.
324 2984 374 3013 23,
401 2984 492 3013 1113.
518 2985 547 3013 7.
596 2975 640 3004 In
668 2975 756 3014 Epp.
774 2975 866 3005 1126.
926 2973 1008 3004 Essv.
1026 2983 1081 3012 pp.
1099 2973 1196 3010 86-7.

103 3029 217 3052 11-12.
233 3030 244 3049 1
256 3029 325 3059 139.
337 3028 390 3059 95,
408 3029 446 3050 as
460 3018 729 3057 hereAErasmus
745 3017 872 3057 speaks
971 3026 1022 3055 73.
1048 3017 1104 3046 his
1121 3015 1274 3056 legibus]
1299 3016 1350 3047 Cf.
1371 3015 1434 3055 Ep.
1458 3025 1551 3054 1090.
1569 3015 1600 3044 8.
