1990 3353
68 121 190 176 1211]

581 124 653 163 ΤΟ
688 116 936 165 JODOCUS
973 126 1001 165 J
1005 125 1151 165 ONAs

1586 130 1669 169 509

63 233 257 272 Dedisses
295 234 468 273 initium
500 247 549 273 ex
587 246 833 284 quacunque
870 235 996 283 parte,
1033 234 1104 272 ille
1142 247 1241 273 mox
1280 237 1412 273 totam
1445 235 1664 285 epistolam

62 287 217 338 absque
244 288 330 327 vllo
359 288 478 337 lapsu
508 288 656 327 fuisset
684 290 973 337 prosequutus.

374 343 538 393 Vixque
571 342 766 380 credibile
791 343 854 381 est
881 344 1086 391 quantum
1112 343 1214 381 item
1234 356 1283 381 ex
1309 344 1403 383 aliis
1422 343 1662 384 orthodoxis

62 342 314 381 memoriter.

1034 288 1250 327 Ambrosii
1277 289 1471 340 pleraque
1496 291 1663 330 tenebat

59 396 271 435 veteribus
285 398 486 436 memoria
499 397 853 446 complecteretur.
892 396 1108 436 Praestitit
1121 397 1198 436 hoc
1214 397 1278 436 illi
1292 398 1446 447 partim
1462 400 1662 438 memoria

62 452 211 489 natura
231 451 343 499 felix,
367 452 518 502 partim
539 451 706 489 assidua
725 450 952 489 meditatio.

115 504 300 555 Rogatus
332 519 355 544 a
392 519 460 544 me
493 505 539 543 in
569 504 768 543 familiari
799 504 1004 555 colloquio
1037 505 1191 555 quibus
1230 507 1366 545 modis
1403 511 1660 557 praepararet

59 559 250 598 animum
289 572 413 598 suum
444 560 579 598 iturus
615 559 666 597 ad
701 558 1042 604 concionandum,
1075 561 1293 609 respondit
1331 574 1373 599 se
1404 562 1575 601 solitum
1615 563 1661 601 in

58 668 232 706 sentiret
260 668 504 707 incalescere
533 670 686 718 pectus.

56 734 208 771 preces
238 722 367 761 donec
393 723 687 761 admoneretur
711 734 800 760 esse
829 724 994 772 tempus
1022 722 1262 772 incipiendi.

0 606 1 630 ³
59 626 210 652 manus
230 626 395 652 sumere
414 613 606 661 Paulum,
631 615 673 651 et
696 614 741 651 in
761 613 852 652 eius
870 613 1048 651 lectione
1066 615 1153 652 tam
1173 614 1245 652 diu
1265 616 1513 654 commorari
1532 617 1660 656 donec

746 667 842 706 Illic
868 667 1074 715 haerebat,
1097 668 1252 706 addens
1279 669 1420 719 igneas
1445 671 1496 709 ad
1526 671 1661 711 Deum

1323 723 1417 762 Non
1448 725 1660 765 diuidebat
1678 744 1718 776 55

57 776 142 814 fere
171 777 388 815 conciones
417 789 535 816 suas:
574 776 682 827 quod
712 776 865 826 vulgus
894 777 952 815 ita
980 776 1089 824 facit,
1123 777 1238 827 quasi
1266 790 1384 816 secus
1411 779 1545 817 facere
1574 793 1659 819 non

56 830 177 869 liceat
193 845 203 878 ς
231 831 342 869 vnde
361 831 410 869 fit
430 834 475 870 vt
495 831 735 881 frequenter
753 831 809 869 sit
828 830 1101 881 frigidissima
1125 831 1350 871 distinctio.

1410 833 1659 883 Quanquam

56 885 193 924 omnis
212 885 286 923 illa
307 885 625 924 distinctionum
645 898 742 924 cura
760 884 892 935 frigus
912 885 1027 923 addit
1047 886 1234 934 orationi,
1258 888 1299 924 et
1317 887 1483 925 artificii
1505 888 1661 938 signifi-

56 939 263 978 cationem
289 941 492 990 praebens
519 940 647 978 fidem
671 939 807 978 eleuat
833 939 1020 978 dicent-is.

56 995 262 1033 sermonis
302 994 417 1032 fluxu
459 994 730 1033 connectebat
776 1006 934 1032 sacram
982 994 1216 1044 Epistolam
1263 1008 1359 1034 cum
1407 996 1659 1046 Euangelica
1676 1008 1721 1041 60

1081 942 1140 978 At
1159 940 1227 978 hic
1254 943 1450 991 perpetuo
1478 943 1657 992 quodam

55 1048 245 1096 lectione,
278 1052 323 1087 vt
354 1049 519 1087 auditor
547 1049 720 1087 domum
749 1049 900 1087 rediret
919 1051 960 1086 et
990 1048 1191 1087 eruditior
1218 1052 1260 1087 et
1286 1050 1589 1090 infiammatior
1608 1053 1658 1091 ad

55 1103 245 1142 studium
264 1104 442 1153 pietatis.
486 1103 630 1153 Neque
651 1103 1037 1153 gesticulationibus
1056 1103 1299 1153 ineptiebat,
1317 1118 1393 1142 nec
1408 1105 1659 1146 vociferatio-

56 1158 180 1196 nibus
199 1157 546 1205 tumultuabatur,
569 1158 639 1196 sed
656 1159 770 1196 totus
784 1157 893 1207 apud
908 1171 953 1196 se
971 1157 1029 1196 sic
1045 1158 1258 1207 promebat
1273 1159 1398 1197 verba
1417 1162 1463 1198 vt
1483 1161 1660 1200 sentires

55 1225 105 1250 ex
125 1212 287 1251 ardenti
307 1226 351 1251 ac
372 1212 553 1262 simplici
579 1212 649 1250 sed
677 1212 813 1250 sobrio
839 1214 1002 1262 pectore
1030 1212 1260 1262 proficisci:
1290 1227 1364 1252 nec
1385 1227 1560 1264 vsquam
1583 1216 1658 1254 im-

55 1266 294 1305 morabatur
319 1267 369 1305 ad
398 1267 581 1305 taedium
602 1279 744 1316 vsque,
767 1279 900 1316 neque
926 1266 1104 1306 iactabat
1128 1280 1217 1305 sese
1237 1268 1365 1306 variis
1391 1269 1657 1308 citationibus
1676 1278 1716 1321 65

56 1322 303 1369 nominum;
334 1320 689 1371 quemadmodum
709 1333 822 1359 nunc
842 1334 864 1359 e
887 1320 1018 1366 Scoto,
1041 1321 1214 1370 Thoma,
1238 1322 1448 1371 Durando,
1472 1337 1584 1362 nunc
1607 1338 1658 1363 ex

54 1376 158 1414 iuris
186 1376 403 1425 vtriusque
431 1375 562 1422 libris,
595 1388 708 1414 nunc
737 1388 759 1413 e
792 1375 1064 1425 philosophis,
1097 1389 1209 1415 nunc
1243 1389 1264 1414 e
1298 1377 1430 1426 poetis
1462 1382 1659 1418 centones

53 1431 227 1480 frigidos
260 1430 561 1476 consarcinant,
599 1443 679 1480 quo
713 1429 866 1480 populo
899 1429 1006 1468 nihil
1045 1431 1203 1468 nescire
1236 1430 1467 1470 videantur.

1528 1433 1658 1472 Totus

54 1498 190 1523 sermo
207 1498 329 1535 quem
345 1484 572 1534 promebat,
589 1486 676 1522 erat
691 1497 826 1522 sacrae
844 1483 1083 1534 Scripturae
1098 1484 1259 1534 plenus,
1277 1498 1351 1523 nec
1366 1486 1479 1525 aliud
1496 1490 1656 1527 ructare

53 1541 224 1590 poterat.

280 1539 462 1578 Amabat
483 1539 591 1589 quod
611 1538 869 1588 loquebatur.

109 1593 299 1632 Habebat
320 1593 535 1632 hominem
554 1593 812 1631 incredibilis
831 1592 1001 1642 quidam
1029 1593 1151 1631 ardor
1175 1594 1443 1642 pertrahendi
1461 1596 1658 1635 mortales

52 1649 102 1687 ad
123 1661 341 1698 synceram
364 1648 519 1686 Christi
539 1647 861 1698 philosophiam.
922 1647 1147 1686 Ambiebat
1167 1660 1217 1686 ex
1242 1648 1485 1688 huiusmodi
1511 1650 1657 1689 labori·

53 1702 131 1741 bus
150 1703 341 1751 martyrii
365 1702 551 1752 gloriam.
610 1701 803 1749 Proinde,
832 1702 1185 1752 quemadmodum
1211 1716 1262 1740 ex
1288 1703 1402 1742 illius
1423 1704 1657 1743 familiaris-

53 1757 173 1796 simis
202 1758 390 1806 eognoui,
427 1757 530 1795 olim
560 1770 584 1795 a
615 1755 703 1795 suis
740 1756 957 1795 autoribus
993 1758 1236 1806 impetrarat
1275 1758 1440 1796 veniam
1478 1759 1657 1798 adeundi

52 1812 241 1862 regiones
259 1812 303 1849 in
320 1811 471 1861 quibus
486 1810 680 1849 Christus
695 1813 766 1849 aut
785 1811 1001 1860 ignoratur
1013 1813 1086 1850 aut
1105 1811 1232 1860 impie
1248 1811 1413 1860 colitur,
1434 1826 1477 1852 se
1492 1814 1655 1852 felicem
1679 1826 1719 1862 75

52 1867 140 1904 fore
158 1865 358 1911 iudicans,
375 1866 411 1904 si
431 1865 530 1904 haec
546 1865 691 1903 obiens
710 1865 904 1914 martyrii
922 1864 1108 1915 palmam
1128 1866 1361 1905 meruisset.
1401 1868 1461 1906 At
1482 1881 1503 1905 e
1520 1868 1657 1906 medio

53 1933 174 1960 cursu
202 1923 416 1959 reuocatus
439 1922 514 1968 est,
547 1932 645 1958 voce
664 1919 778 1958 velut
799 1918 973 1958 coelitus
991 1920 1144 1967 audita,
1170 1922 1179 1938 ‘
1194 1920 1312 1967 Redi,
1335 1921 1541 1970 Ioannes;
1571 1936 1657 1961 non

53 1975 296 2014 defuturum
322 1976 382 2013 est
409 1974 490 2013 tibi
511 1974 619 2024 apud
647 1976 744 2013 tuos
772 1973 1022 2023 martyrium
1036 1975 1056 2012 '.

1115 1975 1263 2013 Paruit
1292 1976 1468 2023 oraculo,
1501 1979 1541 2014 et
1571 1990 1657 2027 rep-

52 2030 161 2079 perit
179 2042 268 2068 esse
288 2041 434 2068 verum
455 2029 563 2079 quod
583 2041 667 2067 vox
684 2028 757 2067 illa
772 2028 1043 2079 praedixerat.
1085 2028 1188 2067 Erat
1206 2029 1295 2067 illic
1315 2031 1658 2069 monasteriolum

52 2084 365 2131 sororcularum,
390 2083 435 2121 in
451 2096 532 2134 quo
547 2083 606 2121 sic
620 2084 706 2122 erat
722 2082 910 2132 prolapsa
925 2083 1063 2121 omnis
1083 2083 1296 2133 religiosae
1311 2084 1422 2123 vitae
1437 2085 1658 2135 disciplina
1677 2090 1720 2122 80

51 2141 97 2178 vt
116 2138 292 2188 lupanar
306 2138 446 2176 verius
459 2140 569 2176 esset
589 2150 714 2187 quam
734 2138 1046 2176 monasterium.
1089 2137 1143 2175 Et
1164 2143 1305 2176 tamen
1325 2139 1433 2177 inter
1451 2140 1525 2178 has
1540 2144 1657 2179 erant

445 2253 498 2292 78.
522 2253 658 2293 reperit
673 2251 730 2284 N⁸.

96 2345 148 2375 55.
177 2336 379 2378 diuidebat]
412 2336 554 2377 Lupton
580 2337 680 2376 gives
709 2348 729 2368 a
761 2338 822 2369 de-

53 2379 164 2410 tailed
193 2381 354 2420 example
383 2382 421 2411 of
444 2381 519 2412 this
543 2380 698 2421 chilling
721 2391 820 2421 prac-

53 2424 131 2454 tice.

95 2467 149 2497 62.
181 2467 511 2509 vociferationibus]
560 2468 704 2508 Lupton
754 2468 820 2500 has

53 2510 215 2542 detected
232 2521 251 2541 a
264 2511 445 2542 reference
456 2514 493 2542 to
505 2511 688 2543 Vitrarius
704 2513 741 2543 in
756 2513 818 2543 the

52 2557 252 2593 Ecclesiastes,
272 2555 328 2586 bk.
349 2556 390 2586 iii
407 2555 492 2594 (LE.
513 2565 544 2586 v,
562 2556 624 2595 987
635 2556 681 2594 c).
715 2556 821 2587 After

52 2598 245 2638 censuring
260 2599 400 2629 various
417 2599 634 2629 sensational
652 2599 774 2630 modes
786 2599 824 2630 of

50 2642 248 2682 preaching
264 2642 322 2683 (cf.
341 2643 404 2683 Ep.
428 2652 520 2674 1111.
541 2643 638 2682 58η),
651 2643 821 2674 Erasmus

53 2685 238 2724 proceeds:
301 2689 308 2703 ‘
323 2686 404 2726 Ipse
455 2686 687 2717 familiariter
734 2688 818 2717 noui

52 2729 233 2768 quendam
271 2730 432 2760 eiusdem
471 2729 620 2769 ordinis,
655 2730 716 2769 qui
756 2741 821 2761 nec

53 2772 259 2803 ambulabat
291 2773 399 2804 nudis
432 2773 593 2813 pedibus,
628 2783 693 2805 nec
717 2774 820 2805 humi

53 2816 216 2856 cubabat,
234 2826 298 2847 nec
316 2826 406 2856 pane
423 2819 458 2848 et
475 2826 565 2855 aqua
582 2817 738 2856 viuebat,
755 2827 821 2848 nec

52 2859 119 2890 vlli
141 2861 293 2900 negabat
317 2861 373 2891 sui
397 2859 546 2900 copiam,
565 2861 698 2900 pariter
720 2871 822 2901 expo-

52 2903 142 2934 situs
154 2905 333 2943 omnibus,
350 2905 490 2944 magnis
501 2906 535 2934 et
548 2904 700 2943 pusillis,
717 2905 821 2935 bonis

53 2948 88 2977 et
100 2946 218 2986 malis,
227 2947 358 2987 vbique
367 2957 502 2979 venans
513 2947 653 2979 lucrum
661 2947 818 2979 Christo:

54 2989 214 3022 breuiter
245 2991 340 3022 nihil
372 2991 525 3023 habebat
557 2991 595 3022 in
628 2992 732 3022 rebus
759 3001 818 3022 ex-

867 2264 918 2294 79.
947 2255 1206 2285 monasterium
1223 2257 1263 2287 N.

890 2338 1005 2369 ternis
1036 2338 1222 2368 eximium.
1270 2337 1306 2367 Is
1341 2339 1463 2367 tamen
1495 2337 1658 2368 doctrina

890 2391 962 2412 non
980 2381 1131 2412 clamosa
1145 2381 1207 2412 sed
1220 2381 1445 2420 Euangelica‚
1459 2383 1536 2411 tum
1552 2382 1657 2412 mori-

890 2425 956 2456 bus
983 2425 1025 2456 ab
1058 2426 1157 2455 omni
1189 2425 1279 2455 vitio
1307 2425 1416 2464 puris,
1448 2425 1659 2455 innumeros

889 2469 983 2499 viros
998 2469 1278 2507 innumerasque
1295 2468 1471 2498 foeminas
1487 2468 1657 2508 perduxit

888 2513 932 2543 ad
945 2522 1067 2543 verum
1079 2512 1207 2543 mundi
1222 2513 1499 2552 contemptum'.
1537 2512 1581 2543 In
1595 2512 1657 2543 the

888 2557 966 2587 first
991 2556 1129 2587 edition
1154 2566 1201 2587 no
1232 2556 1309 2586 clue
1341 2556 1371 2586 is
1401 2556 1508 2596 given
1534 2559 1570 2586 to
1595 2556 1656 2586 the

889 2609 1017 2640 person
1036 2599 1209 2630 intended
1225 2610 1233 2637 ;
1257 2600 1321 2630 but
1339 2599 1401 2630 the
1418 2599 1526 2630 index
1543 2601 1579 2630 to
1596 2600 1658 2630 the

888 2643 1002 2679 third,
1038 2643 1154 2682 Bas-le,
1195 2643 1240 2674 H.
1282 2643 1421 2674 Froben
1460 2643 1534 2673 and
1577 2643 1653 2674 Nic.

891 2687 1112 2727 Episcopius,
1147 2687 1236 2726 Aug.
1265 2687 1358 2725 1536,
1385 2687 1449 2717 has
1480 2696 1526 2717 an
1550 2689 1656 2725 entry

891 2731 1061 2761 *Ioannes
1085 2730 1225 2761 Vitrius
1251 2730 1538 2769 F1-aneiseanus·‚
1563 2731 1654 2761 with

889 2785 908 2804 a
922 2775 1100 2805 reference
1111 2780 1148 2805 to
1161 2774 1223 2804 the
1236 2783 1349 2813 pages,
1359 2774 1467 2812 622‚3,
1479 2783 1525 2804 on
1535 2774 1653 2804 which

890 2818 964 2849 this
989 2827 1132 2857 passage
1157 2827 1287 2848 occurs.
1346 2818 1396 2848 As
1425 2819 1486 2848 the
1511 2818 1654 2848 volume

891 2871 964 2891 was
983 2861 1119 2892 *denuo
1141 2861 1184 2891 ab
1201 2863 1323 2892 autore
1341 2862 1575 2900 recognitum,
1593 2862 1653 2890 sed

890 2914 970 2935 cum
995 2905 1114 2935 indice
1140 2928 1148 2935 .
1174 2927 1182 2934 .
1208 2928 1215 2935 .
1238 2905 1463 2944 copiosiore’,
1490 2905 1552 2935 the
1577 2903 1656 2935 cluc-

890 2958 970 2986 may
989 2949 1030 2978 bc
1048 2948 1217 2988 regarded
1234 2958 1272 2979 as
1286 2949 1485 2979 authentic.

930 2993 982 3023 66.
1010 2991 1196 3033 Durando]
1223 2992 1286 3023 See
1304 2992 1453 3031 Ep.396.
1471 3001 1551 3030 90n.
