1990 3353
299 156 381 195 256
765 156 1016 197 LETTERS
1053 158 1124 198 OF
1160 157 1423 198 ERASMUS
1772 160 1899 214 [1520

266 277 282 307 5
303 266 545 305 huiusmodi
574 266 796 316 tragoediis
830 268 989 304 natum.
1050 266 1160 306 Satis
1194 266 1360 305 ardebat
1389 280 1463 306 sua
1492 268 1651 317 sponte,
1685 270 1726 307 et
1755 271 1896 308 tamen

304 320 480 359 habebat
518 321 590 371 qui
627 320 811 371 quotidie
850 320 988 358 oleum
1025 320 1222 360 adderent
1260 321 1434 359 camino.
1501 323 1564 360 Ac
1602 334 1900 371 saepenumero

304 388 467 413 mecum
487 375 716 414 admiratus
731 388 825 413 sum
846 374 963 413 vobis
982 388 1067 413 non
1086 375 1233 413 itidem
1253 375 1583 414 animaduersam
1599 375 1673 414 Lei
1688 379 1894 426 naturam,

304 429 376 479 qui
390 429 639 468 familiarius
653 442 749 467 cum
765 442 812 467 eo
826 428 1025 468 vixeritis.
1074 429 1158 467 Nec
1171 443 1354 479 vnquam
1374 443 1464 468 eam
1483 443 1628 480 pacem
1648 431 1792 481 accepi,
1811 431 1901 471 imo

304 496 398 521 cum
425 483 621 533 pacificus
649 483 719 522 ille
749 483 944 531 Pacaeus,
972 483 1130 533 optimo
1156 483 1321 534 quidem
1350 483 1491 522 animo
1509 483 1579 522 sed
1601 485 1770 523 consilio
1791 487 1899 525 mihi

247 552 286 573 10
303 550 452 587 parum
468 537 589 586 felici,
607 551 799 577 reuersus
815 550 837 575 e
854 537 1058 587 legatione
1076 537 1322 576 Germanica
1337 540 1555 577 conaretur
1568 551 1644 577 nos
1659 538 1703 577 in
1718 540 1896 589 gratiam

303 592 498 641 redigere,
538 592 867 641 pertinacissime
901 591 1136 639 reclamaui,
1169 592 1396 631 testificans
1427 606 1519 631 eam
1553 606 1697 643 pacem
1729 594 1897 634 nullum

301 646 431 684 alium
457 646 640 684 fructum
669 647 828 684 adferre
852 646 934 684 nisi
961 659 1085 696 quem
1113 659 1187 695 ego
1216 647 1396 685 maxime
1425 647 1644 697 fugerem:
1676 661 1752 686 nec
1781 649 1895 687 enim

300 700 381 738 alia
406 714 448 738 re
470 701 604 750 magis
625 701 778 739 offendi
798 714 821 738 a
841 701 924 739 Leo
945 714 1069 751 quam
1090 714 1255 739 rumore
1275 701 1373 739 libri
1393 701 1615 740 aduersum
1642 715 1710 740 me
1736 702 1893 754 scripti,

302 768 425 804 quem
454 755 528 793 ille
557 768 651 793 cum
681 755 770 793 sine
799 755 883 793 fine
912 755 1090 802 iactaret,
1121 767 1339 805 nunquam
1368 757 1511 794 tamen
1544 755 1720 803 aederet‚
1752 757 1900 807 paucis

246 818 281 850 15
300 811 465 848 tantum
499 809 645 848 iuratis
677 809 1002 857 communicans,
1037 823 1117 859 quo
1146 809 1204 848 sic
1239 822 1305 847 me
1333 811 1494 848 vocaret
1523 809 1567 847 in
1602 810 1820 858 inuidiam,
1851 814 1898 850 vt

300 863 472 901 interim
494 877 568 902 nec
589 877 656 902 me
676 864 837 902 doceret
858 864 1078 914 quicquam
1101 877 1175 902 nec
1194 863 1282 913 ipse
1301 866 1437 913 posset
1458 864 1603 902 refelli.

356 917 439 956 Nec
471 917 551 958 alia
584 931 676 956 mea
707 918 788 956 fuit
826 917 954 956 oratio
985 918 1094 967 apud
1129 917 1270 968 ipsum
1301 918 1433 957 Leum
1467 932 1591 970 quam
1622 919 1756 957 suerat
1787 920 1896 970 apud

299 972 518 1011 Pacaeum.
576 971 654 1010 Sed
686 985 815 1023 quum
844 972 1115 1022 perspicerem
1143 972 1261 1011 vobis
1291 973 1481 1011 concordi
1515 973 1688 1012 consilio
1718 973 1775 1012 sic
1809 987 1900 1013 esse

300 1026 524 1076 decretum,
560 1026 690 1065 malui
723 1039 808 1065 non
841 1027 998 1065 seruire
1031 1026 1136 1064 meis
1169 1027 1398 1066 commodis
1428 1040 1553 1076 quam
1583 1040 1768 1077 pugnare
1801 1041 1896 1066 cum

244 1094 282 1115 20
300 1080 452 1119 animis
470 1081 633 1120 vestris.
692 1081 860 1119 Etenim
881 1094 1011 1130 quum
1030 1094 1142 1119 nunc
1162 1080 1259 1120 talis
1278 1081 1475 1130 prodierit
1495 1081 1608 1128 liber,
1630 1083 1677 1120 vt
1697 1081 1749 1120 iis
1769 1082 1896 1121 etiam

301 1135 436 1174 modis
457 1135 650 1173 omnibus
671 1135 900 1185 displiceat,
923 1135 995 1184 qui
1017 1136 1219 1174 hactenus
1245 1135 1309 1173 illi
1332 1135 1541 1184 fauebant,
1563 1138 1610 1174 vt
1638 1136 1717 1175 hoc
1742 1150 1899 1186 organo

300 1188 343 1227 in
366 1202 502 1228 meam
521 1189 746 1240 perniciem
767 1190 1059 1229 abuterentur:
1090 1203 1192 1239 quos
1211 1190 1331 1228 ludos
1354 1190 1476 1228 nobis
1496 1190 1753 1239 praebuisset
1782 1204 1901 1230 sacer

300 1243 370 1281 ille
391 1243 506 1292 liber,
529 1243 600 1294 qui
620 1257 692 1294 per
711 1257 860 1294 paucos
880 1244 1039 1283 iuratos
1058 1243 1211 1283 amicos
1239 1246 1279 1283 et
1303 1257 1462 1283 crassos
1480 1244 1717 1284 Abbatulos
1741 1244 1894 1284 circun-

300 1298 516 1346 ferebatur,
543 1311 617 1336 nec
646 1298 940 1337 ostendebatur
968 1298 1049 1337 nisi
1077 1298 1265 1347 initiatis,
1289 1312 1417 1348 quum
1448 1297 1516 1336 hic
1545 1298 1588 1336 in
1619 1312 1701 1349 quo
1729 1312 1815 1338 non
1843 1300 1896 1338 ab

242 1365 279 1396 25
300 1365 383 1390 vno
421 1352 589 1391 adiutus
626 1356 700 1398 est,
740 1355 802 1390 tot
843 1352 1013 1403 ineptiis
1051 1354 1237 1392 scateat?
1290 1354 1418 1392 Cuius
1454 1353 1513 1390 rei
1551 1353 1587 1391 si
1625 1353 1727 1392 libet
1763 1353 1899 1392 facere

299 1406 540 1456 periculum,
560 1408 701 1446 confer
715 1407 815 1445 haec
835 1420 938 1456 quae
959 1406 1112 1445 aedidit
1127 1407 1228 1454 orbi,
1249 1420 1345 1445 cum
1361 1407 1413 1446 iis
1433 1419 1536 1459 quae
1552 1408 1717 1457 scripsit
1733 1408 1898 1447 selectis

299 1461 454 1500 amicis.
515 1462 592 1500 Sed
615 1462 715 1500 haec
735 1475 822 1500 sera
840 1462 925 1500 iam
945 1463 1054 1500 sunt.

354 1514 570 1554 Caeterum
591 1517 697 1566 quod
719 1516 895 1554 hortaris
915 1518 961 1554 vt
980 1516 1246 1554 meminerim
1267 1515 1527 1555 Christianae
1547 1516 1782 1565 modestiae,
1798 1529 1899 1555 sane

299 1582 529 1608 memorem
549 1583 720 1609 mones:
747 1570 873 1608 etiam
894 1570 929 1608 si
949 1583 1035 1608 non
1057 1570 1201 1608 dubito
1229 1570 1391 1609 futuros
1415 1570 1487 1619 qui
1510 1570 1759 1609 modestiam
1785 1571 1898 1609 hanc

240 1638 281 1668 30
299 1623 365 1662 vel
385 1623 597 1673 ignauiam
617 1625 684 1663 vel
703 1625 971 1663 formidinem
990 1624 1058 1662 vel
1082 1624 1195 1663 aliud
1217 1624 1382 1673 quiduis
1402 1625 1740 1674 interpretentur.
1804 1624 1895 1664 Iam

299 1678 458 1716 dudum
478 1691 696 1728 aggressus
715 1692 808 1717 sum
829 1679 894 1717 illi
913 1679 1169 1728 respondere.
1227 1679 1342 1717 Exiit
1362 1679 1495 1728 operis
1520 1678 1659 1728 aliqua
1686 1692 1780 1729 pars
1796 1692 1805 1726 3
1836 1692 1892 1726 ea,

299 1732 343 1770 ni
364 1732 494 1782 fallor,
518 1733 679 1771 docebit
699 1746 766 1771 me
795 1733 926 1771 Leum
955 1733 1089 1782 magis
1111 1732 1278 1772 vincere
1303 1733 1586 1772 moderatione
1610 1733 1742 1771 animi
1770 1746 1894 1783 quam

298 1786 541 1825 eruditione.
599 1787 657 1825 Vt
678 1787 746 1825 hic
765 1787 949 1826 mundus
969 1787 1076 1826 mihi
1097 1787 1275 1836 gratiam
1305 1787 1464 1836 referat,
1488 1801 1561 1826 nec
1587 1788 1706 1825 anxie
1729 1788 1897 1837 postulo

299 1853 375 1879 nec
395 1841 619 1880 admodum
640 1843 817 1891 expecto.
878 1842 1033 1880 Verum
1054 1841 1235 1880 admiror
1254 1842 1513 1892 quorundam
1535 1841 1803 1890 dementiam,
1823 1843 1895 1892 qui

237 1905 278 1937 35
297 1895 546 1944 posthabitis
566 1896 685 1934 rebus
706 1896 900 1934 omnibus
921 1909 1052 1934 vnum
1072 1896 1177 1934 illud
1198 1896 1358 1934 deuotis
1376 1895 1529 1934 animis
1549 1898 1689 1946 agunt,
1706 1897 1754 1934 vt
1769 1909 1894 1946 quam

299 1949 524 1988 minimum
545 1951 706 1988 fructus
727 1964 747 1988 e
768 1951 873 1989 meis
884 1950 1041 2000 vigiliis
1055 1950 1105 1988 ad
1122 1950 1329 1989 studiosos
1344 1950 1570 2000 perueniat.
1629 1951 1769 2000 Atque
1781 1950 1896 1988 hunc

297 2004 407 2042 vitae
446 2017 542 2043 suae
581 2005 765 2043 fructum
800 2005 1006 2055 optimum
1046 2017 1134 2042 esse
1168 2005 1337 2052 ducunt,
1373 2004 1409 2042 si
1440 2004 1672 2043 commodis
1703 2004 1894 2043 omnium

296 2057 510 2097 obsistant.
558 2059 672 2097 Bene
685 2059 774 2097 vale
788 2073 883 2097 cum
897 2059 981 2098 tuis
997 2058 1202 2105 omnibus,
1218 2059 1282 2097 vir
1296 2058 1613 2097 immortalitate
1631 2058 1892 2109 dignissime.

349 2113 638 2163 Antuuerpiae
656 2114 858 2163 postridie
878 2113 961 2153 Gal.
984 2113 1124 2152 Maias.
1185 2114 1266 2151 An.
1290 2125 1449 2152 M.D.xx.

799 2300 921 2340 1098.
982 2298 1044 2340 To
1077 2299 1244 2340 HENRY
1276 2299 1404 2341 VIII.

343 2406 537 2453 Epistolae
555 2408 602 2443 ad
621 2408 786 2442 diuersos
806 2420 840 2452 p.
865 2416 926 2451 501
948 2406 1060 2451 (451),
1591 2404 1780 2450 Antwerp.

343 2466 433 2501 HN:
460 2466 576 2501 Lond.
597 2466 676 2500 xiii.
701 2475 741 2501 1:
771 2465 842 2499 LB.
867 2474 943 2510 531.
1542 2461 1586 2509 (3
1606 2461 1718 2508 May>
1744 2472 1844 2508 1520,

341 2562 393 2604 [It
411 2564 440 2593 is
457 2563 552 2594 clear
568 2563 647 2593 that
665 2564 703 2593 in
722 2563 784 2593 the
802 2562 893 2601 date,
913 2564 1060 2592 exaltatae
1084 2560 1141 2599 (14
1158 2558 1270 2599 Sept.)
1288 2560 1385 2589 must
1414 2558 1454 2589 be
1481 2558 1662 2589 corrected
1688 2559 1724 2589 to
1751 2560 1895 2589 inuentae

297 2607 332 2646 (3
351 2607 473 2647 May);
498 2606 553 2637 for
569 2606 643 2637 this
660 2606 769 2637 letter
792 2606 822 2636 is
845 2616 891 2636 no
915 2605 1025 2635 doubt
1051 2604 1089 2634 of
1111 2604 1172 2633 the
1199 2612 1296 2632 same
1321 2601 1430 2641 epoch
1458 2612 1494 2632 as
1523 2602 1610 2643 Epp.
1635 2612 1761 2641 1097,9.
1807 2600 1895 2632 This

297 2644 476 2682 inferent-e
501 2659 584 2690 may
601 2650 642 2681 ke
667 2649 913 2681 corroborated
938 2649 985 2688 by
1001 2648 1063 2678 the
1093 2647 1258 2677 estimato
1283 2645 1320 2676 of
1340 2646 1428 2675 time
1454 2646 1492 2675 iu
1515 2645 1552 2676 ll.
1573 2646 1668 2686 27-8‚
1689 2645 1785 2685 forty
1806 2644 1895 2684 days

811 2768 865 2797 37.
889 2758 1066 2798 optimum
1086 2758 1131 2787 F:
1154 2754 1316 2794 opimum
1334 2757 1373 2785 N.

342 2884 390 2906 10.
418 2873 594 2914 reuersus]
620 2873 672 2904 Cf.
692 2873 752 2913 Ep.
776 2883 868 2904 1001.
889 2882 970 2911 53n.
1121 2874 1248 2908 spondet
1270 2870 1339 2900 :ind
1360 2870 1420 2901 the
1444 2870 1521 2900 first
1541 2872 1729 2906 Responsio:
1752 2877 1807 2899 sce
1826 2867 1887 2907 Ep.

338 2928 391 2949 20.
418 2917 479 2958 iis]
495 2917 569 2948 The
586 2917 747 2947 Louvain
764 2917 997 2955 theologiam.
1126 2923 1204 2952 ¹037
1224 2914 1355 2944 inti-od.

339 2971 389 3000 23.
416 2959 630 3000 Abbatulos]
655 2962 718 2990 see
746 2960 832 3000 Epp.
868 2961 959 2990 1061.
992 2968 1062 2998 150,
1163 2958 1217 2995 38.
1242 2957 1314 2987 tuis
1326 2956 1508 2997 omnibus]
1528 2956 1595 2987 For
1608 2955 1729 2986 letters
1740 2954 1888 2984 written

298 3014 424 3044 15211n‚
446 3015 537 3044 1074.
556 3005 635 3035 6on.
1122 3003 1156 3031 to
1184 3001 1353 3031 Erasmus
1381 3001 1427 3038 by
1452 2998 1577 3030 More's
1607 2997 1764 3030 ‘school’
1785 2997 1891 3028 about

337 3059 387 3088 31.
415 3048 537 3088 aliqua
561 3046 656 3087 pars]
673 3046 746 3077 The
764 3048 915 3085 Apoloyia
931 3056 994 3083 qua
1016 3056 1060 3075 re·
1121 3044 1193 3074 this
1212 3044 1298 3074 time
1315 3053 1372 3075 see
1391 3044 1453 3082 Ep.
1475 3052 1567 3082 1233.
