1990 3353
83 122 204 178 1031]
1628 130 1681 168 95

528 252 652 293 1031.
713 251 776 292 To
809 252 1002 294 Tfloms
1033 252 1243 293 WoLSEY.

126 339 318 385 Epistolae
336 341 383 376 ad
400 341 568 377 diuersos
584 354 619 387 p.
642 343 720 386 508.
1379 343 1559 379 Louvain.

126 397 220 434 HN:
246 398 363 435 Lond.
381 398 461 435 xiii.
483 409 546 445 15:
574 399 649 435 LB.
667 409 749 443 472.
1291 413 1333 447 17
1352 401 1516 438 October
1538 412 1638 449 1519.

398 491 438 521 R.
462 491 505 521 D.
537 491 670 522 CARD.
703 490 987 521 EBOR-ACENSI
1019 491 1230 522 ERASMVS
1262 493 1296 523 S.
1319 494 1363 523 D.

136 573 255 622 Qvon
284 574 495 623 proximas
523 573 667 612 literas
696 586 810 611 meas
840 573 887 610 R.
910 572 955 611 T.
979 571 1028 610 D.
1061 585 1145 610 non
1181 571 1319 610 solum
1348 572 1449 611 boni
1476 572 1687 611 consuluit

81 640 227 666 verum
260 628 385 666 etiam
417 627 545 666 alacri
578 628 766 677 laetaque
797 626 936 665 fronte
970 626 1144 676 perlegit
1170 626 1285 675 (nam
1318 626 1361 665 id
1392 627 1499 665 mihi
1533 627 1688 677 Brugis

82 683 270 720 narrauit
298 682 676 721 reuerendissimus
706 682 754 720 D.
778 681 1011 721 Cardinalis
1040 681 1321 730 Campegius),
1349 682 1527 731 gratiam
1557 681 1688 720 habeo

81 737 335 775 maximam:
382 737 491 787 quod
539 737 728 775 nondum
775 735 998 785 respondit,
1039 735 1307 785 negociorum
1345 736 1472 775 vndis
1509 737 1685 786 imputo.

83 790 191 829 Mihi
209 793 349 830 tamen
369 791 544 830 maximi
563 791 750 829 muneris
775 790 911 828 instar
929 789 1088 828 fuerint
1117 789 1381 828 celsitudinis
1407 792 1502 829 tuae
1530 790 1685 838 literae,

83 846 119 884 si
152 858 399 895 promerear.
459 846 518 885 Vt
547 848 688 884 autem
721 857 864 883 rursus
898 843 1206 893 interpellarem
1238 844 1286 883 R.
1311 845 1356 883 T.
1382 844 1445 891 D„
1484 845 1527 883 in
1567 858 1689 883 causa

84 900 164 938 fuit
192 900 259 939 hic
278 900 492 939 Antonius
519 899 817 948 Grimbergius,
846 898 1067 937 clarissimi
1095 899 1457 949 cordatissimique
1478 899 1689 949 Principis

83 955 262 1003 Bergani
287 954 410 1003 filius,
435 954 507 1005 qui
533 955 577 992 in
604 954 760 1004 regiam
787 952 1079 992 Britannicam
1105 954 1366 1003 commigrat,
1391 953 1589 992 videlicet
1612 955 1689 992 hoc

83 1010 230 1059 agente
258 1011 373 1059 patre
402 1012 449 1047 vt
479 1009 633 1058 dignus
662 1008 811 1047 euadat
842 1021 917 1046 suo
951 1021 1110 1057 genere.
1171 1007 1248 1046 Est
1281 1010 1421 1046 autem
1450 1008 1690 1047 adolescens

85 1063 257 1113 ingenui
285 1064 457 1113 pudoris
486 1063 649 1113 plenus,
673 1076 748 1101 nec
777 1063 1010 1108 illiteratus
1036 1064 1077 1100 et
1106 1061 1324 1100 literarum
1353 1076 1399 1101 ac
1428 1062 1689 1102 literatorum

84 1118 423 1157 amantissimus:
454 1118 498 1155 in
528 1131 707 1165 summa,
728 1130 775 1155 ea
804 1116 944 1155 indole
970 1118 1016 1154 vt
1044 1129 1256 1155 summam
1285 1117 1336 1155 de
1362 1131 1405 1155 se
1435 1130 1550 1167 spem
1580 1131 1690 1167 prae-

84 1173 191 1220 beat,
214 1173 251 1211 si
277 1175 447 1211 naturae
472 1172 586 1211 felici
611 1186 686 1222 par
712 1171 925 1210 accesserit
951 1171 1174 1209 institutio.
1236 1171 1362 1209 Hunc
1388 1174 1504 1220 pater
1534 1172 1586 1210 ob
1614 1172 1691 1210 hoc

86 1227 213 1266 etiam
251 1226 437 1266 tenerius
472 1227 646 1271 deamat,
681 1226 790 1276 quod
824 1226 1014 1264 omnium
1054 1225 1280 1264 liberorum
1319 1226 1524 1265 minimus
1557 1226 1691 1265 veluti

87 1281 340 1332 posteritatis
374 1295 488 1320 sacra
518 1281 572 1320 sit
606 1294 766 1320 ancora.
828 1280 914 1319 Scit
948 1280 1013 1317 vir
1050 1279 1404 1329 prudentissimus
1438 1282 1692 1330 quantopere

89 1336 236 1374 referat
258 1335 370 1374 inter
399 1349 502 1385 quos
528 1338 641 1374 aetas
671 1349 718 1373 ea
747 1337 948 1382 versetur,
971 1334 1030 1372 sic
1056 1334 1103 1372 in
1130 1334 1244 1372 biuio
1267 1335 1475 1373 virtutum
1505 1348 1551 1374 ac
1574 1335 1692 1374 vitio—

87 1403 181 1429 rum
201 1390 448 1436 consistens,
468 1393 515 1428 vt
534 1390 620 1428 leui
639 1391 853 1428 momento
872 1390 954 1427 huc
974 1391 1046 1427 aut
1066 1388 1167 1427 illuc
1187 1389 1347 1438 impelli
1366 1390 1509 1439 possit.

141 1445 397 1483 Persuasum
436 1444 562 1483 habet
600 1458 684 1482 non
723 1443 847 1482 aliam
885 1443 1024 1482 aulam
1063 1456 1151 1481 esse
1188 1443 1545 1493 incorruptiorem,
1589 1458 1691 1493 quae

89 1503 251 1549 praeter
271 1499 427 1549 Regem
447 1499 572 1537 huius
592 1499 739 1537 aetatis
760 1498 880 1536 facile
906 1497 1230 1547 integerrimum
1256 1510 1303 1536 ac
1324 1497 1528 1547 Reginam
1555 1499 1694 1537 omnis

88 1553 308 1604 probitatis
333 1553 554 1603 exemplar,
578 1556 642 1591 tot
670 1552 819 1591 habeat
838 1552 951 1590 viros
980 1551 1167 1590 doctrina
1197 1552 1504 1600 praecellentes
1527 1566 1694 1591 morum

88 1608 327 1647 innocentia
346 1608 670 1654 commendatos,
693 1607 896 1656 grauitate
917 1606 1185 1654 venerandos,
1200 1607 1422 1656 prudentia
1442 1607 1695 1657 consilioque
1718 1622 1731 1642 2

91 1662 388 1713 suspiciendos.
447 1662 532 1700 Nec
561 1662 727 1712 ignorat
747 1661 899 1712 quibus
922 1660 1126 1699 illecebris
1155 1661 1273 1699 aulae
1300 1664 1466 1700 nostrae
1485 1662 1535 1700 ad
1562 1662 1695 1712 perni-

90 1718 195 1756 ciem
220 1716 403 1756 lubricae
430 1717 576 1756 aetatis
604 1716 692 1755 sint
721 1716 960 1755 instructae.
1019 1715 1204 1753 Proinde
1230 1716 1544 1755 cordatissimus
1571 1730 1696 1755 senex

90 1773 215 1811 istam
233 1772 371 1810 aulam
398 1785 472 1810 ceu
497 1771 684 1810 scholam
705 1770 872 1809 vnicam
893 1769 1057 1819 delegit,
1081 1783 1185 1820 quae
1213 1769 1408 1809 iuuenem
1441 1784 1526 1810 non
1553 1772 1697 1810 literas

92 1826 228 1865 solum
261 1839 409 1864 verum
442 1826 569 1864 etiam
606 1839 744 1864 mores
781 1825 891 1863 bono
929 1824 1115 1874 principe
1154 1824 1302 1874 dignos
1340 1825 1495 1864 doceat.
1555 1826 1698 1876 Neque

92 1881 206 1920 enim
240 1879 415 1919 dubium
444 1883 507 1919 est
536 1880 638 1931 quin
672 1880 840 1918 iuuenis
872 1879 940 1917 hic
970 1879 1135 1928 magnis
1169 1879 1292 1917 rebus
1324 1882 1459 1927 natus,
1492 1880 1543 1918 ad
1577 1880 1698 1930 longe
1744 1899 1756 1918 =

93 1935 250 1974 maiora
277 1935 333 1974 sit
361 1934 601 1973 euehendus
629 1935 666 1974 si
684 1934 846 1972 vixerit.
906 1933 1025 1972 Nihil
1052 1933 1253 1971 addubito
1278 1935 1381 1983 quin
1408 1934 1479 1973 ille
1505 1935 1559 1972 sit
1578 1935 1700 1974 vobis

94 2002 356 2028 summorum
393 1989 631 2040 principum
676 1988 810 2027 literis
855 1987 1077 2037 diligenter
1114 1988 1443 2037 commendatus,
1485 1992 1531 2027 vt
1577 1989 1699 2039 plane

93 2057 444 2094 superuacaneum
464 2043 520 2082 sit
539 2056 677 2082 meam
696 2043 884 2082 accedere
904 2042 1320 2080 commendationem.
1358 2043 1515 2081 Tamen
1536 2044 1699 2093 quando

93 2099 136 2137 id
164 2098 393 2137 verecunde
421 2098 674 2148 significauit
701 2098 840 2136 verius
869 2110 995 2147 quam
1030 2096 1162 2145 petiit,
1193 2096 1332 2135 visum
1366 2100 1428 2136 est
1461 2098 1700 2136 celsitudini

1714 1081 1752 1102 10

94 2155 191 2192 tuae
227 2152 372 2203 paucis
409 2152 525 2191 illius
561 2153 788 2202 imaginem
828 2151 1087 2189 adumbrare.
1150 2151 1395 2201 Quanquam
1439 2165 1536 2190 eum
1575 2165 1699 2191 nemo
1721 2170 1762 2200 30

95 2207 450 2247 commendauerit
467 2207 674 2246 efficacius
694 2219 821 2256 quam
835 2206 967 2256 ipsius
986 2218 1122 2243 mores
1141 2208 1183 2243 et
1202 2205 1421 2255 ingenium
1437 2219 1532 2244 cum
1552 2207 1700 2256 primis

96 2261 286 2310 amabile,
318 2261 370 2300 iis
404 2261 477 2312 qui
510 2261 758 2311 probitatem
793 2260 976 2310 diligunt
1015 2273 1107 2298 cum
1149 2260 1380 2298 eruditione
1418 2261 1695 2309 coniunctam,

98 2329 274 2366 quorum
294 2316 340 2355 T.
364 2317 412 2355 R.
436 2315 486 2355 D.
509 2316 611 2354 citra
631 2315 958 2354 controuersiam
979 2314 1156 2352 antistes
1176 2316 1238 2352 est
1257 2328 1304 2352 ac
1330 2315 1546 2365 princeps:
1576 2329 1699 2366 quam

97 2384 241 2420 precor
272 2373 320 2410 vt
352 2370 561 2421 propicius
594 2369 707 2409 Deus
744 2369 868 2408 rebus
901 2368 1101 2407 humanis
1131 2381 1255 2419 quam
1295 2369 1530 2408 diutissime
1564 2374 1701 2409 seruet

98 2424 363 2464 incolumem.
422 2424 600 2464 Louanii
618 2424 750 2474 pridie
770 2423 917 2462 Lucae.
978 2424 1105 2461 Anno
1125 2435 1305 2462 M.1›.X1x.

141 2521 205 2543 Trr.
222 2522 255 2543 n.
275 2522 309 2543 D.
327 2514 377 2543 F:
400 2521 546 2544 Tnouu:
562 2515 605 2544 H.
723 2523 750 2544 1.
779 2513 818 2543 R.
839 2513 877 2544 T.
898 2512 939 2543 D.
955 2515 1003 2542 F:
1027 2513 1088 2542 tua
1105 2511 1309 2541 sublimitas
1325 2513 1367 2543 H.
1485 2522 1514 2551 3.
1540 2522 1703 2543 reueren-

100 2555 271 2587 dissimus
288 2556 331 2588 D.
347 2565 404 2588 om.
422 2558 464 2588 H.
618 2558 650 2588 6.
677 2557 717 2588 R.
734 2557 772 2588 T.
793 2557 834 2588 D.
854 2559 903 2587 F:
928 2565 1006 2587 eam
1023 2557 1066 2593 H,
1087 2561 1158 2585 ante
1176 2564 1309 2585 rursus.
1469 2566 1521 2595 30.
1549 2565 1632 2586 eum
1650 2559 1681 2586 H
1696 2567 1703 2586 :

98 2600 199 2630 enim
213 2601 251 2631 F.
394 2609 445 2639 33.
471 2600 508 2632 T.
528 2599 567 2631 R.
586 2600 627 2632 D.
644 2603 693 2631 F:
717 2602 758 2631 tu
774 2602 815 2631 H.
931 2601 984 2630 est
1000 2601 1048 2629 F:
1073 2608 1110 2629 es
1125 2601 1167 2628 H.
1280 2608 1389 2638 quam
1408 2601 1456 2629 F:
1481 2609 1587 2639 quem
1605 2603 1646 2631 H.

364 2718 390 2740 1.
418 2709 558 2751 literas]
583 2710 645 2750 Ep.
675 2711 764 2750 9675
797 2710 838 2742 cf.
869 2710 957 2750 Epp.
990 2719 1085 2749 1025.
1113 2711 1175 2749 6n,
1196 2709 1288 2741 1028.
1317 2719 1369 2742 12.

341 2762 392 2783 22.
420 2752 547 2794 senex]
571 2753 623 2785 Cf.
641 2753 706 2794 Ep.
729 2763 820 2794 10²5·
846 2755 920 2785 16n.

1722 2436 1761 2466 35
