1990 3353
104 158 227 214 1088]
615 160 685 199 ΤΟ
722 157 970 199 JODOCUS
1006 158 1186 199 JONAS
1625 156 1704 194 233

328 290 495 321 EXIMIO
527 291 569 320 D.
598 290 765 320 IODOCO
796 288 940 319 IONAE
971 288 1100 319 ERAS.
1123 287 1469 320 ROTERODAMVS.

154 377 194 416 S.
226 377 386 416 Accm
411 378 643 427 postremas
671 375 814 414 literas
843 378 938 414 tuas
965 375 1287 414 amantissimas.
1348 374 1431 412 Leo
1452 385 1697 423 responsum

95 433 171 479 est,
211 433 258 470 vt
295 431 368 469 ille
406 444 491 469 non
528 430 677 468 habeat
714 429 884 479 posthac
922 430 1031 480 quod
1068 429 1212 477 hiscat,
1253 429 1337 467 nisi
1374 427 1478 466 velit
1515 427 1702 467 conuicia

97 498 343 534 congerere;
381 485 491 535 quod
522 485 567 523 in
599 486 798 534 promptu
825 485 890 522 est
923 485 964 522 et
995 483 1297 522 meretricibus.
1358 483 1479 521 Nune
1512 484 1702 532 superest

96 539 202 577 alter
229 542 356 587 actus,
387 541 434 579 vt
462 539 585 577 amici
613 538 798 576 scribant
826 538 968 576 literas
996 538 1200 577 censorias
1228 538 1273 576 in
1301 537 1445 585 Leum,
1475 536 1546 576 sed
1570 536 1630 575 ita
1654 538 1701 574 vt

96 593 269 632 laudent
295 596 336 632 et
363 593 505 632 doctos
529 596 569 631 et
592 592 799 642 principes
823 591 1005 642 Angliae
1031 592 1164 631 doctis
1186 593 1385 640 fauentes,
1410 592 1543 629 Leum
1567 604 1701 629 vnum
1721 607 1738 638 5

97 650 297 696 onerent3
336 650 378 687 et
407 647 521 686 hunc
551 647 683 696 magis
713 646 876 686 rideant
904 648 952 686 vt
983 646 1221 692 stultulum‚
1255 649 1302 685 vt
1337 645 1623 696 gloriosulum,
1654 646 1701 684 vt

97 702 340 750 fucatulum,
368 715 492 752 quam
522 704 568 740 vt
596 701 863 741 insectentur.
923 700 1128 751 Cuperem
1156 700 1299 750 colligi
1327 700 1480 738 multas
1507 698 1702 749 epistolas

96 755 213 804 tales,
237 769 317 806 quo
337 756 470 806 magis
496 755 702 795 obruatur.
762 754 1025 806 Colligantur
1047 768 1070 794 a
1096 755 1228 794 doctis
1253 758 1294 793 et
1318 755 1369 793 ad
1389 767 1456 792 me
1477 754 1703 792 mittantur

97 824 170 860 per
196 813 329 849 certos
353 810 568 857 homines3
606 810 696 860 ipse
725 822 1013 860 recognoscam
1039 811 1080 848 et
1108 809 1260 848 curabo
1289 809 1503 848 aedendas.
1564 807 1628 846 Sit
1656 807 1702 846 in

95 865 164 902 his
183 877 333 914 magna
354 867 543 904 varietas.
603 863 709 902 Dedi
729 863 962 902 Wilhelmo
983 863 1147 903 Neseno
1167 877 1247 915 quo
1266 876 1340 902 vos
1359 863 1563 901 instituat.

153 919 296 958 Nolim
324 919 430 957 scire
455 918 766 958 Praedicatores
795 918 960 968 qualem
989 919 1170 957 amicum
1196 917 1476 968 praestiterim
1505 916 1699 956 Luthero.

98 973 211 1012 Haec
237 973 465 1012 Academia
490 973 676 1022 concepit
705 972 1054 1011 immedicabilem
1081 973 1298 1011 insaniam.
1357 971 1489 1010 Periit
1517 970 1702 1017 Atensis‚

95 1028 168 1066 sed
208 1028 390 1066 odiosius
427 1030 557 1078 agunt
596 1027 905 1066 Edmondensis
943 1030 983 1066 et
1021 1026 1231 1072 Latomus,
1273 1027 1380 1065 alter
1416 1026 1567 1076 lippus,
1599 1025 1704 1063 alter

97 1082 280 1121 claudus.
341 1082 484 1121 Saluta
510 1081 666 1120 amicos
692 1094 846 1130 omnes
874 1084 916 1120 et
935 1082 969 1136 si
990 1082 1089 1131 quid
1110 1081 1313 1130 ama<n>t
1332 1081 1567 1129 Erasmum,
1591 1080 1703 1118 hunc

95 1136 229 1175 Leum
250 1139 428 1175 tractent
448 1138 495 1175 vt
515 1136 666 1186 dignus
686 1138 760 1174 est.
819 1136 933 1174 Bene
952 1137 1053 1175 vale.

152 1191 331 1230 Louanii
350 1191 549 1242 postridie
569 1190 764 1229 Paschae.
823 1193 950 1229 Anno
976 1202 1088 1238 1520.

1319 1244 1518 1283 Erasmus
1536 1246 1647 1283 tuus.

536 1417 659 1459 1089.
723 1416 857 1458 FROM
888 1416 1109 1458 RmHARD
1139 1415 1273 1456 PACE.

147 1528 344 1574 Epistolae
363 1529 592 1566 emditorum
611 1529 776 1566 virorum
795 1542 830 1575 p.
855 1539 930 1575 155.
1377 1525 1608 1562 Greenwich.

142 1587 272 1623 Jortin
288 1587 328 1623 ii.
351 1596 429 1633 377.
1352 1584 1461 1631 April
1484 1582 1639 1630 (1520).

143 1673 228 1715 [For
244 1674 306 1704 the
323 1684 445 1704 source
461 1682 518 1705 see
535 1684 567 1714 p.
587 1684 659 1704 210.
708 1674 782 1705 The
808 1672 980 1704 omission
1004 1672 1044 1702 of
1062 1671 1125 1702 the
1149 1671 1286 1711 precise
1311 1670 1539 1701 mouth-date
1562 1671 1601 1700 in
1627 1669 1703 1700 EEv

96 1717 252 1758 perhaps
269 1718 446 1748 indicates
462 1718 543 1748 that
559 1718 622 1749 the
638 1718 745 1748 letter
755 1727 827 1748 was
842 1715 988 1757 printed
1003 1715 1096 1746 from
1113 1715 1232 1746 Pace's
1249 1714 1486 1755 rough-draft‚
1505 1713 1707 1744 communi·

98 1761 200 1792 cated
217 1762 310 1792 from
327 1761 504 1801 England,
519 1761 643 1792 rather
654 1763 745 1792 than
761 1761 854 1792 from
870 1761 933 1792 the
949 1758 1068 1791 actual
1081 1759 1273 1790 document
1290 1759 1450 1789 received
1464 1759 1511 1798 by
1522 1758 1701 1788 Erasmus.

96 1805 169 1836 The
186 1805 371 1845 year-date
386 1806 418 1836 is
432 1805 691 1847 indubitable.]

627 1902 830 1933 PACAEVS
861 1901 1043 1932 ERASMO
1074 1899 1167 1931 SVO.

154 1977 377 2016 EPISTomo
409 1978 517 2017 mihi
554 1978 800 2028 significasti
830 1980 871 2017 te
904 1977 979 2016 Lei
1016 1976 1274 2027 respondisse
1311 1975 1539 2026 Apologiis.
1601 1976 1702 2025 Legi

97 2031 186 2082 ipse
205 2045 385 2081 versum,
408 2032 494 2071 imo
517 2033 674 2083 perlegi
694 2033 834 2082 ἀμυστὶ
851 2046 875 2072 a
895 2032 1025 2082 capite
1044 2032 1095 2070 ad
1117 2032 1282 2079 calcem,
1306 2031 1506 2080 pellectus
1532 2031 1703 2069 admira-

98 2087 214 2125 tione
241 2086 358 2125 illius
383 2100 462 2137 qua
480 2087 608 2126 vteris
627 2087 780 2138 vbique
808 2086 1060 2126 modestiae:
1095 2086 1205 2136 quod
1233 2098 1451 2134 nunquam
1481 2085 1526 2123 in
1556 2085 1630 2123 tali
1662 2097 1704 2122 re

99 2141 365 2180 credidissem
383 2142 425 2179 te
444 2143 651 2191 praestare
670 2141 866 2192 potuisse,
884 2141 967 2180 nisi
985 2140 1196 2180 vidissem.
1258 2140 1341 2178 Res
1356 2139 1529 2177 mirifice
1549 2138 1703 2177 arridet

1725 877 1764 900 10

97 2195 275 2234 eruditis
300 2196 480 2234 auribus.
541 2196 767 2244 Cauebunt,
790 2196 947 2246 opinor,
972 2194 1017 2233 in
1037 2197 1251 2245 posterum
1272 2194 1343 2232 alii
1365 2207 1416 2231 ne
1437 2196 1476 2231 te
1497 2194 1703 2243 impetant
1723 2211 1739 2241 5

97 2249 306 2297 conuitiis,
331 2250 403 2299 qui
425 2252 514 2288 tam
534 2251 719 2289 modeste
742 2253 782 2289 et
808 2252 948 2289 sancte
973 2249 1160 2288 mordere
1184 2248 1307 2287 nosti.
1366 2247 1482 2296 Quod
1503 2247 1703 2286 Germani

98 2303 292 2342 frendent
322 2305 367 2342 in
402 2304 547 2353 Leum,
580 2306 687 2343 sicut
725 2318 810 2343 non
843 2305 982 2353 miror,
1017 2305 1076 2342 ita
1113 2303 1382 2341 vehementer
1418 2302 1549 2341 doleo.
1607 2301 1703 2340 Non

98 2357 228 2396 miror
241 2358 409 2406 idcirco,
420 2359 530 2409 quod
544 2361 718 2397 conetur
730 2359 839 2398 Leus
851 2371 1023 2397 coronae
1037 2358 1341 2397 Germanorum
1353 2355 1702 2406 preciosissimam

98 2424 367 2462 conspurcare
384 2426 594 2462 gemmam
614 2428 623 2451 :
652 2413 771 2452 doleo
790 2413 898 2464 quod
918 2412 1137 2452 frendendi
1157 2424 1301 2450 ansam
1321 2411 1367 2449 in
1387 2413 1703 2450 conterraneum

98 2479 239 2504 meum
259 2469 300 2505 et
320 2467 501 2505 amicum
520 2467 633 2506 nacti
651 2467 748 2506 sint.

152 2519 256 2559 Vale
276 2533 326 2559 ex
345 2521 564 2560 Grennico.
623 2522 762 2572 April.

145 2606 239 2639 1088.
269 2616 319 2638 11.
345 2607 588 2647 praestiterim
605 2609 732 2645 Kraffl:
756 2607 1004 2647 praestiterint
1020 2609 1087 2637 MS.
1272 2615 1320 2644 14.
1349 2606 1473 2636 amant
1489 2608 1658 2636 Ηοναωίίε.

146 2707 242 2737 1088.
263 2718 292 2744 4.
319 2704 458 2746 literas]
476 2706 540 2736 See
555 2706 618 2745 Ep.
636 2706 717 2744 1083
734 2705 867 2737 introd.
936 2707 1162 2736 Annotaciones
1186 2704 1264 2744 (Ep.
1297 2704 1407 2745 1037).
1458 2704 1509 2736 Cf.
1538 2703 1612 2735 also
1636 2704 1700 2744 Ep.

144 2759 175 2788 5.
203 2748 368 2790 laudent]
394 2749 445 2781 Cf.
464 2749 525 2789 Ep.
552 2749 641 2788 1083.
659 2759 738 2788 33¹1·
939 2749 1033 2787 1085.
1057 2757 1171 2778 10—12.

148 2803 198 2824 10.
223 2791 376 2831 Neseno]
416 2792 479 2823 See
512 2793 574 2832 Ep.
613 2802 693 2831 1057
731 2792 863 2823 inti-od.
984 2802 1035 2822 11.
1060 2790 1318 2832 praestiterim]
1344 2801 1367 2822 e.
1381 2802 1410 2829 9.
1447 2791 1486 2821 in
1512 2791 1574 2831 Ep.
1602 2801 1699 2831 1033:

101 2836 155 2875 By
173 2847 215 2867 20
231 2837 335 2876 April
357 2836 402 2866 he
426 2836 496 2866 had
519 2836 689 2867 returned
707 2836 800 2877 (ΕΑΒ
823 2836 866 2866 1'0.
936 2835 1007 2866 and
1026 2845 1081 2865 see
1101 2835 1164 2874 Ep.
1184 2836 1267 2874 1038
1284 2835 1418 2865 introd.

102 2879 168 2911 13³:
194 2880 267 2911 Env
285 2890 316 2920 p.
334 2879 404 2920 53).
983 2888 1030 2917 14.
1059 2878 1223 2919 claudus]
1250 2879 1295 2908 111
1319 2889 1339 2909 a
1363 2878 1537 2917 marginal
1561 2879 1646 2909 note
1667 2881 1702 2908 to

189 2933 258 2963 quo
305 2934 365 2954 vos
414 2921 599 2963 instituat]
643 2922 799 2962 Perhaps
847 2932 866 2952 a
936 2921 1110 2953 Sbrulius'
1156 2925 1285 2952 Carmen
1328 2922 1408 2962 (Ep.
1446 2931 1537 2960 1159.
1571 2921 1635 2961 6n)
1667 2931 1705 2951 as

101 2975 191 3007 copy
209 2967 247 2998 of
268 2967 330 3006 Ep.
354 2975 436 3005 1053
461 2967 500 2996 in
524 2964 692 2997 Martens'
716 2966 866 3006 edition,
937 2965 1083 3005 printed
1106 2966 1144 2996 in
1170 2965 1233 2996 the
1257 2968 1372 3005 Flores,
1398 2966 1567 2996 Latonius
1591 2965 1622 2995 is
1646 2965 1703 2994 de-

102 3011 139 3040 to
171 3011 268 3041 show
300 3010 359 3041 his
391 3008 513 3040 Erfurt
543 3009 680 3040 friends
710 3009 791 3040 how
822 3009 867 3040 hc
936 3008 1074 3039 scribed
1106 3018 1143 3039 as
1176 3009 1371 3048 ‘loripes';
1407 3008 1449 3039 cf.
1482 3008 1556 3038 also
1587 3007 1699 3039 Lond.

101 3054 239 3085 wished
277 3055 339 3085 the
378 3063 455 3085 case
490 3054 604 3084 stated
622 3064 630 3092 ;
668 3053 739 3083 and
772 3053 868 3084 Lee's
936 3053 1016 3084 Viv.
1034 3053 1064 3092 6,
1085 3052 1152 3083 LB.
1172 3054 1236 3092 615
1254 3052 1291 3083 of
1308 3063 1346 3092 19
1361 3053 1442 3083 Jan.
1463 3061 1555 3091 1522.

1727 2483 1765 2504 10
