1990 3353
132 134 254 187 1124]
526 132 596 171 ΤΟ
635 132 864 172 OONRAD
904 132 974 171 OF
1012 133 1331 173 THUENGEN
1652 135 1732 174 307

182 244 401 283 Hactenus
430 255 530 280 sane
557 241 734 279 feliciter
762 240 960 279 successit
988 243 1221 290 prouentus
1247 241 1525 292 ingeniorum,
1548 243 1584 281 si
1606 245 1731 283 modo

122 297 234 336 absit
262 296 467 336 discordia
499 297 571 335 aut
600 297 710 334 certe
738 297 846 333 esset
877 294 1053 334 ciuilior.
1114 296 1160 334 Si
1194 299 1335 336 vetera
1368 297 1508 336 studia
1537 310 1634 337 cum
1663 299 1732 338 his

127 353 249 391 nouis
268 353 416 390 mutua
441 350 637 389 comitate
659 349 945 397 coalescerent,
969 352 1139 399 possent
1158 352 1334 401 vti-aque
1352 351 1494 390 alteris
1512 365 1602 391 esse
1621 353 1727 392 vsui.

126 406 249 446 Nunc
274 407 378 444 dum
396 404 562 454 vtrique
588 405 646 442 sic
670 407 802 454 agunt
820 406 867 442 vt
895 403 1093 444 alterutra
1120 405 1246 443 factio
1275 419 1446 455 prorsus
1473 407 1727 457 profligetur,
1753 424 1790 456 15

124 461 175 500 fit
195 463 243 500 vt
260 460 448 510 vtrisque
474 459 531 498 sit
554 458 676 498 male.
735 458 1009 497 coniuratum
1037 460 1101 497 est
1125 472 1149 497 a
1174 459 1462 499 stolidissimis
1490 461 1731 510 agminibus

125 516 170 553 in
191 514 420 566 perniciem
441 513 696 563 optimorum
715 512 963 551 studiorum.
1023 513 1129 552 Pars
1150 514 1329 553 deterior
1347 528 1523 554 numero
1543 517 1731 566 superior

120 572 199 618 est,
223 569 373 609 melior
391 581 511 607 causa
526 567 668 606 vincit.
710 567 766 606 Et
781 567 1016 617 periculum
1030 570 1093 606 est
1108 581 1163 606 ne
1178 568 1294 607 iuxta
1309 569 1535 609 Liuianum
1550 571 1728 610 verbum

124 637 219 674 pars
238 624 371 662 maior
390 624 555 673 superet
574 622 801 668 meliorem,
827 621 873 660 ni
893 623 966 660 tuo
985 621 1132 672 tuique
1151 622 1357 662 similium
1383 623 1524 662 fauore
1543 625 1729 664 subleue-

123 692 230 717 mur.
292 679 382 727 Ego
414 690 500 715 non
533 677 672 715 solum
704 676 872 726 publico
906 676 1143 715 studiorum
1172 677 1343 716 nomine
1371 679 1524 728 gratias
1552 692 1628 729 ago
1656 683 1728 719 tue
1751 696 1791 717 20

122 732 383 782 benignitati,
405 744 555 770 verum
579 731 709 769 etiam
734 744 828 769 meo
855 731 1064 780 priuatim,
1090 731 1163 781 qui
1188 732 1362 770 candore
1388 734 1568 782 quodam
1593 735 1728 774 amico

121 801 207 826 non
226 786 457 837 aspernaris
477 788 642 824 nostras
661 785 966 835 qualescunque
987 785 1168 824 naenias.

175 842 221 881 Si
240 841 340 891 quid
367 840 541 879 offendit
566 840 644 878 hoc
667 840 910 890 epistolium
936 852 1080 878 meum
1107 839 1331 890 plusquam
1357 843 1726 892 extemporarium,

120 896 300 935 Draconi
320 896 384 934 fac
404 896 583 944 imputes
600 909 609 942 3
639 908 720 944 quo
734 893 886 933 iuuene
900 896 947 932 vt
967 894 1076 933 nihil
1095 894 1228 934 adhuc
1248 895 1336 934 vidi
1355 896 1520 944 melius,
1539 897 1598 935 ita
1618 898 1726 936 nihil

118 951 208 989 vidi
235 949 499 1000 pertinacius.
559 949 861 987 Celsitudinem
880 951 998 987 tuam
1017 949 1276 988 incolumem
1297 963 1342 988 ac
1362 950 1585 989 florentem
1605 952 1725 990 nobis
1748 965 1787 997 25

115 1019 241 1056 quam
262 1005 499 1043 diutissime
517 1005 682 1042 tueatur
702 1004 893 1042 Christus
913 1004 1005 1052 Opt.
1030 1003 1138 1044 Max.

438 1218 560 1259 1125.
620 1216 683 1258 To
715 1217 854 1259 DUKE
886 1219 1074 1261 GEORGE
1106 1231 1161 1261 OF
1196 1219 1401 1261 SAXONY.

163 1334 356 1380 Epistolae
374 1336 421 1370 ad
441 1335 605 1372 diuersos
623 1349 658 1382 p.
681 1347 759 1383 509.
1449 1337 1626 1373 Louvain.

162 1393 256 1429 HN:
283 1394 401 1430 Lond.
421 1394 500 1430 xiii.
523 1405 586 1440 19:
614 1396 689 1431 LB.
711 1406 789 1441 517.
1395 1407 1435 1440 31
1458 1396 1548 1441 July
1571 1407 1671 1442 1520.

156 1500 460 1542 [Contemporary
482 1501 574 1532 with
607 1502 671 1541 Ep.
699 1511 793 1533 1122.
855 1501 923 1532 For
954 1502 1133 1532 Erasmus’
1159 1502 1464 1542 correspondence
1494 1504 1586 1534 with
1619 1504 1722 1535 Duke

112 1544 247 1584 George
271 1555 327 1576 see
344 1554 364 1575 a
381 1545 613 1576 dissertation
633 1545 680 1585 by
696 1546 734 1577 O.
752 1545 952 1584 Lehmann,
970 1548 1092 1583 Her-209
1111 1548 1205 1583 Geory
1222 1556 1276 1576 ron
1299 1549 1434 1577 Saclcsen
1450 1549 1496 1577 im
1512 1548 1723 1585 Briefwcchsel

112 1591 169 1619 mit
184 1591 340 1620 Erasmus
354 1599 414 1620 von
428 1591 609 1620 Rotterdam
625 1592 693 1620 und
709 1592 777 1620 dem
793 1591 985 1626 Erebischofe
1000 1591 1131 1629 Sactolet,
1152 1589 1182 1619 N
1187 1590 1329 1620 eustadt
1347 1590 1357 1620 i
1360 1590 1416 1631 JS,
1439 1591 1552 1634 1889]

319 1702 596 1733 ILLVSTRISS.
619 1703 852 1733 SAXONIAE
890 1703 999 1734 DVCI
1031 1703 1227 1735 GEORGIO
1260 1704 1388 1734 ERAS.
1412 1705 1446 1736 S.
1470 1706 1510 1736 D.

166 1802 482 1841 ILLvs'rmssmss
507 1802 614 1850 Dux,
643 1802 808 1841 Alberti
838 1803 967 1852 patris
993 1804 1088 1840 tuae
1117 1801 1379 1840 celsitudinis
1405 1802 1574 1841 laudem
1601 1803 1647 1841 in
1674 1817 1718 1842 re

109 1857 259 1896 bellica
303 1870 387 1895 non
431 1834 647 1906 vulga1e'1n
692 1857 792 1896 olim
837 1857 947 1919 apud
986 1857 1170 1894 Batauos
1206 1855 1442 1895 etiamnum
1481 1857 1718 1896 adolescens

109 1912 270 1960 accepi3
310 1924 454 1949 verum
489 1912 708 1950 vniuersas
737 1911 900 1960 ingenii
933 1924 1181 1960 morumque
1221 1912 1390 1949 tuorum
1424 1911 1552 1957 dotes,
1584 1912 1716 1950 animi

108 1966 401 2005 celsitudinem
422 1979 519 2004 vero
544 1965 717 2015 dignam
737 1966 946 2015 Principe,
971 1978 1107 2003 issaiam
1134 1965 1416 2014 prudentiam,
1436 1966 1714 2013 sobrietatem,

108 2020 450 2066 moderationem,
467 2020 623 2059 mentis
645 2021 931 2059 incredibilem
953 2020 1054 2064 vim,
1072 2019 1275 2058 iudicium
1296 2021 1518 2069 perspicax,
1534 2021 1717 2059 breuiter
1737 2033 1752 2065 5

108 2075 332 2113 amabilem
351 2075 560 2124 quandam
580 2075 770 2113 omnium
792 2075 1000 2113 virtutum
1028 2074 1303 2119 harmoniam,
1326 2074 1384 2113 sic
1413 2075 1522 2113 mihi
1551 2075 1714 2125 pridem

106 2130 217 2179 apud
249 2129 415 2178 Anglos
448 2129 639 2178 depinxit
667 2130 733 2167 vir
766 2129 951 2179 optimus
980 2142 1026 2167 ac
1056 2128 1402 2177 modestissimus,
1434 2129 1715 2169 Cancellarius

107 2187 205 2222 tuae
224 2183 498 2231 celsitudinis,
520 2186 580 2235 vt¹
588 2184 781 2233 protinus
800 2184 846 2222 in
866 2196 1052 2222 amorem
1072 2183 1136 2221 tui
1157 2183 1240 2220 sim
1261 2182 1556 2222 infiammatus.
1618 2184 1713 2222 Non

107 2238 282 2288 potuisti
313 2239 475 2287 paterni
505 2238 691 2276 nominis
720 2238 895 2287 gloriam
925 2238 1057 2286 magis
1085 2237 1297 2275 illustrare
1326 2250 1451 2286 quam
1480 2239 1713 2288 superando

105 2292 303 2343 quicquid
332 2292 404 2330 ille
432 2292 690 2342 praeclarum
716 2293 864 2331 habuit
889 2295 930 2330 et
950 2291 1164 2330 eximium.
1227 2291 1369 2341 Neque
1388 2305 1484 2331 vero
1505 2293 1711 2332 mediocre
1735 2307 1774 2329 10

107 2348 229 2385 decus
248 2346 446 2395 adiunget
465 2347 550 2385 tuis
570 2347 763 2385 laudibus
784 2347 891 2396 apud
914 2349 1108 2395 posteros,
1133 2346 1240 2396 quod
1268 2359 1379 2384 nunc
1399 2359 1494 2385 cum
1515 2347 1711 2386 illustris-

104 2401 214 2440 simo
233 2401 336 2439 duce
355 2401 562 2439 Friderico
589 2403 798 2439 certamen
825 2401 946 2451 longe
974 2399 1304 2450 pulcherrimum
1333 2401 1572 2451 susceperis,
1594 2402 1712 2441 cuius

105 2455 300 2504 auspiciis
326 2455 502 2494 feliciter
527 2455 790 2494 efflorescunt
817 2456 925 2505 apud
954 2456 1185 2494 Germanos
1212 2454 1465 2504 optimarum
1493 2456 1710 2495 literarum

105 2509 254 2548 studia.
314 2509 446 2557 Quam
477 2510 620 2559 paucis
648 2510 720 2548 ille
749 2511 871 2548 annis
899 2523 949 2547 ex
983 2523 1107 2559 quam
1139 2509 1289 2558 frigida
1322 2510 1548 2548 Academia
1583 2524 1709 2560 quam

103 2563 307 2602 celebrem
329 2564 533 2603 reddidit!
580 2566 671 2603 Aut
691 2578 765 2614 ego
785 2564 908 2613 plane
927 2564 1058 2609 fallor,
1082 2566 1153 2601 aut
1173 2563 1272 2601 haec
1295 2564 1372 2602 erit
1393 2565 1502 2614 apud
1522 2568 1709 2614 posteros
1732 2582 1768 2614 15

103 2619 215 2656 inter
235 2617 348 2656 illius
372 2618 514 2657 laudes
541 2632 624 2656 non
653 2619 829 2657 minima
856 2618 1003 2667 portio,
1027 2618 1133 2667 quod
1161 2618 1403 2667 linguarum
1429 2632 1475 2657 ac
1501 2619 1707 2668 politioris

103 2673 343 2711 literaturae
362 2673 578 2720 praesidiis
600 2687 686 2711 rem
709 2673 991 2711 Christianam
1012 2686 1107 2710 cum
1130 2672 1287 2710 ornarit
1308 2674 1400 2711 tum
1420 2673 1585 2712 iuuerit.

157 2728 299 2775 Atque
319 2726 361 2763 in
382 2726 460 2764 hoc
479 2726 633 2775 gloriae
655 2727 788 2766 stadio
808 2740 892 2765 non
915 2727 1144 2765 committis
1164 2729 1211 2764 vt
1236 2727 1421 2776 patruele
1439 2727 1617 2766 videaris
1646 2728 1706 2766 in-

100 2780 238 2819 ferior.
299 2779 399 2818 Tuis
419 2780 622 2819 nimirum
642 2781 840 2831 auspiciis
859 2784 1014 2831 tuaque
1034 2780 1322 2819 munificentia
1343 2781 1583 2831 Lypsiensis
1602 2784 1705 2821 Aca-

188 2898 283 2929 1124.
304 2906 351 2936 13.
376 2899 469 2928 esset
485 2900 554 2931 MS.
574 2910 580 2929 z
606 2899 652 2929 sit
669 2902 710 2930 H.
910 2901 1005 2930 1125.
1028 2910 1054 2930 1.
1083 2902 1162 2930 tuae
1180 2900 1409 2932 celsitudinis
1424 2904 1472 2932 F:
1498 2901 1553 2932 tui
1570 2904 1613 2933 H.

208 3005 306 3036 1124.
323 3005 372 3036 18.
395 3005 605 3048 Liuianum]
622 3016 673 3039 21.
695 3019 724 3046 4.
746 3017 772 3039 1.
979 3009 1072 3040 1125.
1090 3019 1140 3048 14.
1165 3010 1377 3052 Academia]
1397 3011 1632 3052 wittenberg.

868 3081 939 3106 ΧΩ
