1990 3353
295 157 375 195 236
761 156 1016 196 LETTERS
1054 156 1123 195 OF
1161 156 1426 196 ERASMUS
1768 155 1893 209 [1520

296 267 459 306 cauebis
488 280 541 306 ne
571 266 670 316 quid
701 278 894 304 reuersus
923 265 1132 304 offendam
1159 279 1240 315 quo
1266 265 1424 305 reditus
1449 279 1567 305 meus
1593 266 1735 304 minus
1759 266 1892 305 laetus

235 338 276 361 10
294 334 382 360 esse
421 321 621 360 videatur.
681 320 802 359 Nosti
839 319 943 358 illud
982 319 1289 368 Terentianum,
1322 320 1414 358 ‘Ita
1451 323 1497 359 vt
1536 321 1596 369 fit,
1633 320 1793 358 domini
1821 321 1892 359 vbi

291 376 443 414 absunt
457 376 488 414 ²:
520 375 621 414 item
646 374 763 423 illud,
790 374 920 412 ‘Malo
941 376 1104 412 coactus
1124 375 1195 424 qui
1214 387 1337 413 suum
1358 374 1539 413 officium
1558 374 1666 422 facit,
1690 375 1893 424 tantisper

293 432 413 468 cauet
443 430 543 468 dum
573 430 615 468 id
649 428 845 468 rescitum
876 428 929 466 iri
962 429 1116 467 credit:
1157 428 1192 467 si
1223 430 1362 479 sperat
1396 429 1481 467 fore
1513 429 1632 476 clam,
1667 441 1810 467 rursus
1841 429 1890 467 ad

292 484 511 534 ingenium
526 483 633 522 redit
648 483 669 522 ³.
730 482 845 521 Illud
866 484 906 520 te
925 482 1092 532 dignius
1110 485 1194 522 est:
1228 485 1236 502 ‘
1253 483 1296 521 Is
1316 496 1439 533 quem
1457 483 1658 521 beneficio
1679 483 1890 532 adiungas,

294 551 344 577 ex
366 539 509 577 animo
533 551 657 576 suum
683 536 865 575 officium
885 536 992 583 facit,
1013 550 1208 586 praesens
1237 537 1465 587 absensque
1485 537 1595 575 idem
1615 536 1694 575 erit
1707 537 1728 576 '.
1788 537 1892 576 Mihi

236 610 273 642 15
294 605 456 641 semper
481 592 636 642 placuit
659 592 759 630 haec
779 590 968 630 Mitionis
995 591 1100 630 ratio
1120 607 1129 640 ;
1159 593 1253 630 tuae
1279 594 1417 642 partes
1440 594 1564 630 erunt
1590 591 1723 630 adniti
1747 604 1799 629 ne
1827 605 1893 630 me

290 647 418 685 huius
437 646 566 685 animi
585 647 808 696 poeniteat.

347 701 441 739 Non
459 701 581 739 aliter
604 713 730 750 quam
750 701 911 750 pestem
932 700 1066 750 fugito
1090 701 1350 750 quorundam
1372 700 1588 747 consortia,
1612 700 1655 738 in
1677 712 1779 750 quos
1798 713 1894 738 vere

292 755 491 804 competit
503 755 605 793 illud
625 754 855 803 Menandri,
875 754 1097 803 Φθείρουσιν
1116 756 1186 805 ἤθη
1206 755 1342 806 χρήσθ’
1358 756 1500 804 ὁμιλίαι
1521 756 1638 792 κακαί.
1695 756 1735 793 Α
1752 754 1892 794 Carini

291 809 420 848 latere
440 809 620 860 digitum
641 809 775 847 latum
795 822 847 846 ne
867 808 1079 847 discedito.
1137 810 1182 848 Is
1207 810 1329 848 annis
1355 809 1522 859 quidem
1549 809 1660 848 haud
1680 808 1740 849 ita
1760 808 1895 847 multo

236 877 275 898 20
291 864 424 902 maior
452 866 516 903 est
543 866 598 911 te,
618 864 688 902 sed
718 877 765 902 ea
794 876 960 901 morum
989 863 1238 913 integritate,
1266 866 1384 903 tanta
1411 863 1483 902 siti
1508 864 1734 912 literarum,
1756 866 1805 904 vt
1823 864 1894 901 vix

291 918 464 957 alterius
477 918 670 957 conuictu
684 930 808 968 queas
826 917 999 956 euadere
1018 918 1086 956 vel
1106 918 1256 956 melior
1269 919 1335 957 vel
1354 918 1561 956 eruditior.
1604 918 1762 958 Natura
1781 917 1895 956 dedit

291 972 511 1023 ingenium
537 972 661 1021 felix;
691 985 771 1022 quo
798 972 970 1010 nomine
992 974 1038 1010 vt
1066 972 1143 1010 tibi
1169 972 1367 1022 gratulari
1392 985 1622 1022 possumus,
1648 972 1708 1011 ita
1732 971 1893 1011 laudari

292 1040 376 1065 non
415 1027 550 1074 debes,
590 1027 635 1065 ni
673 1029 845 1065 naturae
882 1025 1113 1065 bonitatem
1147 1027 1274 1065 veluti
1312 1027 1448 1066 solum
1486 1027 1585 1064 felix
1623 1028 1694 1065 tua
1732 1027 1893 1065 excolas

291 1081 510 1129 industria,
534 1081 708 1119 dedecus
732 1082 881 1130 ingens
906 1083 1201 1130 reportaturus,
1226 1081 1263 1120 si
1290 1083 1380 1120 tute
1400 1081 1479 1119 tibi
1505 1081 1682 1120 defuisse
1702 1081 1891 1121 videaris.

235 1143 273 1174 25
295 1135 438 1185 Neque
457 1138 498 1174 te
519 1136 625 1174 clam
641 1138 702 1174 est
718 1135 818 1185 quid
838 1133 911 1173 abs
931 1137 973 1173 te
989 1138 1204 1185 expectent
1221 1138 1410 1185 parentes
1430 1135 1588 1185 optimi,
1607 1149 1741 1185 neque
1760 1135 1894 1174 nescis

294 1190 393 1240 quid
433 1190 582 1228 debeas
615 1191 751 1228 Marco
785 1189 978 1237 Lam-ino,
1016 1190 1086 1241 qui
1119 1193 1160 1229 te
1194 1191 1299 1228 mihi
1338 1203 1504 1240 prorsus
1537 1190 1686 1228 affectu
1721 1192 1894 1240 paterno

294 1244 613 1283 commendauit.
673 1244 731 1283 Vt
756 1257 808 1282 ne
837 1256 1160 1283 commemorem
1186 1244 1357 1283 interim
1381 1244 1479 1294 quid
1506 1244 1613 1282 mihi
1638 1244 1796 1291 debeas,
1823 1243 1894 1293 qui

294 1301 334 1337 te
355 1312 519 1348 semper
538 1299 759 1337 habuerim
779 1312 864 1338 non
880 1299 1029 1338 famuli
1048 1299 1119 1337 sed
1142 1299 1221 1337 filii
1240 1299 1339 1347 loco,
1365 1301 1473 1337 certe
1493 1300 1617 1348 auget
1636 1298 1712 1337 1100
1733 1311 1894 1349 quoque

293 1353 622 1403 expectationem
647 1354 889 1402 multorum,
913 1354 1019 1404 quod
1047 1367 1141 1392 cuin
1166 1354 1339 1392 Erasmo
1368 1352 1630 1392 familiariter
1648 1352 1891 1391 conuixeris.

236 1418 277 1449 30
295 1407 378 1446 His
398 1407 592 1446 omnibus
614 1421 697 1446 non
713 1409 830 1457 potes
850 1408 932 1448 nisi
951 1421 1118 1447 summo
1134 1408 1271 1446 studio
1292 1408 1562 1458 respondere3
1592 1410 1634 1446 et
1654 1420 1766 1445 nunc
1781 1408 1894 1445 aetas

294 1463 359 1500 est
388 1465 433 1500 vt
462 1462 645 1500 maxime
680 1461 839 1509 docilis,
867 1464 926 1501 ita
954 1463 1144 1501 laborum
1174 1463 1347 1512 patiens.
1404 1462 1526 1500 Alios
1556 1474 1580 1499 a
1608 1461 1757 1500 studiis
1785 1465 1895 1500 arcet

295 1529 576 1565 nummorum,
619 1516 824 1555 librorum
862 1520 934 1556 aut
971 1519 1281 1567 praeceptorum
1324 1516 1488 1566 inopia:
1535 1516 1614 1554 tibi
1651 1529 1747 1554 cum
1785 1515 1895 1553 nihil

294 1570 445 1609 horum
470 1584 553 1609 non
581 1574 774 1621 suppetat
799 1585 848 1610 ex
878 1573 1107 1610 amicorum
1134 1571 1405 1621 benignitate,
1436 1571 1518 1608 nisi
1545 1570 1672 1608 talem
1698 1571 1739 1608 te
1765 1569 1896 1608 reddi-

294 1625 403 1663 deris
435 1625 599 1675 qualem
629 1628 801 1676 oportet,
834 1628 920 1665 n61‘1
952 1626 1030 1664 erit
1060 1626 1168 1676 quod
1199 1628 1423 1675 praetexas,
1456 1624 1575 1675 culpa
1605 1625 1743 1663 omnis
1777 1624 1822 1662 in
1857 1626 1897 1662 te

235 1691 275 1723 35
294 1692 426 1718 vnum
455 1679 619 1718 recidet.
1536 1692 1539 1694 ’

350 1734 466 1772 Haec
502 1736 589 1772 tam
628 1734 763 1773 multa
800 1748 894 1773 cum
928 1736 1040 1783 satis,
1076 1735 1233 1785 opinor,
1256 1733 1519 1772 inflamment
1550 1736 1590 1771 te
1624 1733 1675 1771 ad
1707 1732 1895 1771 studium

297 1788 484 1837 egregiae
503 1788 723 1838 probitatis
743 1791 867 1839 atque
882 1789 1137 1837 eruditionis,
1154 1792 1297 1827 tamen
1313 1790 1391 1827 hoc
1412 1801 1576 1838 quoque
1596 1788 1729 1826 calcar
1748 1787 1895 1825 addere

297 1842 420 1880 debet
442 1843 585 1881 animo
612 1856 695 1881 non
723 1843 928 1893 degeneri,
954 1844 1063 1894 quod
1091 1843 1266 1881 Louanii
1285 1844 1402 1881 vides
1421 1845 1483 1881 tot
1503 1855 1660 1892 pueros,
1683 1843 1745 1880 tot
1765 1841 1895 1879 adole-

296 1899 459 1935 scentes
478 1910 565 1935 non
582 1898 724 1936 minus
744 1898 919 1936 feliciter
939 1911 1063 1947 quam
1079 1899 1272 1936 ardenter
1291 1898 1446 1936 ambire
1468 1896 1635 1934 laudem
1656 1896 1895 1934 literaturae

236 1965 278 1996 40
296 1950 507 2001 bilinguis.
566 1951 781 1990 Postremo
807 1966 880 2003 par
901 1955 964 1990 est
982 1956 1029 1991 vt
1052 1952 1188 2002 gentis
1211 1954 1406 2001 paternae
1435 1952 1708 2000 cognomento
1729 1963 1894 1999 respon·

297 2005 402 2053 deas,
426 2019 489 2053 ne,
513 2007 621 2056 quod
647 2006 876 2055 abominor,
901 2006 1081 2045 existant
1105 2007 1328 2056 aliquando
1347 2006 1417 2056 qui
1435 2007 1633 2057 πάγκαλον
1658 2018 1732 2054 per
1757 2004 1894 2042 iocum

295 2061 460 2098 vertant
479 2061 522 2098 in
543 2061 736 2112 πάγκακον
753 2076 762 2109 ;
792 2061 917 2099 vnius
936 2061 1132 2099 elementi
1152 2061 1447 2111 deprauatione
1466 2073 1516 2098 ex
1537 2059 1761 2098 omnibono
1782 2058 1894 2107 (nam

295 2113 338 2151 id
363 2116 481 2152 sonat
505 2116 656 2164 gentile
681 2118 923 2165 cognomen)
953 2116 1230 2154 omnimalum
1256 2115 1462 2154 facientes.
1523 2114 1633 2162 Quin
1661 2113 1740 2151 huc
1759 2112 1896 2162 potius

296 2168 491 2207 manibus
519 2169 776 2220 pedibusque
805 2169 1116 2215 connitendum,
1140 2173 1188 2208 vt
1216 2169 1292 2207 hoc
1321 2169 1578 2219 cognominis
1607 2181 1691 2205 non
1722 2166 1894 2205 fortuito

236 2237 276 2268 45
296 2223 368 2260 sed
402 2223 593 2261 numinis
623 2223 799 2262 alicuius
830 2224 1002 2262 consilio
1034 2224 1112 2262 tibi
1146 2224 1365 2274 contigisse
1395 2223 1597 2262 videatur.
1658 2221 1771 2259 Haec
1809 2224 1894 2259 tam

299 2275 521 2326 diligenter
553 2278 766 2326 admoneo,
803 2291 887 2317 non
919 2279 1027 2328 quod
1066 2279 1248 2318 diffidam
1283 2278 1451 2327 ingenio
1484 2279 1569 2323 tuo,
1600 2275 1670 2314 sed
1704 2275 1812 2325 quod
1845 2274 1896 2312 iis

297 2330 448 2380 quibus
484 2332 757 2371 vehementer
794 2346 843 2370 ex
886 2333 1027 2371 animo
1064 2333 1168 2371 bene
1206 2332 1411 2379 volumus,
1455 2331 1582 2369 etiam
1620 2332 1709 2369 tuta
1747 2329 1896 2367 timere

297 2384 516 2424 soleamus

352 2438 396 2477 Si
417 2440 516 2489 quid
537 2440 660 2478 isthic
679 2441 853 2479 allatum
873 2444 936 2479 est
954 2441 1168 2479 literarum
1191 2453 1291 2490 quas
1311 2440 1521 2489 intelligas
1540 2452 1625 2477 non
1646 2451 1734 2476 esse
1753 2438 1896 2486 magni

238 2508 279 2539 50
297 2494 511 2542 momenti,
536 2508 603 2533 eas
628 2497 789 2533 seruato
812 2495 858 2533 in
884 2495 1062 2534 reditum
1088 2508 1241 2534 meum.
1303 2494 1376 2532 Sin
1402 2494 1500 2543 quid
1525 2493 1605 2531 erit
1631 2492 1741 2543 quod
1760 2504 1895 2542 proro-

298 2547 387 2596 gari
420 2561 503 2586 non
533 2549 731 2598 expediat,
762 2562 838 2588 nec
868 2550 1084 2599 continget
1114 2563 1187 2599 per
1215 2562 1339 2599 quem
1367 2550 1477 2586 certo
1510 2548 1664 2594 mittas,
1696 2546 1783 2596 ipse
1815 2545 1894 2584 huc

297 2601 502 2640 aduolatO.
561 2603 675 2641 Bene
694 2603 797 2643 vale.
858 2604 1143 2653 Antuuerpiae
1165 2604 1226 2642 Id.
1249 2603 1381 2653 April.
1405 2604 1528 2640 ANNo
1548 2614 1708 2640 M.D.xx.

472 2725 523 2754 28.
549 2724 613 2755 1100
631 2736 688 2757 om.
710 2729 751 2756 N.
883 2737 937 2766 49.
964 2725 1140 2765 intelligis
1154 2727 1197 2756 Η.
1339 2734 1391 2763 52.
1420 2725 1499 2755 idus
1514 2724 1658 2764 Apriles
1674 2726 1715 2755 H.

348 2843 395 2864 10.
422 2833 698 2873 Terentianum]
722 2836 807 2864 Eun.
825 2835 901 2866 600.
1174 2843 1224 2871 13.
1250 2833 1287 2863 Is
1301 2831 1424 2872 quem]
1451 2831 1500 2862 Cf.
1517 2832 1595 2862 Ter.
1616 2833 1679 2862 Ad.
1699 2839 1783 2869 72,3.

346 2887 393 2907 11.
423 2876 533 2916 Malo]
558 2877 608 2908 Cf.
629 2878 702 2907 Ter.
724 2880 789 2909 Ad.
807 2879 926 2918 69-71.
1174 2879 1222 2908 18.
1249 2874 1454 2915 Menandri]
1479 2886 1528 2912 ap.
1553 2885 1565 2904 1
1587 2874 1662 2905 Cor.
1685 2883 1732 2912 15.
1751 2882 1802 2912 33.
