1990 3353
80 141 201 196 1061]
579 142 732 182 FROM
769 143 1026 182 EDWARD
1064 143 1173 182 LEE
1601 147 1679 187 175

78 267 259 301 currum,
286 253 391 292 meis
414 253 651 292 videntibus
680 255 721 291 et
749 253 792 290 id
822 253 928 291 mihi
956 254 1097 302 postea
1125 253 1413 300 referentibus,
1445 268 1575 303 quum
1604 269 1679 305 ego

76 308 161 347 alio
179 310 271 347 tum
292 308 480 346 intentus
496 320 639 345 essem.
688 307 781 345 Hoc
800 307 876 345 scit
891 307 1137 346 monoculus
1152 307 1223 345 ille
1236 310 1335 345 tuus
1348 309 1509 353 Petrus,
1525 309 1678 357 gloriae

78 366 175 401 tuae
201 375 332 412 preco,
365 361 439 411 qui
465 364 507 399 te
536 363 636 399 tunc
665 361 888 400 comitatus
917 363 991 400 est.
1053 361 1144 412 Ego
1173 364 1333 400 mutata
1357 363 1564 401 sententia
1588 363 1678 401 sub·
1699 374 1763 404 600

77 416 179 456 duxi
208 418 308 454 me‘?
364 416 457 454 Imo
485 416 754 454 vehementer
782 415 889 453 mihi
917 415 1052 454 doluit
1082 415 1190 466 quod
1222 429 1265 454 re
1298 416 1451 454 infecta
1484 417 1680 455 redissem

77 471 263 510 domum.
323 469 430 508 Nam
450 483 595 507 rumor
614 469 697 508 iam
714 483 880 519 sparsus
897 471 984 508 erat
1000 471 1108 519 quod
1126 470 1375 508 aeditionem
1392 471 1488 509 libri
1500 471 1678 520 molirer,

78 526 139 564 ita
157 527 203 563 vt
224 525 394 574 puderet
417 524 616 573 repulsae.
678 523 794 571 Quod
822 523 858 562 si
884 523 992 562 Mori
1014 524 1156 562 literae
1182 524 1267 562 iam
1291 538 1399 563 noua
1429 525 1680 575 cogitantem

79 593 164 618 non
188 593 254 617 me
280 579 610 628 praeuertissent‚
642 591 726 616 non
754 578 813 616 sic
840 590 1078 616 cessassem.
1136 579 1192 617 Et
1219 579 1408 629 nunquid
1433 579 1519 629 ipse
1549 580 1681 619 fassus

76 647 121 673 es
142 633 262 681 mihi,
278 634 496 682 postquam
517 632 793 671 intellexisses
813 632 938 670 etiam
958 631 1196 671 Hillenium
1210 635 1396 672 mutasse
1415 635 1677 682 sententiam,
1700 643 1762 684 605

79 688 234 726 dixisse
253 689 295 725 te
311 702 318 725 :
351 688 360 705 ‘
376 687 469 724 Iam
488 700 553 725 res
573 687 689 725 salua
708 687 781 725 est.
840 686 930 725 Alii
951 700 1036 725 non
1052 689 1150 726 sunt
1170 687 1238 725 hic
1258 689 1505 738 typographi
1521 691 1681 738 praeter

79 742 156 781 hos
176 742 280 780 duos
301 741 374 790 qui
398 741 552 779 habent
573 741 828 779 characteres
848 740 1054 780 Graecos.'

136 796 215 835 Sed
236 797 277 833 et
295 795 379 833 iam
400 795 578 833 secundo
600 796 694 845 quis
713 796 756 833 in
777 808 897 834 causa
916 797 1003 834 erat
1024 796 1248 846 quominus
1271 797 1466 835 successit
1486 810 1552 835 res
1571 798 1680 847 apud

80 850 318 889 Hillenium
331 850 352 888 ?
407 850 475 888 Sic
495 850 680 887 tractasti
699 863 787 888 rem
800 851 846 888 vt
858 849 1032 898 proditis
1046 850 1122 888 tibi
1137 850 1182 888 in
1198 850 1289 888 dies
1300 851 1488 900 singulos
1503 851 1681 901 singulis

79 904 281 943 chartulis
301 903 507 953 potuisses
527 917 577 942 ex
597 904 768 943 arbitrio
788 905 861 942 tuo
882 917 995 953 opus,
1020 917 1149 953 quum
1168 903 1310 953 velles⁷
1327 905 1490 944 reiicere
1511 920 1531 943 e
1553 906 1679 955 prelo,
1700 914 1765 946 610

79 962 126 997 vt
154 972 229 1008 ego
255 958 313 996 sic
339 972 388 996 ex
414 961 455 996 te
481 959 716 1008 penderem,
738 960 812 996 tuo
832 960 939 997 nutu
960 958 1098 997 oleum
1117 959 1354 1008 perditurus
1373 962 1415 998 et
1433 961 1678 1009 impensam.

80 1013 209 1051 Porro
220 1013 328 1063 quod
342 1012 531 1050 Hillenio
544 1012 755 1051 dubitanti
768 1026 850 1063 quo
863 1013 1003 1051 animo
1016 1026 1125 1052 esses
1138 1013 1313 1059 laturus,
1322 1014 1358 1052 si
1370 1014 1526 1052 librum
1540 1029 1682 1053 meum

79 1067 309 1113 excuderet,
329 1066 430 1105 dicis
445 1069 485 1105 te
501 1067 762 1116 respondisse
785 1068 793 1085 ⁴
810 1069 856 1105 vt
871 1070 1098 1106 maturaret
1114 1082 1123 1114 ;
1153 1081 1251 1106 nam
1266 1069 1308 1106 id
1325 1069 1403 1107 tibi
1415 1069 1683 1107 vehementer

80 1121 245 1172 probari
259 1122 277 1169 ⁹,
296 1121 379 1160 scio
400 1121 551 1171 quibus
566 1121 781 1160 affirmasti
800 1121 1059 1172 respondisse
1084 1124 1092 1140 ‘
1108 1135 1180 1160 nec
1201 1123 1390 1161 inhibere
1407 1123 1513 1162 velle
1529 1126 1569 1162 te
1587 1138 1681 1173 quo-

81 1177 221 1214 minus
261 1176 396 1223 faciat,
435 1188 511 1213 nec
550 1176 652 1214 item
689 1175 849 1215 hortari
885 1178 931 1214 vt
968 1176 1090 1214 faciat
1104 1177 1123 1215 ⁹.
1194 1176 1309 1215 Haec
1346 1178 1558 1228 responsio
1596 1181 1683 1217 erat
1700 1187 1763 1227 615

79 1230 275 1280 ancipitis
294 1229 436 1278 animi,
458 1232 499 1268 et-
518 1230 563 1268 in
585 1243 676 1268 eam
697 1232 858 1280 partem
884 1231 1016 1280 magis
1039 1232 1234 1280 propensi
1253 1234 1300 1269 vt
1326 1245 1378 1269 ne
1403 1233 1562 1271 faceret.
1621 1234 1682 1271 At

80 1299 163 1334 quo
183 1285 371 1323 animum
391 1287 510 1322 tuum
531 1284 643 1322 hunc
655 1298 744 1323 esse
756 1284 936 1334 amplius
952 1286 1172 1333 testareris,
1190 1286 1333 1324 statim
1344 1286 1395 1324 ad
1412 1287 1533 1324 illum
1549 1287 1682 1326 mittis

80 1339 376 1388 Paraphrasim
406 1339 451 1376 in
484 1338 692 1388 Epistolas
723 1339 773 1377 ad
793 1339 1061 1377 Timotheum
1095 1342 1135 1378 et
1166 1340 1321 1388 Titum,
1363 1354 1492 1390 quum
1530 1341 1683 1391 alioqui

79 1393 206 1432 scires
235 1406 302 1431 me
328 1393 413 1430 iam
441 1393 689 1443 transegisse
712 1406 806 1431 cum
831 1393 932 1440 illo;
962 1394 1003 1431 id
1029 1394 1137 1443 quod
1167 1394 1232 1432 hic
1257 1394 1476 1434 confiteris.
1537 1396 1684 1446 Itaque

82 1460 229 1497 parum
248 1449 386 1485 tecum
407 1449 582 1495 constas,
606 1447 691 1485 imo
712 1450 752 1485 te
772 1447 912 1497 ipsum
938 1448 1077 1497 palam
1103 1449 1328 1497 redarguis.
1386 1450 1431 1488 Si
1457 1452 1544 1488 tam
1570 1450 1681 1488 cordi
1702 1454 1765 1485 620

82 1502 229 1540 fuisset
247 1501 325 1540 tibi
353 1501 504 1540 aeditio
528 1501 625 1539 libri
649 1502 744 1550 mei,
768 1502 872 1540 nihi]
904 1502 1116 1540 debuisses
1139 1503 1424 1542 intermiscere
1452 1518 1533 1554 quo
1559 1505 1682 1543 inter-

82 1557 318 1594 turbaretur
336 1555 568 1605 negocium.

137 1611 217 1650 Sed
239 1610 331 1660 quis
351 1611 438 1648 tam
457 1610 562 1659 lapis
589 1612 653 1649 est
671 1612 717 1649 vt
744 1623 829 1649 non
851 1611 1073 1661 perspiciat
1100 1611 1251 1661 quibus
1277 1613 1436 1650 artibus
1463 1625 1681 1662 aggressus

81 1678 126 1704 es
157 1665 265 1703 hanc
297 1664 419 1703 rem?
473 1664 703 1714 Postquam
748 1665 892 1704 statim
922 1680 946 1704 a
979 1668 1098 1716 pacto
1135 1667 1441 1717 Antuuerpiam
1480 1667 1677 1715 venisses,

82 1719 368 1770 typographus
406 1718 479 1768 qui
518 1718 564 1757 in
599 1732 766 1758 omnem
804 1719 952 1758 horam
989 1723 1111 1759 antea
1148 1723 1313 1770 paratus
1351 1724 1439 1759 erat
1476 1735 1550 1771 pro
1590 1736 1682 1760 meo
1701 1731 1763 1770 625

81 1773 201 1821 libro,
231 1772 396 1812 distulit
421 1786 510 1811 rem
539 1773 590 1811 ad
617 1773 908 1813 duodecimum
932 1774 1042 1813 diem
1065 1777 1160 1814 ante
1187 1776 1368 1814 natalem
1399 1776 1680 1822 Dominicum,

84 1828 162 1867 hoc
192 1830 253 1866 est
282 1828 327 1865 in
356 1828 719 1878 quadragesimum
746 1841 871 1878 prope
903 1829 1025 1877 diem,
1055 1831 1150 1878 post
1180 1843 1274 1868 eum
1307 1831 1378 1879 qui
1407 1831 1682 1879 praestitutus

83 1884 180 1922 erat.
230 1881 332 1930 Quis
351 1882 421 1920 hic
440 1895 525 1920 non
545 1882 670 1930 videt,
693 1883 935 1932 praesertim
954 1896 1190 1922 successum
1211 1884 1271 1921 rei
1291 1887 1493 1934 spectans,
1515 1887 1681 1923 tantum

85 1936 286 1986 temporis
325 1936 368 1974 in
409 1949 497 1974 rem
539 1938 655 1974 tuam
693 1937 823 1976 fuisse
869 1940 1148 1987 prorogatum,
1189 1940 1281 1976 tum
1320 1941 1366 1977 vt
1405 1939 1684 1988 Paraphrases

82 1990 327 2038 absolueres‚
361 1992 451 2029 tum
481 1992 529 2030 vt
556 1990 824 2030 concinnares
851 2005 897 2030 ac
925 1993 1138 2031 emitteres
1167 1993 1272 2031 hanc
1303 1996 1418 2032 tuam
1448 1994 1681 2043 epistolam,
1701 2003 1766 2042 630

83 2059 165 2095 quo
184 2045 291 2083 fucis
316 2045 407 2083 istis
424 2059 472 2084 ac
491 2045 719 2084 mendaciis
738 2046 931 2085 omnium
954 2047 1115 2085 animos
1136 2061 1463 2097 praeoccupares.
1523 2048 1683 2097 Nempe

85 2100 220 2138 scibas
250 2099 292 2137 id
324 2102 394 2137 tua
428 2099 660 2149 plurimum
694 2100 905 2148 interesse,
937 2102 1045 2150 quod
1077 2102 1224 2150 primis
1259 2102 1557 2151 quaerimoniis
1587 2102 1683 2151 plus

84 2166 214 2204 aequo
254 2153 498 2203 plerumque
541 2153 673 2192 soleat
711 2155 866 2193 deferri.
937 2155 991 2193 Et
1029 2158 1169 2194 tamen
1208 2170 1291 2194 non
1325 2156 1446 2194 omisi
1483 2157 1533 2194 ad
1572 2157 1682 2194 diem

85 2207 339 2247 destinatum
358 2208 530 2246 fratrem
551 2221 692 2246 meum
713 2209 880 2248 mittere
899 2210 1220 2259 Antuuerpiam.
1279 2210 1410 2258 Quem
1431 2212 1478 2248 vt
1498 2211 1682 2260 primum

84 2262 191 2301 vidit
211 2261 436 2309 Hillenius,
461 2262 569 2300 dixit
588 2262 866 2313 Paraphrases
887 2265 980 2302 tuas
995 2264 1144 2303 habere
1162 2277 1205 2302 se
1221 2265 1264 2302 in
1277 2265 1482 2303 manibus.
1535 2265 1684 2304 Postea
1702 2269 1765 2309 635

85 2320 225 2355 tamen
264 2316 346 2364 vbi,
379 2318 427 2354 vt
461 2319 787 2356 consentaneum
820 2320 896 2364 est,
933 2321 1026 2356 tuos
1057 2319 1332 2357 consuluisset
1363 2320 1475 2368 (nam
1514 2321 1559 2357 tu
1600 2319 1682 2358 iam

84 2370 257 2409 Louanii
285 2383 386 2417 eraS,
424 2371 677 2410 concinnans
705 2371 810 2411 forte
838 2373 946 2411 hanc
974 2373 1222 2422 epistolam),
1252 2374 1374 2411 illum
1404 2374 1542 2422 ipsum
1572 2374 1683 2412 diem

83 2425 320 2476 designauit
332 2425 382 2463 ad
396 2425 628 2474 auspicium
642 2426 788 2476 operis,
798 2440 876 2477 quo
890 2426 1074 2476 primum
1088 2427 1187 2465 haec
1201 2428 1375 2476 epistola
1387 2429 1437 2466 ad
1451 2427 1682 2478 Lupsetum

551 2524 627 2563 605,
643 2524 718 2563 609.
746 2523 948 2554 Hillemum
968 2534 1008 2555 a:
1034 2527 1157 2555 correxi.

134 2614 208 2644 599.
237 2604 378 2644 Petrus]
390 2604 629 2644 Meghe11:see
641 2605 852 2644 Ep.231.4n.
919 2606 1114 2645 beginning
1139 2608 1176 2636 of
1199 2606 1260 2636 the
1289 2607 1463 2647 printi11g‚
1492 2608 1616 2646 nearly
1642 2618 1684 2645 40

132 2649 206 2687 603.
235 2648 323 2678 Mori
357 2647 499 2688 literae]
532 2647 571 2678 of
609 2658 623 2678 1
658 2648 742 2688 May
775 2659 857 2688 1519
918 2649 1005 2688 days
1046 2649 1084 2689 (l.
1122 2651 1202 2688 627,
1242 2651 1362 2681 before
1403 2661 1441 2689 14
1482 2651 1577 2691 Dec..
1611 2661 1683 2680 wa<

91 2691 194 2727 (Em.
234 2691 267 2721 ff.
306 2690 426 2728 B⁴-F;
483 2692 568 2723 EEv.
619 2701 678 2731 pp.
725 2693 856 2731 56—75;
918 2693 1085 2724 ‹:.6N0v.

88 2735 209 2766 Jortin
249 2734 286 2764 ii.
324 2734 481 2775 646-58),
513 2735 680 2775 replying
712 2737 748 2766 to
787 2738 857 2767 two
961 2737 1035 2767 618.
1066 2737 1333 2778 Paraphrasim]
1353 2738 1416 2777 Ep.
1442 2748 1534 2777 1043.

89 2778 182 2808 from
202 2778 269 2808 Lee
287 2778 396 2809 dated
424 2788 463 2808 10
485 2779 556 2809 and
581 2788 624 2808 20
648 2779 763 2818 April.
811 2780 854 2809 In
962 2782 1036 2818 624.
1065 2790 1084 2810 a
1108 2780 1224 2821 pacto]
1252 2781 1348 2811 Lee's
1365 2783 1569 2821 agreement
1592 2781 1682 2811 with

90 2822 175 2853 EEV.
193 2821 254 2852 the
272 2821 354 2852 date
371 2822 408 2852 of
420 2822 548 2852 More’s
560 2822 667 2853 letter
679 2823 709 2853 is
722 2823 856 2853 altered
921 2823 1047 2854 Hillm
1065 2834 1072 2862 ;
1096 2825 1138 2854 cf.
1161 2825 1182 2854 l.
1202 2826 1304 2855 608n.

91 2868 128 2896 to
147 2876 189 2895 20
205 2865 288 2904 May
305 2865 408 2905 (2²2⁰).
1008 2867 1181 2907 venisses]
1200 2868 1263 2898 See
1282 2869 1344 2908 Ep.
1367 2869 1450 2907 1038
1468 2868 1601 2899 introd.

135 2910 211 2940 608.
235 2908 403 2949 secundo]
443 2908 548 2939 From
587 2908 623 2939 ll.
651 2910 760 2939 626-8
784 2910 859 2940 this
961 2912 1035 2941 626.
1064 2910 1334 2953 duodecimum]
1356 2922 1393 2951 14
1411 2913 1494 2943 Dec.

92 2952 221 2983 second
239 2952 400 2991 proposal
418 2952 455 2982 of
469 2953 537 2983 Lee
556 2955 591 2983 to
612 2953 737 2983 Hillen
762 2956 858 2984 must
960 2955 1036 2992 630.
1064 2955 1266 2996 epistolam]
1287 2956 1349 2995 Ep.
1374 2966 1465 2994 1053.

93 2996 184 3026 have
202 2997 291 3026 been
308 2995 410 3026 made
427 2995 498 3026 late
513 2997 550 3026 in
565 2996 638 3027 Oct.
654 3006 694 3026 or
707 2996 805 3036 early
819 2998 857 3027 in
962 3000 1035 3036 633.
1065 2997 1162 3028 diem
1178 2999 1418 3039 destinatum]
1438 3011 1464 3029 e.
1483 3000 1503 3028 6
1520 2999 1607 3029 Nov.

94 3038 181 3071 Nov.
206 3049 311 3079 15193
334 3038 389 3070 for
412 3039 474 3070 the
496 3039 576 3070 date
601 3040 693 3070 fixed
720 3040 774 3071 for
797 3041 858 3071 the
962 3043 1038 3080 637.
1068 3042 1181 3082 diem]
1203 3052 1239 3079 14
1259 3043 1339 3074 Dec.
1364 3054 1371 3080 ;
1395 3044 1437 3073 cf.
1458 3043 1480 3072 l.
1499 3044 1572 3073 626.
