1990 3353
278 151 356 191 198
742 148 993 190 LETTERS
1034 148 1103 187 OF
1140 145 1407 185 ERASMUS
1744 139 1785 194 [1
1795 152 1815 190 5
1825 152 1872 178 20

550 341 674 380 1074.
734 338 798 379 To
830 338 1092 379 WoLrGANe
1126 338 1378 384 FAssnmujs
1410 333 1601 376 ΟΑΡῙΤΟ.

321 444 431 479 Basle
452 444 529 479 Ms.
548 445 606 479 Ki.
624 444 684 479 Ar.
704 453 746 489 25
766 456 788 479 a
805 454 864 489 99.
1491 439 1713 487 (Louvain.)

321 503 413 538 Hess
432 502 473 539 ii.
494 511 571 548 545.
1386 500 1598 547 <February
1616 500 1678 534 fin.
1702 498 1825 544 1520.)

318 594 391 635 [An
409 593 561 633 original
579 593 696 631 letter,
717 602 847 632 among
863 592 1017 632 (,¹apito's¹
1033 602 1157 632 papers
1182 593 1217 622 in
1243 593 1305 623 the
1328 592 1471 623 Church
1497 592 1674 623 Archives
1697 592 1733 622 at
1758 590 1872 630 Basle,

276 648 356 668 now
368 639 406 668 in
420 638 482 668 the
496 637 708 676 University
718 636 886 676 Library:
904 637 1103 676 autograph
1121 637 1354 676 throughout,
1369 636 1440 666 and
1454 646 1541 675 very
1556 635 1698 675 rapidly
1714 635 1876 666 written.

276 682 310 712 It
327 681 397 711 fills
414 680 632 720 completely
648 682 720 711 two
742 680 846 710 folios
863 679 900 710 of
923 680 1005 710 thin
1027 680 1176 720 writing
1193 690 1326 720 paper;
1349 690 1370 710 a
1395 679 1507 714 third,
1531 689 1569 710 or
1590 679 1742 718 perhaps
1767 688 1875 717 more,

276 725 365 755 with
383 725 444 755 the
461 725 643 764 sign-iture
659 724 732 754 and
749 723 894 754 address
911 724 1002 754 have
1024 725 1114 754 been
1132 724 1211 755 lost.

317 768 376 798 An
394 769 639 808 approximate
656 767 738 798 date
762 777 827 798 can
844 768 886 798 be
903 767 1088 803 assio-:ned
1114 768 1168 797 for
1191 768 1238 798 E1
1240 777 1360 798 ‘lenius
1383 766 1569 806 evidently
1585 767 1616 797 is
1630 766 1778 805 writing
1798 765 1858 803 jus.
1847 767 1875 796 st

273 811 367 842 ⁴lfter
383 813 444 843 the
461 821 679 852 appearance
697 812 735 842 of
747 810 826 842 Lee'
828 821 844 842 s
859 811 959 851 book,
979 811 1100 842 which
1118 811 1164 841 he
1180 811 1252 842 had
1269 813 1332 842 not
1348 821 1433 842 seen
1451 811 1497 850 bv
1508 821 1547 841 21
1566 810 1647 841 Feb.
1668 810 1746 849 (Ep.
1764 810 1873 849 1068),

276 856 337 886 but
354 855 476 886 which
493 857 591 886 must
607 856 697 886 have
714 854 864 886 reached
881 855 979 885 Louv
971 855 1042 885 ain
1070 855 1117 894 b)
1133 855 1196 885 the
1223 854 1294 885 end
1321 856 1359 885 of
1375 855 1438 885 the
1461 843 1587 885 month
1607 853 1665 895 (cf.
1684 854 1770 893 Epp.
1795 863 1875 892 1037

277 899 407 930 introd.
414 900 536 940 ‚1069,
559 901 668 938 1072).
719 898 855 938 Capito'
858 909 874 929 s
890 899 1018 938 reply
1009 909 1038 929 is
1055 899 1142 938 peih
1146 909 1208 938 ηις
1225 898 1287 938 Ep.
1311 899 1404 937 1083,
1423 898 1547 928 r1the1
1570 898 1659 928 than
1687 897 1745 928 his
1769 897 1876 928 letter

275 943 314 973 of
326 954 352 974 c.
376 953 413 982 14
436 943 560 974 March
579 943 658 982 (Ep.
683 944 776 980 1083.
796 942 856 982 1)·
847 965 855 973 .
877 942 933 973 fol
949 943 1012 973 the
1028 952 1190 982 passages
1206 943 1327 972 which
1346 942 1392 972 he
1416 942 1505 972 cites
1528 941 1619 972 from
1644 941 1813 971 Erasmus
1836 942 1875 972 in

277 986 339 1026 Ep.
364 988 457 1026 1083,
476 997 559 1026 may
575 987 674 1025 quite
689 986 773 1017 well
790 986 881 1016 have
898 987 987 1017 been
1004 996 1051 1016 on
1067 986 1129 1016 the
1146 986 1298 1026 missing
1314 995 1399 1025 page
1415 986 1452 1016 of
1465 986 1539 1016 this
1555 985 1673 1015 letter.

320 1030 389 1061 For
404 1040 423 1061 a
441 1031 547 1061 letter
563 1030 601 1061 of
614 1030 783 1061 Erasmus
801 1031 837 1060 to
854 1030 979 1069 Capito
996 1030 1034 1060 in
1052 1030 1115 1060 the
1132 1031 1284 1060 autumn
1301 1030 1339 1060 of
1355 1038 1437 1068 1519
1453 1039 1509 1060 see
1527 1030 1588 1069 Ep.
1611 1039 1704 1068 1029.
1729 1028 1823 1068 191].]

327 1130 510 1169 TANDEM
530 1131 666 1182 erupit
687 1131 926 1170 Britannica
948 1130 1099 1181 vipera.
1147 1130 1309 1169 Prodiit
1328 1130 1548 1169 Eduardus
1568 1130 1687 1178 Leus,
1711 1129 1878 1167 laudate

277 1186 411 1224 Insule
444 1185 620 1224 dedecus
652 1188 856 1224 eternum.
916 1185 1009 1224 Iam
1042 1185 1317 1236 sesquiannus
1346 1187 1409 1223 est
1439 1185 1547 1234 quod
1582 1184 1753 1222 iactauit
1782 1197 1877 1222 suas

276 1246 436 1278 ‘sacras
466 1240 804 1279 Annotationes’.
866 1240 997 1278 Totus
1022 1239 1133 1278 orbis
1158 1239 1398 1289 expectabat
1427 1252 1517 1277 rem
1544 1239 1762 1277 eruditam.
1821 1239 1878 1277 Et

277 1307 368 1333 ecce
388 1294 526 1343 prodit
552 1294 719 1333 libellus
738 1294 922 1344 vndique
944 1296 1117 1343 scatens,
1142 1294 1228 1332 imo
1248 1293 1471 1338 insaniens,
1494 1293 1598 1332 rixis
1617 1295 1658 1330 et
1679 1292 1878 1331 conuiciis

239 1359 255 1389 5
278 1348 575 1387 muliebribus:
605 1362 685 1398 que
711 1349 747 1387 si
773 1349 965 1387 detrahas
991 1349 1115 1399 operi,
1148 1348 1204 1386 dii
1230 1348 1340 1395 boni,
1364 1361 1490 1397 quam
1513 1347 1621 1385 nihil
1649 1349 1722 1395 est⁷
1752 1360 1877 1397 quam

277 1403 402 1453 friget
439 1403 480 1441 id
518 1404 626 1454 quod
665 1405 875 1453 superest!
929 1402 1214 1442 Describerem
1252 1403 1330 1440 tibi
1368 1404 1619 1452 portentum,
1661 1401 1731 1439 sed
1771 1402 1877 1440 illud

277 1470 428 1505 vereor,
460 1471 512 1495 ne
540 1458 757 1507 posteritas
777 1458 981 1496 creditura
1007 1470 1091 1496 non
1117 1458 1172 1495 sit
1192 1457 1316 1495 talem
1344 1456 1520 1495 bestiam
1540 1456 1723 1494 humana
1748 1456 1878 1505 spetie

279 1514 421 1550 natam
442 1512 568 1550 fuisse
594 1525 792 1562 vnquam.
849 1512 977 1550 Nulla
1004 1511 1199 1550 meretrix
1225 1511 1521 1561 impudentior,
1548 1510 1689 1549 nullus
1715 1510 1809 1548 leno
1833 1510 1878 1548 in

278 1565 519 1604 mentiendo
547 1566 757 1616 perditior.
815 1566 1057 1605 Contemnit
1082 1570 1123 1604 et
1149 1579 1267 1604 suam
1295 1568 1335 1604 et
1364 1565 1541 1604 alienam
1570 1564 1875 1603 conscientiam.

220 1634 258 1655 10
276 1621 415 1670 Atque
445 1620 512 1659 hic
542 1623 708 1659 tantum
739 1621 847 1659 dicas
875 1621 939 1659 illi
968 1634 1055 1659 esse
1082 1620 1319 1670 ingenium3
1359 1621 1400 1658 et
1428 1622 1569 1658 tamen
1598 1632 1682 1657 non
1711 1620 1877 1657 tantum

278 1675 401 1713 habet
428 1674 586 1725 ingenii
613 1677 659 1713 vt
686 1675 901 1713 mendacia
925 1688 998 1713 sua
1021 1676 1247 1713 connectat.
1308 1674 1437 1712 Totus
1460 1676 1617 1724 pugnat
1642 1686 1796 1720 secum,
1818 1674 1878 1712 in-

276 1729 384 1768 sanit
418 1729 463 1767 in
493 1729 700 1779 gloriolas,
735 1732 859 1779 atque
892 1730 966 1767 has
996 1731 1173 1768 venatur
1206 1729 1371 1766 miseris
1402 1727 1550 1768 modis.
1610 1728 1712 1766 Vult
1745 1728 1879 1766 videri

276 1783 506 1833 theologus,
537 1784 627 1822 vult
650 1784 782 1822 videri
812 1785 941 1822 trium
970 1783 1209 1833 linguarum
1239 1783 1409 1833 peritus,
1439 1782 1532 1821 vult
1558 1782 1691 1820 videri
1721 1782 1880 1832 religio-

276 1838 411 1885 sulus⁷
442 1840 482 1876 et
516 1838 567 1876 ob
598 1838 640 1876 id
673 1840 862 1876 versatur
893 1838 1001 1888 apud
1031 1837 1326 1885 Cartusienses,
1364 1837 1473 1886 apud
1507 1836 1740 1879 Minoritas,
1769 1837 1877 1886 apud

222 1903 258 1935 15
275 1892 378 1931 alios
416 1892 587 1941 probate
625 1892 838 1942 religionis
883 1892 1117 1930 monachos.
1187 1892 1324 1930 Donat
1365 1904 1665 1941 nonnunquam
1706 1891 1876 1941 aliquid,

276 1959 419 1985 emens
438 1947 566 1985 etiam
587 1947 696 1995 quod
715 1947 846 1996 gratis
867 1946 1053 1984 oblatum
1074 1946 1248 1984 debebat
1272 1946 1458 1984 recusari.

332 2001 376 2039 Is
405 2014 499 2039 cum
529 2002 637 2039 male
666 2002 861 2039 sensisset
891 2001 940 2039 de
969 2001 1153 2048 Erasmo,
1186 2003 1408 2050 antequam
1438 2000 1610 2038 vidisset
1640 2000 1874 2047 Erasmum,

276 2055 360 2093 iam
390 2057 492 2093 tunc
519 2055 714 2093 inuidens
743 2055 857 2093 illius
883 2056 991 2105 apud
1021 2068 1118 2094 suos
1140 2055 1426 2105 glorie—nam
1455 2056 1678 2104 antequam
1707 2053 1879 2092 vidisset-

278 2109 446 2148 Nouum
466 2110 780 2148 Testamentum
806 2112 877 2148 aut
899 2111 1027 2148 Grece
1048 2110 1183 2154 sciret,
1205 2109 1312 2147 dixit
1331 2109 1495 2147 cuidam
1516 2122 1559 2146 se
1586 2122 1671 2146 non
1693 2108 1878 2146 dubitare

220 2175 260 2197 20
276 2164 377 2214 quin
392 2164 437 2202 in
454 2164 600 2202 multis
615 2166 753 2213 posset
768 2177 929 2213 carpere
946 2164 1114 2202 Nouum
1131 2164 1445 2202 Testamentum
1462 2163 1691 2209 Erasini—‚
1711 2163 1877 2200 commi-

277 2218 415 2267 grauit
434 2217 679 2257 Louanium.
739 2218 897 2256 Eodem
918 2231 1013 2256 cum
1035 2218 1213 2257 venisset
1231 2220 1273 2255 et
1294 2218 1500 2264 Erasmus,
1523 2216 1752 2255 insinuauit
1773 2229 1815 2254 se
1835 2217 1878 2254 in

277 2271 392 2310 illius
412 2272 748 2311 familiaritatem.
809 2273 899 2321 Ille,
929 2275 975 2311 vt
1002 2275 1064 2311 est
1091 2272 1303 2311 facillimis
1330 2271 1527 2316 moribus,
1548 2271 1701 2309 oblitus
1726 2271 1878 2309 veteris

276 2326 601 2374 obtrectationis,
626 2327 779 2376 recepit
799 2327 1015 2365 hominem
1035 2327 1077 2365 in
1100 2327 1344 2365 familiarem
1366 2325 1715 2364 consuetudinem.
1757 2325 1878 2374 Cepe-

278 2383 342 2419 rat
361 2383 462 2419 tunc
481 2382 635 2419 discere
655 2381 891 2419 rudimenta
911 2381 1038 2420 Grece
1057 2382 1209 2430 lingue⁷
1234 2381 1315 2418 iam
1337 2382 1426 2417 tum
1451 2392 1600 2428 parans
1626 2393 1668 2417 se
1687 2379 1737 2417 ad
1759 2379 1879 2418 desti-

221 2447 260 2478 25
279 2436 426 2473 natum
447 2435 732 2473 calumniandi
752 2435 984 2484 negocium.
1046 2436 1134 2483 Qua
1153 2435 1197 2473 in
1218 2448 1261 2472 re
1289 2435 1487 2472 Erasmus
1514 2434 1578 2471 illi
1604 2434 1684 2472 fuit
1709 2434 1877 2481 auxilio,

280 2488 388 2526 nihil
409 2489 534 2527 etiam
550 2490 762 2538 suspicans
778 2489 889 2528 mali.
930 2490 1158 2539 Aliquanto
1179 2490 1270 2538 post
1290 2488 1497 2526 admissus
1511 2501 1639 2538 vsque
1657 2489 1707 2526 ad
1723 2490 1877 2526 secreta

278 2542 468 2591 cubiculi,
502 2543 618 2581 videt
649 2544 770 2581 illum
803 2544 1002 2582 adornare
1038 2545 1306 2594 posteriorem
1338 2542 1563 2580 editionem
1597 2542 1708 2581 Noui
1742 2543 1877 2580 Testa·

280 2597 424 2634 menti.
478 2597 570 2635 Iam
590 2598 703 2635 enim
724 2611 827 2647 opus
847 2600 933 2636 erat
956 2598 1256 2648 propemodum
1276 2597 1512 2634 absolutum
1533 2596 1773 2646 priusquam
1795 2596 1878 2634 Leo

278 2651 521 2689 ostenderet.

221 2712 262 2744 30
334 2704 442 2742 Leus
469 2705 623 2743 timens
648 2719 699 2743 ne
726 2719 809 2744 non
840 2709 1000 2756 caperet
1030 2705 1243 2755 gloriolam
1273 2718 1396 2755 quam
1427 2705 1654 2743 venabatur
1682 2705 1800 2742 fucus
1828 2717 1878 2742 ex

328 2824 353 2844 1.
383 2813 523 2844 laudate
563 2814 694 2854 insule]
741 2814 829 2844 This
862 2816 1047 2855 eulogistic
1110 2815 1285 2855 England.

280 2857 499 2895 description
533 2868 613 2897 may
644 2859 684 2887 ln:
720 2859 923 2889 cmurasted
956 2860 1045 2889 with
1152 2869 1203 2889 21.
1230 2858 1413 2893 Erasmus]
1442 2859 1485 2888 In
1503 2858 1590 2896 July
1610 2867 1700 2897 1517.

280 2901 344 2939 Ep.
363 2901 436 2939 899.
458 2911 505 2939 14,
530 2909 575 2938 15.
1151 2913 1203 2932 22.
1231 2901 1377 2942 vetoris]
1403 2901 1608 2940 Evidently,
1629 2901 1746 2931 before
1772 2903 1879 2931 moet-

323 2954 351 2974 2.
380 2944 634 2984 sesquiannus]
660 2945 715 2976 An
735 2946 1050 2977 umlor-ostiniate:
1110 2946 1170 2985 ing
1187 2945 1264 2981 Leo,
1281 2946 1449 2976 Erasmus
1467 2945 1537 2976 had
1555 2945 1700 2983 already
1715 2944 1825 2974 heard
1844 2943 1883 2974 of

279 2998 335 3017 sm·
353 2998 386 3026 p.
409 2998 480 3027 109,
500 2988 571 3018 and
588 2988 629 3018 of.
651 2988 710 3028 Ep.
730 2992 805 3028 998.
826 2999 878 3028 54.
1109 2989 1167 3019 his
1184 2989 1361 3028 hostility.

324 3041 375 3061 20.
403 3032 668 3072 commigrauit]
729 3033 905 3072 Probably
959 3033 1049 3064 from
1154 3043 1205 3070 24.
1231 3032 1357 3073 Gmoo]
1383 3031 1435 3063 Cf.
1454 3032 1517 3072 Ep.
1537 3032 1611 3069 607.
1638 3041 1684 3070 15.
