1990 3353
129 120 248 174 1095]
429 123 582 163 FROM
619 124 956 165 WILLIBALD
994 126 1400 168 PIRCKHEIMER
1644 132 1722 170 245

123 232 382 281 respondisse
403 233 777 283 deprehendissem,
798 247 851 272 ne
871 248 981 272 nunc
1002 234 1167 284 quidem
1186 234 1228 273 id
1248 236 1408 274 scirem.
1466 236 1597 286 Quam
1623 252 1719 278 vero

123 285 305 325 fideliter
331 289 372 326 et
397 301 511 326 meae
536 288 616 326 tibi
641 288 822 327 redditae
847 288 1016 334 fuerint,
1040 288 1108 327 vel
1133 289 1315 328 Alamiri
1342 291 1474 329 nostri
1500 291 1719 341 diligentia

119 340 221 378 satis
241 340 430 380 declarat.
478 343 695 381 Caeterum
711 342 1033 381 insulsissimam
1052 343 1305 382 inuectiuam
1326 343 1510 383 Eduardi
1530 345 1603 383 Lei
1622 346 1714 395 legi,

119 394 206 432 imo
226 396 362 434 verius
381 396 490 435 vidi:
521 397 614 446 quis
633 397 746 435 enim
766 397 968 436 sustineat
988 397 1121 446 legere
1147 397 1304 436 librum
1331 400 1417 437 tam
1445 400 1534 438 sine
1560 402 1712 449 mente,

118 447 211 486 sine
232 449 378 497 fronte,
402 450 490 489 sine
509 451 671 499 litteris,
691 451 782 489 sine
801 450 916 489 omni
936 451 1031 489 dote
1049 451 1265 490 humana?
1293 452 1393 503 Legi
1413 456 1454 492 et
1473 455 1590 492 tuam
1611 455 1717 504 Apo-

117 500 282 551 logiam,
306 517 410 554 quae
430 507 572 543 tamen
591 505 809 555 pollicetur
828 504 1136 555 responsionem
1156 506 1206 544 ad
1227 506 1343 545 illius
1361 508 1680 548 Annotationes.

174 557 288 596 Scire
303 559 417 607 cupis
433 559 533 609 quid
550 559 726 598 sentiam
739 561 759 598 ⁶?
794 559 959 599 Vellem
980 559 1150 597 omnino
1166 561 1372 609 tacuisses,
1392 564 1464 600 aut
1480 562 1537 600 ita
1553 563 1715 601 homini

118 612 164 648 vt
184 611 335 660 dignus
353 615 440 651 erat
462 614 754 663 respondisses.
813 613 894 652 Sed
914 613 1146 663 periculum
1171 619 1256 652 erat
1283 628 1335 653 ne
1362 615 1527 654 silentio
1556 616 1715 656 obiecta

116 664 316 704 videreris
335 669 588 716 agnoscere?
628 667 755 716 Quasi
771 680 869 705 vero
889 667 1071 717 optimus
1091 681 1136 706 ac
1156 668 1420 708 doctissimus
1440 672 1614 721 quisque
1629 685 1712 710 non

117 720 338 758 confestim
358 721 648 760 intellecturus
670 721 812 769 fuerit,
831 724 980 760 cuncta
1004 734 1107 771 quae
1131 722 1202 760 ille
1227 723 1410 762 furiosus
1436 727 1479 763 et
1506 725 1712 774 impotens

113 773 181 811 sui
203 776 400 824 euomuit,
427 789 560 815 meras
588 790 676 815 esse
704 776 993 825 sycophantias
1022 778 1062 814 et
1090 776 1455 826 impudentissima
1484 780 1709 820 mendacia.

114 826 256 866 Habet
274 841 394 868 suam
414 830 561 869 faciem
581 832 746 870 veritas.
806 831 862 868 Et
880 831 958 869 iste
979 830 1210 869 rabiosulus
1229 831 1331 870 adeo
1351 833 1459 882 apud
1480 847 1522 872 se
1545 847 1629 872 non
1650 838 1711 873 est

113 883 158 919 vt
187 882 275 931 ipse
304 884 540 933 frequenter
567 885 713 934 prodat
741 884 935 934 seipsum.
996 885 1057 923 De
1085 884 1288 935 improbis
1316 899 1413 925 vero
1440 889 1481 925 et
1509 889 1710 927 mendicis

111 936 229 975 nulla
255 937 334 976 tibi
362 939 532 977 debebat
560 953 648 978 esse
677 953 787 978 cura.
846 939 1093 989 Quanquam
1123 940 1195 990 qui
1225 939 1335 979 inter
1357 940 1434 979 hos
1462 945 1561 981 sunt
1585 943 1710 992 paulo
1731 960 1745 980 2

111 990 252 1030 minus
273 992 428 1041 stolidi,
445 993 632 1032 sentiunt
646 1007 691 1032 ac
707 994 906 1032 damnant
922 993 1107 1032 hominis
1127 994 1403 1044 prodigiosam
1416 997 1703 1045 arrogantiam,

111 1043 321 1085 inscitiam
347 1060 393 1085 ac
413 1047 707 1087 virulentiam:
737 1061 862 1098 quam
888 1050 1134 1086 execrantur
1159 1048 1286 1087 etiam
1305 1049 1337 1087 ii
1365 1051 1435 1099 qui
1456 1051 1533 1089 tibi
1560 1064 1707 1101 parum

110 1098 214 1137 bene
232 1101 392 1147 volunt,
412 1104 452 1140 et
472 1102 746 1151 indignantur
766 1103 1061 1152 propugnatori
1080 1102 1199 1140 laeuo
1220 1103 1353 1154 magis
1374 1118 1499 1154 quam
1519 1103 1613 1153 Leo,
1637 1108 1706 1155 qui

108 1165 274 1192 causam
295 1168 413 1194 suam
433 1160 521 1194 tam
540 1157 762 1195 infeliciter
780 1157 908 1206 egerit
922 1159 969 1195 vt
985 1157 1115 1195 satius
1130 1157 1255 1195 fuerit
1274 1158 1492 1207 quieuisse.
1534 1159 1706 1198 Vtinam

108 1207 238 1256 igitur
265 1213 531 1260 posteaquam
561 1211 639 1249 tibi
668 1225 750 1249 non
780 1224 869 1249 esse
903 1211 1113 1250 silendum
1147 1224 1374 1260 censuei·aS‚
1406 1214 1631 1252 ementitae
1665 1218 1706 1253 et
1749 1232 1763 1261 ,-

108 1263 230 1301 fictae
259 1265 482 1303 modestiae
510 1265 878 1304 immodestissime
907 1266 1203 1316 respondisses,
1235 1268 1276 1304 et
1305 1269 1453 1306 cuncta
1481 1267 1706 1307 rhetorices

109 1317 269 1367 spicula
305 1321 448 1357 contra
486 1321 571 1357 tam
609 1319 829 1369 purulenta
866 1333 911 1358 ac
948 1322 1126 1359 tartareo
1160 1333 1319 1359 veneno
1353 1321 1483 1360 tincta
1520 1323 1705 1362 conuicia

107 1372 293 1411 scelerati
312 1373 459 1423 capitis
478 1374 782 1413 distrinxisses!

161 1426 240 1465 Sed
261 1427 429 1466 volebas
448 1428 670 1467 modestiae
692 1441 850 1466 memor
870 1441 970 1476 esse,
994 1440 1068 1466 nec
1086 1428 1247 1467 malum
1270 1442 1345 1478 pro
1371 1429 1481 1469 malo
1508 1431 1704 1471 reddere:

106 1492 255 1519 sanum
293 1482 474 1531 profecto
512 1483 770 1533 propositum
809 1484 851 1521 et
889 1495 913 1521 a
950 1482 1119 1521 nemine
1161 1482 1271 1522 bono
1310 1496 1394 1521 non
1431 1484 1699 1525 laudandum.

105 1534 263 1574 Verum
289 1536 324 1574 si
348 1536 406 1575 ita
431 1539 629 1587 perpetuo
654 1537 809 1584 feceris,
835 1537 935 1586 quid
963 1536 1039 1575 tibi
1065 1537 1118 1576 ab
1144 1537 1295 1576 emulis
1319 1540 1620 1588 expectandum
1647 1542 1702 1579 sit

103 1590 248 1639 cogita,
291 1590 326 1628 si
363 1591 546 1630 viderint
582 1591 714 1630 cuiuis
752 1591 896 1630 audaci
933 1604 978 1630 ac
1015 1591 1165 1630 stolido
1198 1592 1371 1641 impune
1409 1606 1497 1632 esse
1529 1594 1702 1633 Erasmo

105 1644 350 1683 maledicere
370 1647 412 1683 et
437 1646 562 1695 capiti
581 1648 652 1684 tuo
671 1646 860 1684 illudere.
914 1645 1049 1693 Quare
1070 1647 1112 1684 te
1131 1659 1204 1695 per
1224 1648 1340 1684 tuam
1361 1646 1535 1696 gloriam
1561 1661 1607 1686 ac
1628 1663 1702 1699 per

104 1702 290 1738 nostram
306 1700 536 1738 amiciciam
556 1700 748 1748 obtestor,
768 1713 822 1738 ne
836 1700 1007 1750 posthac
1024 1701 1215 1750 quemuis
1230 1700 1420 1740 rabulam
1435 1703 1702 1752 responsione

104 1754 177 1791 tua
199 1753 374 1804 dignum
393 1767 556 1794 censeas
571 1769 580 1803 ;
612 1757 681 1793 aut
709 1754 745 1793 si
772 1755 942 1793 omnino
969 1755 1303 1805 respondendum
1329 1756 1494 1803 duxisti,
1517 1770 1602 1795 non
1627 1771 1701 1807 per
1724 1773 1738 1784 ἢ

103 1807 285 1857 teipsum
318 1809 388 1847 sed
421 1822 494 1858 per
530 1822 708 1859 coquum
746 1809 984 1859 quempiam
1021 1811 1092 1847 aut
1129 1809 1402 1849 stabularium
1440 1812 1697 1861 respondeas.

102 1861 292 1912 Agnosce
311 1863 504 1913 teipsum,
524 1865 595 1914 qui
614 1864 745 1902 maior
763 1877 807 1902 es
827 1877 951 1914 quam
966 1865 1013 1902 vt
1028 1876 1123 1901 cum
1138 1863 1294 1902 talibus
1307 1863 1353 1902 in
1368 1877 1460 1902 eam
1475 1865 1700 1915 palestram

102 1915 350 1956 descendas:
380 1931 430 1955 ex
454 1931 534 1967 qua
553 1918 686 1957 victor
710 1918 838 1956 etiam
867 1918 929 1956 nil
957 1918 1039 1956 nisi
1068 1917 1343 1967 ignominiam
1373 1919 1522 1958 referre
1550 1921 1695 1970 possis.

102 1969 219 2018 Quod
240 1972 285 2010 ni
304 1973 362 2010 ita
380 1972 534 2020 feceris,
554 1973 907 2023 sycophantarum
926 1972 1049 2011 turba
1064 1972 1235 2010 tandem
1254 1972 1426 2011 obruare
1441 1987 1606 2013 necesse
1621 1978 1695 2014 est.

143 2057 173 2088 8.
197 2057 255 2088 vel
273 2059 295 2091 β
311 2068 316 2088 :
342 2056 448 2097 plane
464 2068 493 2088 α.
627 2068 657 2097 9.
683 2058 771 2089 satis
787 2058 946 2088 declarat
962 2058 984 2091 β
1003 2068 1010 2088 :
1034 2057 1193 2088 ostendit
1209 2069 1238 2088 α.
1340 2058 1618 2090 insulsissimam
1637 2085 1644 2092 .
1661 2085 1669 2092 .
1686 2085 1695 2092 .

104 2109 152 2130 12.
179 2102 430 2132 annotationes
446 2102 469 2135 β
486 2111 494 2132 z
518 2102 738 2132 inuectiuam
756 2102 867 2140 Angli
884 2101 983 2131 illius
1000 2110 1065 2131 nec
1082 2110 1155 2131 non
1172 2102 1437 2141 responsionem
1456 2106 1555 2134 tuam
1572 2103 1641 2144 legi
1665 2117 1696 2135 α.

103 2153 153 2182 13.
176 2145 316 2175 Vellem
332 2146 355 2178 β
371 2155 379 2175 :
400 2145 541 2176 Vellem
558 2148 644 2177 vta.
795 2155 845 2183 14.
869 2145 1014 2175 silentio
1030 2146 1053 2178 β
1071 2156 1077 2175 :
1101 2144 1240 2175 silendo
1256 2157 1286 2176 α.
1447 2155 1495 2185 15.
1523 2147 1697 2179 videreris

99 2196 287 2226 agnoscere
301 2190 341 2223 B:
366 2198 572 2228 agnosceres
587 2201 617 2221 α.
706 2198 790 2219 vero
807 2191 881 2219 add.
900 2190 932 2223 β.
1051 2189 1099 2219 16.
1126 2188 1378 2219 intellecturus
1396 2189 1506 2220 fuerit
1522 2192 1563 2224 B:
1590 2192 1696 2222 intel—

98 2231 224 2270 ligeret
247 2244 278 2262 α.
389 2241 480 2271 quae
497 2257 505 2265 .
524 2256 531 2263 .
552 2256 559 2264 .
581 2243 627 2271 17.
654 2233 816 2263 euomuit
839 2234 881 2266 B:
907 2232 974 2262 hec
996 2243 1026 2262 α.
1165 2232 1214 2262 18.
1242 2233 1383 2263 Habet.
1405 2256 1412 2263 .
1432 2257 1439 2264 .
1462 2244 1511 2272 19.
1539 2236 1695 2274 seipsum

98 2277 170 2308 add.
190 2277 223 2309 β.
312 2276 490 2307 mendicis
506 2278 529 2311 β
547 2287 554 2306 :
577 2276 770 2307 ineruditis
785 2288 814 2307 α.
947 2286 1000 2307 20.
1025 2275 1091 2306 tibi
1109 2275 1259 2306 debebat
1276 2286 1350 2306 esse
1366 2278 1389 2310 β
1406 2288 1413 2307 ;
1438 2277 1604 2308 habenda
1618 2284 1693 2309 erat

98 2330 127 2349 α.
218 2320 428 2359 Quanquam
453 2344 460 2352 .
481 2343 488 2351 .
515 2344 522 2351 .
546 2330 598 2358 24.
623 2321 802 2359 quieuisse
815 2322 891 2351 add.
917 2321 940 2354 β
957 2321 1026 2361 (22.
1044 2320 1070 2349 ii
1087 2318 1185 2353 BlF:
1210 2319 1263 2349 hii
1280 2319 1345 2359 β’ὶ).
1481 2331 1532 2360 25.
1557 2324 1693 2362 postea—

99 2370 208 2400 quam
233 2365 278 2397 βε
303 2373 381 2394 cum
400 2375 429 2394 α.
498 2373 571 2394 non
596 2373 670 2394 esse
695 2365 740 2398 B:
764 2364 860 2394 haud
889 2375 920 2394 α.
996 2372 1184 2393 censueras
1199 2364 1241 2397 B:
1268 2363 1436 2395 censebas
1459 2376 1489 2396 α.
1577 2367 1630 2397 26.
1658 2370 1694 2397 et

98 2406 120 2438 Β
135 2417 141 2436 ;
168 2416 207 2437 ac
223 2418 254 2438 α.
375 2417 427 2446 27.
451 2408 648 2446 purulenta
663 2409 686 2441 β
703 2419 709 2437 ;
732 2407 836 2437 foeda
851 2419 882 2438 a.
974 2409 1130 2437 tartareo
1147 2416 1284 2437 veneno
1312 2408 1427 2438 tincta
1442 2409 1465 2442 β
1479 2420 1487 2439 :
1511 2410 1695 2441 teterrima

97 2460 125 2481 α.
261 2449 312 2481 28.
340 2451 502 2481 scelerati
527 2452 653 2491 capitis
678 2454 750 2481 add.
767 2452 801 2484 β.
952 2460 1002 2489 29.
1028 2451 1171 2480 volebas
1195 2450 1388 2481 modestiae
1405 2453 1446 2485 β;
1472 2453 1620 2483 voluisti
1638 2454 1689 2484 tui

97 2505 127 2523 a.
219 2504 273 2533 3ο.
298 2494 455 2534 profecto
471 2495 694 2535 propositum
712 2496 751 2528 β;
778 2494 943 2534 equidem
969 2494 1162 2524 consilium
1183 2506 1211 2524 α.
1305 2504 1355 2533 31.
1379 2498 1551 2535 perpetuo
1567 2497 1693 2527 feceris

99 2538 143 2570 βε
167 2537 284 2568 facere
308 2547 430 2577 perges
452 2549 482 2569 α.
622 2548 675 2577 32.
702 2539 732 2568 si
756 2539 916 2569 viderint
933 2561 942 2569 .
967 2560 975 2569 .
1001 2560 1008 2568 .
1036 2538 1185 2568 Erasmo
1209 2539 1254 2571 B:
1278 2547 1360 2568 cum
1377 2539 1692 2578 impudentissimo

96 2581 223 2619 cuique
248 2581 396 2621 impune
420 2581 486 2612 tibi
511 2593 540 2612 α.
674 2591 726 2621 33.
753 2582 874 2612 licebit
893 2586 962 2618 post
986 2581 1137 2611 illudere
1160 2592 1198 2611 a:
1223 2592 1282 2612 om.
1307 2584 1339 2615 β.
1432 2583 1566 2622 Quare.
1586 2608 1595 2616 .
1613 2607 1620 2615 .
1641 2594 1692 2623 34.

97 2624 257 2655 rabulam
271 2626 293 2658 β
313 2625 377 2664 (33.
393 2635 431 2655 ac
442 2625 478 2658 β1
491 2629 536 2656 F:
561 2626 588 2656 δι,
603 2624 676 2666 βῖμ
701 2626 748 2656 Te
765 2627 877 2665 igitur
893 2626 1015 2656 hortor
1031 2634 1069 2655 ac
1087 2626 1130 2655 ob
1146 2626 1343 2655 amicitiam
1362 2628 1523 2658 nostram
1537 2628 1692 2658 obtestor

96 2677 141 2699 ne
158 2668 289 2699 dehinc
312 2678 602 2708 vnumquemque
626 2669 840 2700 nebulonem
865 2681 895 2700 α,
998 2678 1048 2707 35.
1074 2668 1212 2699 duxisti
1234 2670 1276 2703 β;
1301 2668 1468 2700 videatur
1490 2682 1519 2701 α.
1638 2672 1690 2711 36.

95 2712 254 2751 teipsum
270 2735 278 2743 .
297 2735 305 2743 .
324 2735 332 2742 .
352 2713 559 2752 quempiam
575 2714 616 2746 B:
643 2717 677 2744 te
694 2713 753 2743 sed
771 2722 898 2752 coqum
916 2712 1096 2751 quendam
1112 2724 1142 2742 α.
1266 2714 1477 2752 respondeas
1494 2737 1502 2744 .
1522 2738 1530 2745 .
1549 2737 1557 2745 .
1575 2723 1629 2754 37.
1655 2725 1691 2745 es

95 2756 118 2788 β
133 2767 140 2785 :
164 2755 201 2785 id
218 2756 290 2786 fiat.
338 2755 451 2786 Maior
466 2758 507 2787 tu
523 2766 559 2787 es
578 2757 735 2797 (etiamsi
752 2757 808 2786 illi
824 2756 1075 2787 molestissime
1093 2755 1215 2786 laudes
1232 2757 1312 2786 tuas
1328 2757 1462 2796 ferant)
1480 2769 1510 2788 α.
1638 2768 1690 2798 39.

96 2797 196 2839 Quod
212 2801 253 2833 B:
281 2799 424 2829 Etenim
444 2811 473 2830 α.
565 2801 588 2833 β
606 2811 613 2830 z
637 2800 942 2839 sycophantornm
960 2811 990 2830 α.
1071 2801 1114 2832 βε
1140 2800 1303 2830 obruaris
1320 2811 1349 2830 a.
1436 2805 1489 2831 est
1506 2803 1528 2834 β
1543 2813 1549 2831 :
1573 2802 1641 2831 erit
1659 2814 1689 2832 α.

143 2899 170 2926 7.
200 2888 439 2929 respondisse]
457 2891 493 2919 to
511 2889 572 2928 Ep.
595 2899 667 2927 747.
928 2898 960 2927 p.
985 2898 1053 2918 110.
1095 2887 1167 2917 The
1178 2888 1332 2926 promise
1344 2888 1409 2917 ofa
1424 2888 1688 2928 furtherreply,

141 2933 170 2961 8.
199 2932 371 2972 Alamiri]
390 2931 440 2962 Cf.
465 2932 550 2971 Epp.
572 2942 643 2970 711.
666 2933 741 2969 16n,
764 2942 856 2962 1001.
928 2934 963 2962 to
982 2931 1078 2961 Loe's
1095 2933 1204 2967 notes,
1224 2940 1345 2961 occurs
1361 2933 1397 2961 at
1416 2931 1476 2961 the
1494 2932 1575 2970 end,
1590 2932 1623 2962 ff.
1645 2930 1688 2962 G⁸

139 2985 170 3014 9.
197 2974 432 3016 inuectiuam]
458 2975 521 3005 See
541 2976 602 3014 Ep.
626 2985 705 3013 1037
726 2975 856 3005 inti-od.
928 2978 976 3013 VO,
996 2974 1039 3005 G⁴
1060 2974 1194 3013 (Jortin
1212 2975 1247 3005 ii.
1269 2975 1358 3014 527).

143 3029 190 3049 11.
219 3017 448 3060 Apologiam]
487 3029 549 3056 qua
581 3021 760 3056 respondet:
803 3028 858 3049 see
971 3027 1022 3056 23.
1048 3018 1166 3058 laeuo]
1193 3018 1243 3048 Cf.
1264 3018 1326 3057 Ep.
1350 3019 1442 3056 1084.
1462 3019 1539 3055 48n.

1740 419 1778 440 10

1735 690 1772 721 15

1723 1773 1760 1803 ³5
