1990 3353
68 137 192 192 1059]
518 141 591 180 To
636 141 845 190 <JAMES
883 140 1218 189 LATOMUS‘?>
1592 141 1669 178 157

62 261 214 297 magno
245 249 383 288 studio
414 250 615 299 quosdam
649 250 789 288 nescio
818 250 916 299 quid
947 249 1086 287 moliri
1115 250 1160 287 in
1193 262 1270 296 me,
1307 251 1348 286 et
1381 248 1590 297 inquirere
1623 249 1667 287 in

62 303 191 341 libros
217 316 358 351 meos;
388 304 495 354 quod
525 317 742 353 nunquam
771 305 864 343 istis
892 304 1007 342 venit
1037 305 1080 342 in
1108 306 1304 349 mentem,
1335 302 1418 340 nisi
1446 316 1542 340 cum
1571 304 1667 341 irati
1689 318 1706 349 5

62 357 238 406 cupiunt
266 358 421 397 vlcisci.
481 359 541 397 At
570 358 787 408 sperabam
813 359 966 397 Atensi
996 360 1161 403 mortuo
1187 357 1325 395 studia
1353 357 1441 394 fore
1469 356 1667 407 tranquil-

62 411 175 458 liora,
210 425 286 450 nec
320 412 534 462 sperabam
565 412 652 451 fore
683 414 730 451 vt
762 413 838 450 hac
874 412 917 450 in
951 414 1066 462 parte
1095 411 1242 450 Helias
1275 411 1345 449 ille
1374 423 1470 449 suos
1498 410 1667 449 haberet

62 466 268 504 Helizeos.
326 467 390 505 Tu
417 466 480 505 fac
509 480 606 505 eum
635 470 819 516 praestes
848 480 971 516 quem
1005 479 1049 504 es
1082 466 1305 516 pollicitus.
1365 466 1420 503 In
1453 465 1664 515 Epistolis,

60 520 157 558 licet
176 523 272 559 ante
287 521 545 559 concordiam
566 521 727 569 aeditis,
745 521 854 559 nihil
868 523 932 559 est
952 521 1061 570 quod
1076 520 1321 570 cuiusquam
1341 519 1475 558 laedat
1496 520 1664 565 famam,

62 574 142 613 nisi
165 587 207 613 se
227 576 383 624 prodat.
433 575 546 614 Bene
566 576 669 624 vale,
693 578 734 614 et
754 575 1050 625 tranquillitati
1076 574 1313 613 studiorum
1334 573 1528 622 consule3
1559 574 1668 625 quod
1690 575 1729 613 14>

61 629 195 679 magis
216 630 259 667 in
282 643 369 667 rem
390 631 571 668 vestram
591 633 655 669 est
675 642 800 679 quam
821 643 969 668 meam.

1281 684 1482 722 Erasmus
1501 685 1613 721 tuus.

507 856 632 896 1060.
692 853 756 896 To
788 854 981 895 THOMAs
1014 853 1222 895 Woisssr.

110 944 300 990 Epistolae
319 946 366 981 ad
383 945 551 982 diuersos
569 958 604 991 p.
624 946 705 991 496.
1346 942 1526 978 Louvain.

109 1001 203 1038 HN:
229 1003 345 1039 Lond.
365 1003 428 1039 xii.
447 1005 515 1039 28:
542 1004 614 1039 LB.
634 1006 714 1048 384.
1275 1013 1287 1036 1
1312 1001 1502 1047 February
1524 1003 1620 1048 mg.

107 1085 208 1126 [This
240 1085 347 1116 letter
377 1096 461 1126 may
484 1086 527 1116 be
552 1086 743 1126 compared
767 1086 857 1116 with
885 1085 949 1125 Ep.
978 1084 1084 1114 1062:
1116 1083 1207 1114 with
1234 1083 1350 1113 which
1377 1083 1405 1113 it
1430 1083 1459 1113 is
1483 1080 1669 1120 evidently

61 1129 362 1171 contemporary.]

312 1215 352 1244 R.
375 1215 416 1245 D.
438 1214 482 1245 D.
504 1214 694 1244 'PHOMAE
723 1214 858 1245 CARD.
884 1213 1166 1244 EBORAOENSI
1198 1211 1408 1242 ERASMVS

628 1282 970 1313 ROTERODAMVS
1000 1281 1034 1312 S.
1058 1281 1101 1312 D.

118 1360 236 1398 vic
258 1360 427 1398 meritas
448 1359 499 1397 do
519 1372 674 1408 poenas
693 1358 900 1397 stulticiae
920 1371 1046 1396 meae.
1107 1356 1188 1406 Qui
1208 1358 1396 1406 poteram
1416 1355 1539 1394 isthic
1560 1356 1668 1393 inter

61 1414 247 1452 eruditos
266 1414 421 1452 amicos
445 1417 486 1451 et
514 1414 697 1452 suauiter
721 1419 763 1451 et
787 1426 883 1451 curn
910 1413 1112 1462 dignitate
1132 1411 1284 1457 viuere,
1309 1410 1344 1448 si
1367 1409 1668 1460 benignitatem

10 1471 12 1473 ’
62 1468 196 1518 regiae
217 1468 446 1506 maiestatis
466 1481 510 1505 ac
531 1470 627 1505 tuae
648 1468 694 1505 R.
713 1468 764 1506 D.
787 1467 896 1506 vltro
917 1467 1097 1505 oblatam
1117 1465 1290 1504 fuissem
1310 1464 1535 1515 amplexus,
1558 1477 1669 1501 nunc

0 1546 3 1548 -
63 1536 185 1572 cogor
199 1536 293 1561 curn
314 1522 489 1571 ingratis
509 1521 758 1571 quibusdam
780 1525 822 1560 et
841 1520 1220 1571 impudentissimis
1239 1519 1507 1569 sycophantis
1533 1518 1669 1556 confli-

63 1577 180 1615 ctari.
219 1578 277 1616 Vt
295 1579 394 1615 sunt
415 1577 562 1615 fatales
582 1589 802 1625 corporum
822 1576 971 1623 morbi,
993 1576 1050 1613 ita
1070 1575 1191 1612 video
1215 1576 1255 1612 et
1274 1574 1510 1611 animorum
1524 1572 1669 1611 fatales
1689 1581 1706 1612 5

65 1632 263 1681 quasdam
276 1645 363 1670 esse
375 1633 521 1681 pestes,
538 1631 814 1680 vndecunque
827 1630 1145 1680 proficiscuntur
1161 1643 1169 1666 :
1199 1627 1287 1666 siue
1303 1629 1354 1666 ab
1367 1628 1500 1674 astris,
1518 1627 1606 1665 siue
1619 1627 1670 1665 ab

64 1686 166 1736 ipsis
186 1686 427 1736 corporibus
453 1685 574 1724 aliter
599 1687 725 1735 atque
753 1685 875 1723 aliter
900 1685 1071 1731 affectis,
1095 1684 1182 1721 siue
1203 1683 1312 1733 quod
1340 1682 1472 1732 magis
1493 1695 1596 1730 reor,
1618 1681 1670 1719 ab

63 1740 238 1778 humani
266 1741 426 1789 generis
452 1740 582 1786 hoste,
613 1740 685 1789 qui
714 1739 830 1777 nulla
854 1753 896 1778 re
924 1739 1055 1788 magis
1084 1738 1235 1788 gaudet
1267 1750 1391 1786 quam
1423 1739 1565 1775 nostra
1593 1736 1670 1774 dis-

63 1794 212 1833 cordia.
265 1795 368 1842 Quis
388 1794 502 1832 enim
520 1794 625 1832 alius
646 1796 812 1832 tantum
832 1794 982 1832 veneni
1002 1793 1154 1831 studiis
1168 1792 1342 1840 inuexit,
1364 1791 1491 1830 etiam
1512 1791 1671 1829 sacris‘?

64 1863 87 1888 a
107 1850 258 1899 quibus
277 1849 430 1899 pendet
451 1851 542 1887 tum
563 1848 828 1887 incolumitas
847 1850 939 1886 tum
960 1848 1141 1897 dignitas
1161 1846 1422 1885 Christianae
1441 1845 1666 1895 religionis.
1694 1865 1732 1886 10

65 1904 168 1942 Tam
197 1903 347 1942 amaris
377 1903 482 1941 odiis
506 1916 619 1941 nunc
641 1903 795 1953 passim
822 1903 934 1940 inter
963 1915 1051 1940 sese
1080 1901 1290 1939 decertant
1314 1901 1441 1938 etiam
1470 1899 1666 1949 theologi,

0 1980 1 2005 1
64 1960 152 1996 tam
172 1958 393 1997 virulentis
413 1957 567 1997 libellis
586 1957 767 1996 inuicem
795 1971 884 1996 sese
908 1956 1195 2007 proscindunt,
1220 1955 1399 2004 publicis
1418 1954 1526 2004 apud
1547 1967 1670 2003 popu-

0 2009 1 2024 *
65 2012 154 2051 lum
183 2013 452 2051 concionibus
480 2025 568 2050 sese
596 2014 744 2050 mutuo
772 2012 966 2060 lacerant,
990 2013 1037 2049 vt
1066 2023 1157 2048 mea
1185 2009 1394 2048 sententia
1421 2008 1672 2058 praestiterit

65 2067 235 2106 hortum
256 2066 386 2105 colere
406 2079 532 2116 quam
551 2065 703 2105 literas.

119 2122 260 2172 Atque
280 2121 356 2159 hac
377 2121 421 2159 in
442 2134 485 2158 re
504 2121 612 2159 nulli
632 2122 802 2170 peccant
821 2119 1109 2170 impudentius
1129 2132 1251 2169 quam
1273 2118 1302 2155 ii
1322 2117 1395 2168 qui
1415 2117 1491 2155 sub
1512 2116 1671 2155 mendi·
1695 2136 1731 2167 15

66 2176 204 2214 citatis
229 2175 484 2225 professione
509 2175 773 2225 tyrannidem
803 2175 1070 2212 meditantur.
1129 2172 1373 2222 Complures
1397 2171 1671 2209 eruditissimi

66 2230 149 2269 viri
175 2243 224 2269 ex
250 2232 338 2268 toto
368 2230 466 2267 orbe
493 2229 601 2267 mihi
627 2230 782 2279 gratias
808 2231 938 2279 agunt
964 2242 1038 2278 pro
1066 2228 1185 2266 Nouo
1211 2227 1478 2264 Testamento
1503 2225 1587 2264 iam
1608 2225 1672 2263 bis

67 2284 289 2335 recognito,
312 2285 424 2322 inter
443 2297 546 2333 quos
566 2286 607 2322 et
627 2284 786 2333 aliquot
800 2283 981 2333 episcopi
1001 2284 1111 2329 sunt,
1131 2285 1254 2332 atque
1273 2281 1374 2319 adeo
1391 2293 1581 2318 summus
1602 2279 1673 2317 ille

68 2340 260 2377 omnium
288 2338 382 2386 Leo,
412 2338 500 2376 eius
526 2338 714 2376 nominis
737 2338 932 2376 decimus.
992 2338 1047 2375 Et
1073 2337 1174 2375 istos
1203 2349 1288 2373 non
1317 2335 1454 2385 pudet,
1484 2334 1672 2372 nondum

69 2394 174 2432 lecto
203 2406 335 2442 opere,
364 2392 572 2431 seditiosis
594 2392 845 2431 clamoribus
871 2392 980 2442 apud
1002 2391 1204 2441 populum
1228 2391 1442 2428 traducere
1461 2389 1565 2427 bene
1590 2401 1673 2426 me·
1697 2405 1736 2427 20

113 2492 207 2522 1059.
239 2501 288 2521 12.
314 2491 483 2521 Erasmus
500 2492 582 2521 tuus
601 2500 658 2520 om.
681 2492 722 2519 H.
898 2489 993 2519 1060.
1017 2498 1079 2518 ⁷r1'r.
1100 2497 1131 2518 R.
1154 2497 1187 2519 D.
1203 2497 1235 2517 D.
1255 2497 1312 2517 om.
1332 2490 1376 2518 H.
1539 2495 1569 2524 3.
1595 2487 1677 2517 tuae

69 2535 108 2567 R.
123 2535 163 2566 D.
183 2538 232 2566 F:
257 2538 355 2565 tuam
372 2536 415 2565 H.
554 2543 601 2573 13.
628 2535 668 2564 vt
684 2543 742 2565 om.
762 2536 802 2564 N.
940 2542 986 2571 15.
1016 2533 1040 2562 ii
1057 2535 1107 2562 F:
1130 2532 1169 2562 hi
1188 2533 1228 2562 N.

94 2640 188 2671 1059.
199 2651 229 2679 4.
247 2640 286 2670 in
300 2636 531 2676 librosmcos]
545 2637 599 2669 Cf.
609 2636 671 2676 Ep.
686 2645 834 2676 1053.34.
911 2646 1002 2674 1007.
1024 2637 1102 2667 8111.

113 2684 143 2715 8.
171 2682 358 2724 Epistolis]
391 2682 582 2713 Doubtless
609 2680 671 2711 the
698 2682 839 2718 Farrayo
953 2680 1048 2711 1060.
1066 2689 1092 2710 1.
1119 2678 1295 2719 poteram]
1314 2678 1366 2709 Cf.
1379 2677 1443 2717 Ep.
1460 2678 1524 2716 964
1542 2676 1673 2707 introd.

72 2727 158 2767 (E):
189 2727 243 2757 for
267 2726 404 2766 though
436 2726 466 2757 it
494 2735 567 2756 was
594 2726 655 2754 not
680 2723 838 2763 actually
951 2733 980 2762 5.
1009 2722 1149 2763 fatales]
1168 2723 1235 2753 For
1251 2722 1429 2752 Erasmus'
1445 2722 1537 2751 view
1553 2720 1591 2751 of
1603 2720 1675 2750 fato

70 2771 259 2810 published
298 2770 416 2801 before
454 2769 516 2800 the
554 2767 835 2807 reconciliation,
908 2777 945 2797 as
969 2777 1013 2797 an
1039 2767 1199 2797 element
1223 2767 1261 2796 in
1284 2766 1420 2796 human
1442 2765 1505 2796 life
1522 2764 1565 2795 cf.
1586 2764 1672 2803 Epp.

73 2814 250 2845 Erasmus'
275 2816 356 2853 part
388 2814 427 2843 in
460 2814 488 2844 it
512 2814 608 2843 must
633 2811 723 2842 have
748 2812 837 2841 been
909 2820 979 2849 777.
1000 2816 1095 2849 22-3‚
1117 2811 1189 2849 785.
1208 2810 1238 2846 8,
1259 2810 1332 2848 786.
1360 2819 1409 2849 19⁷
1435 2819 1506 2848 794.
1527 2808 1580 2846 84,
1600 2807 1673 2845 848.

72 2857 271 2898 completed
291 2857 328 2888 in
346 2857 435 2896 Aug.
459 2864 551 2895 1519.
914 2864 1031 2893 11—12,
1046 2863 1138 2892 1053.
1153 2854 1240 2892 448:
1264 2863 1321 2883 see
1339 2853 1413 2883 also
1426 2852 1490 2892 Ep.
1506 2861 1597 2882 1102.
1614 2852 1671 2880 611.

115 2912 144 2942 9.
172 2901 290 2932 laedat
328 2900 477 2941 famam]
518 2900 586 2930 For
623 2898 842 2938 subsequent
957 2907 1004 2936 ¹5·
1034 2896 1074 2935 ii]
1099 2897 1174 2928 The
1201 2897 1326 2934 f1·iars;
1358 2896 1477 2927 whom
1512 2895 1678 2925 Erasmus

73 2945 320 2975 modification
346 2944 383 2974 of
410 2943 485 2974 this
510 2943 659 2983 opinion
689 2951 744 2972 see
776 2942 840 2982 Ep.
910 2940 1119 2980 frequently
1135 2941 1337 2981 designates
1358 2950 1396 2970 as
1413 2937 1676 2977 πτωχοτύραννυι

76 2997 168 3029 1123.
181 2989 261 3028 7-8;
285 2988 356 3019 and
374 2986 429 3018 for
441 2986 619 3018 Erasmus·
633 2984 841 3025 sels-decep·
910 2985 969 3024 (cf.
988 2985 1074 3025 Epp.
1090 2985 1165 3024 998.
1185 2994 1265 3023 59n,
1285 2993 1378 3022 1053.
1398 2984 1535 3022 405-61.

74 3032 150 3063 tion
183 3032 288 3063 about
319 3031 377 3062 his
409 3040 486 3062 own
517 3030 682 3070 writings
707 3029 748 3059 cf.
777 3029 839 3069 Ep.
956 3038 1004 3067 17.
1032 3037 1073 3058 ex
1091 3030 1164 3059 toto
1182 3027 1281 3068 orbe]
1301 3027 1350 3058 Cf.
1370 3027 1432 3066 Ep.
1450 3035 1515 3066 950
1532 3023 1662 3055 introd.
