1990 3353
251 149 332 187 336
716 146 970 185 LETTERS
1010 145 1079 183 OF
1118 144 1385 183 ERAsMUs
1727 141 1856 196 [1520

307 259 461 307 Habes,
485 258 641 308 optime
670 257 888 304 Bilibalde‚
911 257 1074 296 consilii
1099 256 1183 296 mei
1202 256 1418 304 rationem,
1442 256 1560 294 cuius
1581 269 1646 294 me
1667 255 1855 294 nondum

189 329 232 360 40
250 312 477 352 admodum
511 312 719 363 poenitet:
760 311 888 350 etiam
918 311 954 350 si
983 311 1143 350 nullius
1175 310 1375 361 temporis
1405 311 1561 349 iactura
1589 323 1656 348 me
1686 310 1855 360 grauius

250 366 396 415 affecit,
431 380 557 417 quam
592 366 707 405 illius
737 366 1034 416 sesquimensis
1064 379 1145 416 quo
1174 364 1250 403 Lei
1283 364 1464 412 naenias,
1502 377 1588 402 non
1619 363 1761 402 minus
1790 364 1854 402 in-

250 435 443 460 amoenas
484 434 608 471 quam
646 420 836 459 indoctas
873 434 918 458 ac
955 420 1197 468 virulentas,
1232 421 1274 458 et
1312 419 1492 468 legimus
1528 420 1569 457 et
1607 417 1850 457 refellimus.

251 477 382 515 Porro
420 476 529 526 quod
560 475 715 514 vereris
748 488 800 512 ne
834 474 932 513 haec
966 488 1057 513 mea
1090 474 1242 513 lenitas
1272 473 1504 512 multorum
1542 473 1696 511 inuitet
1729 472 1855 511 male-

252 529 492 578 dicentiam,
522 543 597 580 ego
628 529 797 579 grauius
827 542 914 567 esse
943 529 1174 579 periculum
1203 528 1381 566 arbitror
1407 540 1471 574 ne,
1504 527 1539 565 si
1568 526 1857 566 maledicentia

192 596 232 627 45
252 584 586 623 maledicentiam
607 583 771 632 inuitet,
795 583 940 622 nullus
960 583 1016 622 sit
1035 582 1273 622 insaniendi
1293 582 1400 629 finis,
1424 581 1588 632 quando
1611 582 1694 620 iam
1714 594 1854 630 prope-

251 638 518 679 modumres
547 639 590 677 in
620 638 777 676 rabiem
805 637 918 676 exiit.
978 638 1070 676 Hoc
1100 637 1273 675 consilio
1303 636 1415 674 Deus
1443 635 1576 674 vetuit
1605 649 1656 674 ne
1685 635 1778 686 quis
1806 636 1858 674 de

252 693 355 732 Cain
371 695 555 732 sumeret
566 692 810 735 vindictam,
824 705 876 730 ne
895 691 1113 741 reciprocis
1125 690 1334 730 vindictae
1345 690 1507 729 vicibus
1523 689 1666 728 nullus
1684 689 1855 728 tandem

253 750 363 788 esset
397 748 504 786 finis.
563 747 785 796 Vtcunque
818 760 883 785 res
911 747 1051 794 habet,
1080 759 1157 795 ego
1187 745 1539 796 sycophantarum
1573 744 1695 783 turba
1726 743 1857 782 malui

252 802 381 851 obrui,
405 815 529 853 quam
558 801 819 840 committere
838 804 885 840 vt
914 801 1021 839 hanc
1048 799 1225 851 gloriam
1254 799 1458 847 amittam,
1482 799 1694 837 neminem
1722 798 1856 837 adhuc

192 872 235 903 50
252 857 418 908 scriptis
437 856 543 895 meis
566 856 721 894 factum
748 869 837 893 esse
862 854 1041 905 nigrum.
1101 855 1208 893 Nam
1237 854 1346 892 Leus
1369 853 1450 892 sibi
1472 853 1652 903 imputet
1680 854 1857 903 oportet,

252 911 288 950 si
307 912 379 962 qui
394 911 502 950 male
516 911 565 949 de
581 910 655 948 illo
670 910 869 949 sentiunt.
929 909 1060 948 Porro
1075 909 1182 959 quod
1195 908 1415 958 suspicaris
1429 906 1561 946 Leum
1582 907 1856 946 subornatum

252 965 511 1013 histrionem,
535 967 582 1004 vt
603 964 902 1003 monachorum
921 977 967 1002 ac
987 964 1275 1012 theologorum
1295 966 1431 1012 partes
1450 963 1597 1011 ageret,
1620 974 1856 1012 quanquam

252 1020 371 1059 facile
401 1020 566 1059 credam
599 1019 724 1057 huius
757 1018 964 1057 actionem
997 1020 1156 1068 gratam
1191 1017 1319 1055 fuisse
1351 1016 1600 1067 quibusdam
1638 1016 1710 1066 qui
1748 1012 1857 1054 male‘

252 1075 402 1114 volunt
417 1073 539 1113 bonis
558 1073 719 1120 studiis,
737 1075 877 1111 tamen
897 1072 1032 1123 magis
1049 1072 1227 1110 arbitror
1246 1070 1311 1109 illi
1330 1070 1598 1121 potissimum
1617 1070 1662 1108 in
1682 1069 1858 1109 consilio

195 1139 233 1170 55
253 1130 383 1168 fuisse
406 1128 622 1180 proprium
652 1127 882 1178 ingenium,
907 1127 957 1165 ad
984 1127 1081 1165 haec
1105 1127 1253 1164 natura
1277 1138 1541 1175 propensum.
1602 1124 1698 1163 Non
1725 1124 1856 1163 alium

252 1184 380 1222 fuisse
406 1182 642 1233 praedicant
661 1182 732 1232 qui
754 1195 906 1220 nouere
927 1194 1103 1231 puerum
1121 1195 1130 1218 :
1160 1193 1323 1230 semper
1343 1192 1491 1218 saeuus
1510 1181 1597 1218 erat
1621 1192 1667 1218 ac
1686 1179 1853 1227 vindex,

254 1238 450 1277 omnibus
489 1236 715 1284 inuidebat,
756 1249 842 1274 non
880 1235 1037 1274 ferebat
1073 1248 1311 1285 quenquam
1348 1247 1502 1284 parem,
1542 1233 1677 1272 multo
1715 1233 1857 1272 minus

253 1292 534 1343 superiorem3
561 1291 675 1330 solus
694 1290 836 1329 haberi
855 1290 900 1328 in
920 1290 1057 1339 precio
1080 1289 1260 1336 volebat,
1286 1288 1481 1339 gloriolae
1507 1290 1594 1327 erat
1623 1288 1857 1326 sitientissi-

253 1360 361 1395 mus,
381 1360 477 1386 suae
496 1345 724 1385 sententiae
744 1345 848 1383 mire
868 1345 1067 1395 pertinax.
1119 1343 1231 1382 Talis
1251 1345 1336 1381 erat
1356 1356 1469 1392 puer,
1492 1342 1588 1381 talis
1607 1342 1854 1387 adolescens,

193 1403 235 1436 60
253 1401 350 1440 talis
388 1400 580 1448 iuuenis;
622 1399 719 1438 talis
748 1413 861 1438 nunc
889 1399 1016 1437 etiam
1044 1399 1110 1437 vir
1137 1401 1210 1446 est,
1240 1397 1323 1436 nisi
1351 1397 1460 1447 quod
1489 1410 1585 1435 cum
1613 1398 1745 1435 aetate
1773 1397 1857 1434 fere

253 1455 388 1494 solent
415 1467 640 1494 accrescere
664 1454 780 1493 vicia.
840 1454 982 1504 Atque
1007 1453 1169 1492 vtinam
1193 1453 1259 1491 vel
1286 1464 1412 1490 senex
1438 1451 1510 1489 fiat
1540 1450 1762 1500 aliquando
1791 1450 1857 1489 sui

253 1510 472 1548 dissimilis
487 1511 496 1548 Σ

308 1565 425 1613 Quod
464 1563 572 1601 mihi
605 1563 808 1613 plurimos
846 1575 932 1600 non
972 1561 1113 1599 minus
1152 1561 1293 1599 doctos
1326 1573 1451 1610 quam
1481 1561 1671 1609 potentes
1703 1559 1857 1598 amicos

253 1618 486 1668 gratularis,
520 1618 627 1668 quod
657 1617 841 1657 nominis
871 1615 1229 1654 immortalitatem
1258 1617 1365 1653 recte
1394 1614 1512 1652 factis
1539 1616 1714 1663 partam,
1746 1615 1856 1663 quod

194 1683 234 1724 65
254 1686 320 1711 me
340 1673 469 1711 liuore
496 1672 694 1711 maiorem
719 1672 831 1720 facis,
856 1670 1059 1708 nimirum
1084 1669 1187 1708 facis
1214 1671 1410 1716 amanter,
1435 1669 1494 1706 mi
1514 1668 1732 1716 Bilibalde,
1756 1668 1857 1707 dum

254 1727 435 1766 amicum
449 1726 633 1776 Vndique
646 1725 941 1775 impetentibus
954 1724 1306 1774 sycophantarum
1319 1722 1524 1762 machinis
1537 1722 1854 1772 periclitantem,

255 1783 302 1820 vt
330 1783 375 1820 tu
405 1783 538 1831 putas,
573 1780 725 1819 blanda
757 1779 1035 1818 consolatione
1073 1778 1275 1817 subleuas.
1337 1778 1423 1827 Ego
1455 1777 1580 1815 istam
1615 1777 1857 1815 immortali-

255 1837 384 1874 tatem
413 1835 523 1874 nihil
552 1848 700 1873 moror.
760 1834 886 1872 Recte
913 1834 1021 1871 facta
1050 1846 1132 1871 non
1161 1845 1347 1882 agnosco,
1370 1833 1536 1870 tantum
1565 1832 1737 1869 adnisus
1763 1844 1858 1870 sum

256 1889 394 1940 aliqua
412 1903 462 1928 ex
476 1892 590 1939 parte
606 1902 697 1927 mea
716 1888 924 1927 industria
938 1887 1130 1937 prodesse
1144 1886 1297 1925 studiis
1311 1885 1499 1936 publicis,
1514 1887 1555 1924 et
1572 1886 1621 1923 ad
1642 1898 1858 1935 synceram

199 1961 238 1994 70
256 1944 588 1994 amplectendam
621 1943 777 1981 Christi
812 1942 1041 1981 doctrinam
1076 1942 1251 1979 excitare
1284 1940 1529 1978 mortalium
1567 1940 1740 1978 animos.
1799 1942 1858 1978 At

256 2012 400 2038 vereor
437 2012 489 2036 ne
528 2011 593 2036 res
631 1998 674 2035 in
711 1997 926 2035 diuersum
959 1998 1086 2035 exeat.
1148 1995 1364 2033 Hactenus
1397 1995 1447 2033 ad
1486 1994 1775 2033 scholasticam
1811 2008 1857 2033 ac

257 2053 568 2102 disputatricem
601 2051 855 2101 theologiam
887 2051 1093 2100 frigebant
1122 2063 1168 2088 ac
1200 2049 1453 2088 nauseabant
1487 2048 1578 2098 piae
1611 2051 1783 2097 mentes,
1817 2050 1859 2087 et

256 2120 354 2145 mox
374 2108 423 2145 ad
445 2106 720 2156 Euangelicae
735 2105 923 2144 veritatis
943 2106 1114 2155 gustum
1135 2106 1327 2153 ceperant
1347 2103 1595 2141 hilarescere
1613 2118 1622 2151 3
1651 2102 1722 2141 sed
1744 2105 1859 2141 tanta

255 2161 520 2200 contentione
539 2161 822 2210 conspiratum
848 2162 911 2198 est
933 2159 984 2198 ab
1008 2159 1060 2197 iis
1082 2158 1153 2208 qui
1179 2171 1298 2196 suam
1323 2157 1498 2207 gloriam
1523 2156 1679 2196 Christi
1704 2157 1859 2207 gloriae

198 2232 235 2265 75
256 2216 504 2265 praeferunt,
527 2219 574 2254 vt
597 2228 739 2254 verear
767 2228 820 2253 ne
848 2227 913 2252 res
942 2214 986 2251 in
1016 2213 1229 2251 diuersum
1257 2214 1385 2250 exeat.
1447 2211 1502 2249 Et
1530 2211 1630 2249 haec
1657 2215 1859 2261 geruntur

256 2284 329 2320 per
353 2283 422 2308 eos
448 2270 520 2320 qui
538 2269 664 2319 vulgo
693 2268 901 2307 habentur
929 2268 1001 2306 lux
1030 2267 1191 2314 mundi,
1214 2266 1419 2304 habentur
1448 2265 1507 2303 sal
1536 2268 1676 2304 terrae.
1735 2265 1858 2304 Nunc

257 2326 449 2362 sanctum
477 2337 523 2362 ac
550 2323 668 2374 pium
697 2325 760 2362 est
787 2323 832 2361 in
862 2322 988 2361 sacris
1016 2321 1283 2360 concionibus
1311 2333 1385 2370 pro
1411 2319 1584 2358 veritate
1610 2320 1860 2370 Euangelica

256 2378 457 2428 improbis
474 2378 704 2416 mendaciis
722 2377 855 2416 veluti
874 2377 924 2415 de
951 2375 1147 2426 plaustris
1166 2374 1407 2413 debacchari
1425 2374 1469 2412 in
1490 2374 1645 2412 famam
1664 2373 1854 2424 proximi.

258 2433 314 2470 Et
350 2446 373 2470 o
412 2445 646 2481 peruersam
685 2431 903 2479 maliciam,
943 2430 989 2468 in
1028 2429 1170 2468 odium
1208 2428 1471 2478 quorundam
1515 2430 1555 2466 et
1601 2428 1645 2466 in
1681 2429 1858 2478 gratiam

198 2498 239 2527 80
258 2486 492 2536 principum
520 2499 698 2536 quorum
726 2486 910 2525 fauorem
949 2486 1126 2534 captant,
1157 2496 1204 2521 ea
1234 2482 1470 2532 praedicant
1508 2482 1616 2532 apud
1654 2484 1858 2532 populum

258 2553 360 2590 quae
388 2540 469 2589 ipsi
498 2541 606 2590 apud
636 2554 680 2579 se
708 2540 933 2578 damnant!
983 2538 1123 2576 Nouos
1151 2537 1279 2575 libros
1307 2536 1513 2582 reiiciunt,
1536 2536 1606 2575 sed
1637 2536 1710 2586 qui
1738 2536 1859 2575 bonis

258 2594 407 2642 literis,
428 2608 529 2645 quas
551 2607 649 2632 cane
670 2595 788 2643 peius
813 2594 990 2632 oderunt
1010 2594 1051 2631 et
1071 2592 1209 2641 angui,
1233 2590 1390 2629 conditi
1409 2592 1519 2629 sunt.
1578 2590 1737 2629 Verum
1758 2591 1856 2641 quid

302 2703 498 2776 41.Haffecit
515 2706 568 2735 H:
594 2703 751 2734 affecerit
766 2706 802 2734 F.
909 2704 961 2742 58.
989 2702 1159 2743 gloriolae
1172 2705 1247 2734 erat
1259 2705 1369 2741 scripsi
1385 2714 1392 2734 :
1414 2702 1711 2743 glorioleaeraF:
1733 2702 1859 2742 gloria-

259 2756 338 2776 rum
389 2770 396 2777 .

303 2865 354 2895 41.
383 2856 654 2897 sesquimensis]
669 2857 732 2887 See
752 2867 785 2896 p.
805 2865 876 2896 110,
895 2856 967 2888 and
983 2856 1026 2887 cf.
1097 2865 1167 2885 was
1181 2866 1246 2886 one
1259 2855 1298 2886 of
1311 2856 1411 2886 these
1427 2866 1434 2886 :
1455 2855 1498 2887 cf.
1514 2856 1600 2895 Esv,
1615 2865 1648 2895 p.
1663 2855 1707 2886 60
1721 2854 1857 2895 (Jortin

260 2900 322 2940 Ep.
343 2910 436 2939 1134.
456 2901 508 2930 26.
1098 2900 1134 2930 ii.
1151 2900 1231 2939 648)
1249 2899 1319 2929 and
1338 2900 1402 2939 Ep.
1424 2907 1517 2938 1053.
1542 2908 1641 2938 13on.

302 2954 355 2983 43.
381 2953 459 2975 mea
475 2942 621 2983 lenitas]
636 2943 687 2975 Cf.
708 2944 770 2982 Ep.
790 2953 884 2983 1029.
901 2953 959 2982 9n.
1142 2944 1193 2981 76.
1217 2952 1281 2982 per
1296 2942 1369 2983 eos]
1386 2942 1460 2973 The
1478 2942 1654 2973 monastic
1669 2941 1800 2972 orders.

302 2997 355 3026 50.
382 2986 544 3027 nigrum]
563 2986 614 3017 Cf.
636 2987 700 3026 Ep.
725 2997 815 3026 [007.
832 2988 912 3018 8111.
1139 2987 1191 3016 82.
1217 2996 1303 3016 cane
1327 2985 1444 3027 peius]
1471 2986 1522 3018 Cf.
1547 2986 1634 3017 Hor.
1659 2987 1717 3022 Ερ.
1747 2993 1774 3014 1.
1807 2993 1854 3022 17.

303 3034 355 3070 56.
383 3040 514 3062 nouere
538 3028 705 3070 puerum]
730 3030 827 3061 More
849 3040 895 3061 no
916 3029 1028 3060 doubt
1096 3039 1149 3068 30.
