1990 3353
55 153 127 188 104
135 139 173 191 5]
457 139 610 179 FROM
650 137 963 178 GERMANUS
1000 137 1242 176 BRIXIUS
1575 137 1652 175 129

52 248 295 299 epistolam:
331 260 456 297 quam
486 246 711 285 verisimile
741 249 804 285 est
832 249 873 284 te
902 247 1016 296 prius
1044 246 1258 285 tabellario
1289 246 1466 296 cuipiam
1494 246 1545 284 ad
1581 259 1655 283 nos

53 303 335 352 perferendam
356 315 480 351 quam
506 301 763 350 typographo
784 301 1065 340 excudendam
1086 301 1248 339 dedisse
1266 314 1275 346 ;
1314 313 1462 338 verum
1483 313 1528 338 ea
1549 302 1657 338 certe
1682 315 1697 344 5

54 370 272 406 nunquam
313 355 485 402 reddita,
525 369 599 404 per
636 354 852 393 Budaeum
890 358 982 393 tum
1020 356 1206 405 primum
1245 354 1366 392 nobis
1410 354 1549 393 oblata
1587 355 1658 391 est.

56 411 245 450 Dicerem
266 410 478 460 placuisse,
502 409 584 447 nisi
603 409 645 447 id
667 423 851 447 seorsum
873 409 921 447 de
942 410 1141 460 singulari
1163 409 1303 459 aliquo
1324 408 1487 447 Erasmi
1507 407 1661 457 scripto

56 479 80 504 a
108 478 175 503 me
205 465 365 503 dictum
395 477 746 513 superuacaneum
777 464 1028 511 iudicarem3
1061 466 1162 502 sunt
1191 463 1306 502 enim
1338 463 1382 500 in
1415 463 1661 501 vniuersum

57 519 220 557 Erasmi
240 519 391 564 scripta
411 519 551 557 omnia
572 519 778 556 Germano
796 519 913 567 grata
932 531 978 556 ac
998 531 1096 556 sane
1118 531 1242 567 quam
1263 518 1439 567 ἐράσμιοι.

111 574 228 622 Quod
249 573 299 611 ad
321 573 525 611 Thomam
546 572 713 610 Meurum
735 572 886 610 attinet
901 572 1000 621 (iam
1019 573 1132 610 enim
1155 573 1290 622 primo
1311 571 1400 610 loco
1417 571 1664 620 respondere
1687 585 1726 606 10

57 628 190 678 placet
217 628 267 666 ad
298 627 339 665 id
368 629 663 677 argumentum
693 626 800 676 quod
826 629 872 665 tu
903 628 1111 676 postremo
1140 626 1186 664 in
1215 626 1390 675 epistola
1420 625 1661 674 collocasti).

58 682 203 720 scribis
224 682 366 720 audire
386 683 427 719 te
450 683 458 700 ‘
473 681 610 718 nescio
627 681 726 729 quid
743 681 903 718 dentati
922 681 1054 719 libelli
1067 681 1226 719 '——vtar
1244 681 1357 719 enim
1373 693 1420 718 eo
1440 680 1567 719 verbo
1584 693 1664 729 quo

59 737 145 786 ipse
176 736 316 783 vteris,
358 735 454 773 licet
482 735 971 774 inuidioso—‘aduersus
1005 736 1127 773 illum
1158 748 1225 773 me
1258 734 1448 781 moliri’3
1482 737 1523 773 et
1555 734 1663 784 quod

62 792 293 840 ‘vtrunque
322 794 516 828 nostrum
544 789 634 838 pari
668 802 806 828 amore
834 790 1123 840 complecteris
1139 790 1162 834 ³,
1191 790 1232 827 id
1263 789 1404 839 ipsum
1433 802 1486 826 ne
1514 788 1666 827 faciam

59 845 268 883 hortaris:
306 844 518 893 ‘expedire
547 845 589 882 et
621 844 788 893 publico
821 844 1027 883 bonarum
1060 844 1278 882 literarum
1311 843 1482 882 nomine
1515 843 1664 881 harum
1690 855 1725 886 15

60 902 219 949 mystas
239 899 349 937 inter
367 912 455 936 sese
480 899 712 946 conuenire,
735 900 876 948 postea
903 912 1027 948 quam
1053 901 1140 937 tam
1170 898 1308 936 odiose
1329 897 1573 946 conspirant
1598 897 1668 946 qui

61 954 202 992 Musas
231 952 503 991 auersanssurss
557 953 765 1002 Agnosco,
787 953 848 990 mi
877 953 1061 1000 Erasme‚
1083 953 1216 991 animi
1245 952 1310 990 tui
1335 952 1554 990 candorem
1581 964 1667 1001 per-

62 1021 188 1058 quam
208 1009 431 1058 egregium.
493 1008 686 1056 Agnosco
711 1007 836 1045 fidem
862 1021 1128 1057 amoremque
1153 1008 1198 1045 in
1228 1020 1296 1045 me
1324 1009 1447 1045 tuum
1474 1019 1560 1043 non
1580 1006 1667 1045 vul-

61 1075 214 1112 garem.
266 1065 458 1111 Agnosco
478 1061 734 1111 singularem
754 1063 963 1112 quandam
983 1063 1026 1100 in
1047 1062 1264 1111 politiores
1282 1061 1425 1099 literas
1444 1073 1669 1110 earumque

63 1116 241 1155 cultores
260 1115 604 1163 beneuolentiam,
635 1116 891 1163 charitatem,
916 1117 1115 1155 studium.
1177 1116 1291 1164 Quae
1310 1115 1401 1165 ipsa
1425 1128 1498 1164 per
1524 1128 1567 1153 se
1588 1114 1669 1153 sin·
1691 1125 1730 1147 20

63 1171 159 1221 gula
183 1172 346 1210 tantam
373 1173 483 1208 certe
512 1171 620 1219 apud
648 1184 716 1208 me
735 1172 835 1218 vim,
858 1173 946 1209 tam
971 1184 1174 1220 magnum
1200 1170 1363 1220 pondus
1391 1170 1594 1218 optinent,
1624 1170 1671 1206 vt

64 1225 173 1265 nihil
194 1226 416 1275 quicquam
437 1238 526 1263 esse
555 1238 724 1273 prorsus
744 1228 867 1274 queat
893 1225 1002 1274 quod
1029 1225 1228 1264 Erasmus
1250 1224 1318 1262 vel
1343 1224 1430 1261 solo
1456 1225 1564 1261 nutu
1585 1237 1670 1261 non

63 1280 255 1330 perfacile
285 1293 308 1317 a
334 1279 454 1317 nobis
486 1279 692 1329 impetret.
751 1279 1126 1318 Verumenimuero
1158 1279 1216 1317 ita
1246 1279 1353 1317 mihi
1384 1277 1528 1316 Musae
1559 1277 1672 1327 ipsae

64 1334 216 1379 adsint,
238 1334 438 1384 siquando
459 1333 627 1372 illarum
654 1333 886 1383 praesentia
912 1347 1014 1383 opus
1035 1334 1102 1380 sit,
1126 1336 1173 1372 vt
1198 1333 1282 1371 iam
1302 1332 1557 1371 Antimwrus
1581 1345 1673 1370 mea

65 1389 123 1438 (id
149 1389 263 1427 enim
291 1388 433 1438 syluae
458 1388 501 1425 in
527 1388 696 1426 erum
723 1401 878 1426 nomen
905 1389 982 1437 est)
1007 1388 1052 1426 in
1078 1387 1273 1426 manibus
1296 1386 1546 1437 typographi
1573 1389 1670 1433 erat,
1695 1395 1732 1426 25

65 1456 216 1493 magna
235 1456 285 1481 ex
304 1445 419 1492 parte
442 1442 585 1480 formis
600 1455 773 1481 excusa:
803 1443 920 1481 cuius
938 1442 999 1480 rei
1019 1445 1145 1480 testes
1159 1442 1265 1480 mihi
1287 1455 1374 1479 esse
1389 1442 1562 1490 possunt
1582 1443 1673 1479 turn

68 1498 262 1536 Budaeus
280 1500 373 1535 tum
400 1496 617 1543 Beraldus,
640 1496 791 1546 quibus
817 1510 892 1547 ego
913 1497 1131 1535 Antimwri
1155 1496 1384 1534 editionem
1410 1495 1494 1533 iam
1514 1495 1676 1545 aliquot

67 1555 162 1590 ante
193 1552 337 1590 diebus
365 1551 659 1589 indicaueram.
715 1551 791 1589 Est
818 1555 960 1590 autem
984 1551 1072 1595 tibi,
1106 1551 1296 1598 arbitror,
1330 1563 1471 1588 eorum
1501 1552 1675 1599 vterque

69 1609 151 1645 tam
185 1607 390 1656 spectatae
424 1619 469 1643 ac
500 1605 695 1654 probatae
724 1606 821 1644 fidei
852 1608 900 1644 vt
927 1605 995 1644 vel
1028 1605 1269 1643 vtriuslibet
1301 1603 1596 1643 testimonium
1625 1608 1674 1641 ad

70 1674 215 1700 causae
235 1661 360 1698 huius
381 1660 669 1709 probationem
690 1660 799 1710 apud
820 1662 862 1698 te
881 1661 1088 1699 facturum
1108 1659 1209 1697 satis
1229 1659 1478 1697 existimem.
1698 1667 1739 1698 50

124 1715 254 1753 Porro
282 1717 421 1753 autem
452 1714 730 1752 Antimwrum
762 1715 907 1764 ipsam,
940 1727 1065 1765 quam
1099 1714 1151 1752 ad
1181 1716 1222 1752 te
1251 1714 1386 1760 mitto,
1422 1712 1494 1750 vbi
1528 1712 1678 1762 legeris

70 1769 221 1819 (legere
245 1772 385 1807 autem
415 1782 468 1806 ne
496 1769 632 1818 pigeat
658 1769 842 1816 obsecro,
867 1769 992 1807 etiam
1021 1769 1057 1808 si
1084 1771 1126 1808 te
1156 1782 1239 1806 non
1269 1768 1351 1806 nisi
1379 1766 1679 1805 excultissimis

73 1826 195 1874 atque
229 1822 548 1873 elegantissimis
581 1823 814 1873 quibusque
843 1823 1032 1873 legendis
1065 1823 1350 1862 scribendisue
1380 1835 1548 1870 operam
1583 1821 1679 1859 dare

72 1879 228 1927 sciam),
251 1878 446 1916 fateberis
471 1878 595 1926 plane
620 1891 703 1916 non
725 1878 944 1916 dentatum
965 1891 1065 1925 esse,
1089 1878 1197 1927 quod
1219 1876 1445 1926 auguraris,
1473 1875 1677 1919 libellum,

74 1932 263 1983 quinimo
294 1944 463 1981 prorsus
492 1932 746 1978 edentulum,
784 1935 928 1982 vtpote
958 1933 1003 1970 in
1037 1946 1117 1982 quo
1151 1932 1363 1970 mordeam
1401 1929 1570 1980 quidem
1609 1930 1680 1967 sed
1701 1938 1740 1970 35

73 1988 225 2037 absque
245 1986 456 2034 dentibus,
471 1986 516 2024 in
537 2000 617 2036 quo
636 1987 744 2025 iocer
763 1987 834 2025 sed
853 1987 1007 2036 absque
1028 1987 1251 2035 calumnia,
1272 1986 1316 2023 in
1336 1998 1415 2035 quo
1431 1984 1587 2022 rideam
1609 1984 1680 2022 sed

75 2042 178 2080 citra
209 2040 456 2087 conuicium,
489 2041 536 2078 in
567 2054 648 2090 quo
679 2042 824 2079 ludam
850 2043 921 2080 sed
953 2040 1054 2079 citra
1080 2040 1362 2087 maledictum,
1391 2039 1436 2077 in
1469 2052 1550 2087 quo
1576 2051 1681 2076 com·

76 2096 354 2134 monefaoiam
379 2095 450 2133 sed
480 2095 568 2133 sine
598 2095 895 2145 obiurgatione,
925 2096 968 2133 in
999 2109 1079 2145 quo
1103 2095 1289 2133 erudiam
1317 2094 1386 2132 sed
1417 2093 1508 2131 sine
1536 2092 1678 2131 serula.

78 2149 186 2189 Nam
215 2149 360 2187 Mmrus
388 2149 557 2188 tametsi
578 2149 741 2198 probris
767 2150 892 2188 etiam
916 2152 1040 2199 atque
1065 2148 1398 2187 execrationibus
1418 2161 1484 2185 me
1510 2149 1552 2184 et
1575 2147 1682 2185 inco-

77 2204 254 2254 gnitum,
280 2204 386 2253 quod
403 2203 474 2251 ais,
491 2206 532 2241 et
547 2205 837 2243 commeritum
857 2204 976 2250 nihil,
995 2204 1101 2254 quod
1126 2203 1311 2249 arbitror,
1330 2202 1439 2240 vltro
1458 2201 1683 2240 insectatus
1703 2214 1746 2246 40

78 2261 152 2305 est,
177 2259 368 2308 Cyclopis
391 2257 579 2296 videlicet
600 2258 831 2297 barbariem
858 2259 1060 2301 imitatus,
1081 2258 1151 2308 qui
1177 2258 1286 2306 apud
1314 2256 1558 2302 Homerum,
1582 2256 1683 2294 dum

79 2326 124 2351 se
143 2312 255 2351 videt
280 2312 326 2350 in
346 2312 539 2362 Vlyssem
563 2325 713 2351 nauem
739 2313 825 2352 iam
853 2313 1087 2363 ingressum
1114 2312 1234 2350 aliter
1255 2311 1412 2350 saeuire
1440 2323 1524 2347 non
1550 2323 1682 2359 posse,

79 2367 144 2405 illi
158 2380 254 2417 prae
269 2367 473 2405 stomachi
488 2367 600 2405 rabie
614 2367 866 2416 imprecatur
878 2370 969 2405 tum
982 2380 1099 2405 suam
1116 2369 1207 2404 tum
1224 2365 1431 2404 sociorum
1444 2364 1683 2414 perniciem.

80 2435 125 2461 ac
154 2424 369 2471 propterea
398 2424 583 2470 poteram
611 2421 699 2470 ipse
727 2422 816 2459 iure
845 2422 1023 2471 quodam
1053 2420 1181 2459 duelli
1211 2421 1299 2469 pari
1329 2419 1506 2457 telorum
1537 2431 1686 2467 genere

81 2478 263 2514 armatus
293 2487 388 2513 cum
417 2475 652 2514 aduersario
686 2476 730 2514 in
765 2476 960 2514 harenam
994 2476 1266 2521 descendere;
1306 2476 1446 2512 tamen
1476 2474 1685 2511 facturum
1705 2481 1746 2513 45

82 2543 148 2568 me
178 2530 314 2569 multo
343 2529 452 2578 apud
478 2542 624 2568 omnes
646 2530 1018 2568 commendabilius
1045 2532 1168 2578 atque
1197 2529 1298 2567 adeo
1326 2527 1556 2566 modestius
1585 2527 1686 2565 iudi—

82 2585 186 2631 caui,
219 2585 254 2622 si
280 2583 389 2621 eri
415 2584 634 2622 maledicta
660 2585 704 2622 iu
730 2585 859 2632 lusus,
888 2584 1074 2622 conuicia
1102 2584 1148 2621 in
1174 2583 1291 2630 risus,
1322 2582 1471 2632 probra
1496 2582 1540 2619 in
1564 2582 1684 2626 iocos,

83 2638 361 2677 execrationes
390 2638 435 2675 in
465 2638 628 2685 ironias,
661 2639 773 2676 diras
805 2638 849 2676 in
877 2639 1106 2677 scommata
1138 2639 1436 2676 conuerterem.
1496 2636 1546 2673 Id
1578 2636 1687 2686 quod

84 2706 109 2731 a
127 2705 193 2731 me
208 2693 364 2730 factum
384 2691 612 2731 feliciterne
639 2693 745 2731 mihi
772 2706 824 2731 an
851 2706 968 2731 secus
994 2692 1248 2738 successerit,
1273 2693 1365 2729 tum
1384 2693 1457 2729 tuo
1477 2692 1569 2728 tum
1593 2690 1689 2728 alio-

85 2759 180 2785 rum
200 2746 272 2796 qui
291 2745 453 2795 syluam
474 2745 615 2796 legent
634 2747 786 2785 iudicio
806 2747 1006 2796 relinquo.
1065 2746 1156 2784 Hoc
1176 2759 1307 2784 vnum
1328 2744 1452 2795 plane
1479 2758 1583 2791 reor,
1607 2744 1689 2781 nisi
1709 2754 1750 2784 50

88 2814 155 2840 me
174 2813 315 2839 meum
339 2799 448 2838 fallit
472 2802 740 2851 praesagium,
765 2802 955 2839 futurum
974 2803 1020 2839 vt
1040 2800 1147 2850 apud
1176 2802 1355 2838 caeteros
1382 2798 1453 2848 qui
1473 2799 1688 2848 vtriusque

222 2923 270 2944 12.
297 2912 436 2943 dentati
454 2916 581 2953 correxi,
600 2916 769 2944 secundmn
786 2916 844 2951 Ep.
863 2915 938 2945 620.
953 2923 1019 2953 29:
1043 2913 1192 2945 detetati
1210 2924 1243 2945 α.
1284 2914 1326 2949 Cs.
1345 2915 1440 2943 etiam
1456 2921 1485 2943 v.
1504 2921 1544 2950 34

589 3043 641 3072 4¹-
666 3033 881 3074 Homerum]
902 3035 954 3064 Ocl.
974 3043 1005 3072 9.
1026 3042 1089 3072 5¹3
1106 3042 1180 3071 seq.

156 3103 231 3123 «ῆι-4
870 3105 899 3130 K
