1990 3353
235 259 292 280 120

235 531 293 561 125

236 805 294 835 130

234 1346 292 1376 140

235 1613 290 1644 ¹45

231 1883 290 1915 ¹50

314 132 366 170 46
784 132 1035 171 LETTERS
1074 134 1144 172 OF
1182 133 1444 174 ERASMUS

1784 133 1910 189 [1519

311 245 507 294 appellari
546 258 674 294 posse.
736 246 805 282 An
845 257 930 282 non
968 243 1224 283 satisfeceras
1262 243 1392 282 officio
1425 246 1507 291 tuo,
1545 246 1809 294 posteaquam
1848 245 1910 281 tot

312 313 442 338 annos
463 301 580 338 tanto
609 299 796 337 tumultu
824 298 1010 337 libellum
1039 298 1175 336 nescio
1196 311 1320 347 quem
1351 298 1586 344 obscurum,
1609 311 1682 336 nec
1702 298 1779 336 vlli
1805 298 1911 336 forte

314 354 645 404 cognoscendum
685 352 767 391 nisi
805 354 851 390 tu
890 352 1165 400 nobilitasseS,
1208 353 1434 403 insectatus
1474 354 1597 391 eras?
1644 354 1910 402 posteaquam

315 409 556 447 Rhomanus
576 407 783 453 Pontifex,
803 406 1043 456 intelligens
1062 406 1266 444 eiusmodi
1287 419 1432 444 causae
1453 420 1582 456 genus
1604 419 1690 444 esse
1711 409 1755 444 vt
1778 405 1911 454 magis

314 463 522 512 expediret
551 461 760 500 obliterari
782 474 905 510 quam
932 460 1098 510 longius
1124 460 1335 509 exagitari,
1358 460 1516 509 quiesci
1542 460 1698 499 iussit?
1755 460 1798 498 Si
1819 460 1911 510 quis

314 531 428 555 error
456 516 639 554 extiterit
668 515 922 564 perniciosus
951 514 1210 553 Christianae
1245 514 1398 563 pietati,
1434 514 1618 564 primum
1650 514 1910 553 eruditorum

314 571 595 621 disputatione
628 569 849 618 diligenter
879 571 940 607 est
973 568 1256 615 excutiendus,
1290 581 1387 606 mox
1420 569 1668 607 indicandus
1705 569 1906 618 episcopo.

315 626 363 664 Id
386 625 456 663 vbi
479 625 631 663 factum
651 626 715 662 est
734 624 807 661 abs
827 626 878 670 te,
902 623 984 662 iam
1006 622 1272 673 Inquisitoris
1293 623 1423 661 officio
1444 623 1612 661 functus
1631 637 1686 662 es.
1736 622 1910 661 Inuesti-

314 681 429 730 gasti,
454 677 673 728 prodidisti
692 677 842 727 quibus
863 678 1054 726 oportuit.
1101 677 1191 715 Non
1213 679 1276 715 est
1290 677 1367 715 tibi
1388 690 1552 715 necesse
1567 677 1909 715 eoelummi-:cere

316 738 447 771 terrae
468 736 508 771 et
528 734 664 771 tantas
684 732 860 770 excitare
881 732 1118 781 tragoedias.

368 788 539 826 Vtinam
570 800 660 825 eam
685 799 861 835 operam,
883 799 952 824 eos
980 787 1181 835 sumptus,
1204 798 1272 823 eos
1300 798 1432 823 annos
1461 785 1733 834 praedicando
1755 785 1910 824 Christi

315 842 540 892 Euangelio
569 840 867 890 impendisses!
901 842 972 878 aut
1001 840 1122 889 plane
1151 853 1216 877 me
1245 839 1352 877 fallit
1380 839 1513 877 animi
1541 840 1814 889 praesagium,
1838 841 1910 878 aut

314 897 443 935 maior
472 898 578 934 esset
607 895 782 933 Iacobus
809 895 1115 932 Hoochstratus
1146 907 1272 943 quam
1302 907 1416 932 nunc
1445 896 1516 941 est,
1549 895 1591 932 et
1620 906 1772 932 nomen
1802 896 1910 932 esset

314 951 421 1000 apud
444 950 623 1000 optimos
643 962 825 999 quosque
846 949 1076 998 gratiosius,
1100 951 1170 986 aut
1191 949 1298 986 certe
1320 948 1461 985 minus
1489 947 1755 987 inuidiosum.
1815 948 1909 986 Iam

315 1019 409 1044 vero
439 1005 547 1043 bona
577 1017 670 1053 pars
700 1003 784 1041 odii
812 1003 1016 1041 redundat
1044 1003 1088 1040 in
1119 1002 1334 1046 ordinem;
1369 1015 1493 1051 quem
1522 1005 1562 1040 et
1590 1002 1762 1040 antehac
1789 1015 1909 1052 saepe

255 1070 290 1100 '5
314 1060 460 1098 multis
494 1058 774 1097 occasionibus
805 1057 921 1106 graui
955 1056 1114 1094 inuidia
1143 1056 1399 1094 laborantem
1429 1069 1513 1094 non
1543 1057 1760 1105 oportebat
1788 1056 1909 1095 nouis

314 1114 416 1152 odiis
436 1114 669 1163 degrauare.
722 1111 830 1159 Quin
852 1115 892 1149 et
913 1111 1015 1149 illud
1037 1113 1124 1149 erat
1145 1113 1238 1148 tuae
1258 1110 1512 1159 prudentiae,
1533 1111 1784 1160 perpendere
1804 1124 1908 1149 num

313 1168 482 1206 libellus
519 1167 590 1205 ille
629 1166 905 1214 Capnionicus
952 1165 1122 1203 haberet
1167 1165 1322 1214 aliquid
1362 1165 1469 1213 quod
1516 1168 1676 1214 pestem
1725 1165 1908 1214 aliquam

313 1235 481 1272 grauem
502 1221 694 1269 religioni
715 1220 976 1258 Christianae
995 1223 1131 1268 posset
1152 1219 1317 1257 inferre.
1365 1218 1483 1256 Nihil
1504 1221 1644 1257 autem
1665 1218 1752 1257 illic
1771 1220 1909 1269 agitur

314 1277 395 1314 nisi
434 1289 484 1314 ne
519 1275 619 1325 quid
653 1277 817 1324 praeter
850 1287 1028 1323 aequum
1067 1273 1277 1323 patiantur
1311 1272 1464 1311 Iudaei.
1525 1273 1730 1321 Quorsum
1767 1277 1908 1312 autem

311 1331 514 1369 attinebat
544 1332 660 1367 tanto
689 1328 838 1378 spiritu
866 1342 985 1378 agere
1011 1330 1057 1367 vt
1083 1327 1257 1365 Iudaeos
1284 1326 1329 1364 in
1355 1327 1496 1365 odium
1525 1327 1748 1366 adduceres
1764 1328 1784 1365 ’.Ρ
1837 1330 1908 1366 An

313 1385 530 1435 quisquam
551 1385 614 1422 est
634 1386 821 1421 nostrum
843 1383 912 1432 qui
931 1395 1015 1420 non
1036 1382 1137 1420 satis
1163 1383 1375 1420 execretur
1395 1382 1472 1419 hoc
1499 1381 1717 1420 hominum
1742 1395 1873 1432 genus
1890 1383 1911 1421 ⁶?

313 1440 358 1478 Si
393 1438 679 1479 Christianum
710 1439 771 1475 est
810 1437 943 1475 odisse
978 1437 1165 1484 Iudaeos,
1203 1436 1271 1474 hic
1303 1436 1466 1474 abunde
1498 1435 1725 1475 Christiani
1763 1449 1908 1475 sumus

312 1507 468 1532 omnes.
529 1492 635 1530 Sunt
657 1491 727 1541 qui
748 1505 842 1529 cum
863 1491 943 1529 alia
962 1490 1179 1540 permulta,
1202 1491 1294 1527 tum
1320 1489 1426 1528 illud
1454 1490 1497 1527 in
1524 1490 1671 1539 primis
1697 1490 1908 1530 adducunt

312 1549 357 1586 in
391 1546 680 1597 suspicionem,
717 1545 825 1595 quod
865 1558 959 1583 cum
997 1547 1058 1583 tot
1088 1544 1239 1594 vbique
1276 1544 1374 1582 libri
1411 1543 1655 1591 scribantur,
1690 1544 1736 1583 in
1774 1558 1907 1584 vnum

310 1603 433 1640 illum
452 1601 640 1640 libellum
661 1599 895 1650 inquisieris
916 1602 1001 1637 tam
1019 1599 1170 1637 odiose.
1202 1598 1319 1636 Nihil
1332 1611 1506 1647 vsquam
1523 1599 1698 1637 offendit-
1718 1599 1907 1638 animum

312 1659 431 1695 tuum
458 1656 502 1694 in
531 1655 648 1693 libris
669 1654 896 1704 Augustini
919 1653 1156 1699 Iustiniani,
1180 1652 1224 1690 in
1251 1652 1370 1690 libris
1400 1652 1604 1702 Syluestri
1624 1652 1836 1702 Prieratis,
1860 1654 1906 1692 in

311 1710 429 1749 libris
460 1710 500 1748 F.
526 1709 709 1747 Thomae
737 1722 760 1746 a
779 1708 874 1754 Vio,
902 1721 1012 1745 nunc
1043 1707 1275 1745 Cardinalis
1309 1719 1368 1745 TT.
1392 1719 1421 1745 s.
1446 1706 1576 1744 Sixti:
1616 1709 1738 1757 atque
1766 1708 1811 1746 in
1840 1708 1907 1746 his

312 1767 411 1803 sunt
431 1765 637 1813 permulta
652 1776 754 1812 quae
771 1776 854 1800 non
876 1761 1141 1800 mediocriter
1155 1761 1373 1799 offendunt
1395 1761 1610 1810 theologos
1626 1762 1881 1801 Parisienses
1896 1777 1906 1810 ;

311 1832 408 1857 nam
436 1820 523 1868 ipse
544 1816 761 1867 degustaui
782 1817 992 1854 duntaxat.
1051 1815 1213 1865 Negant
1239 1816 1366 1863 igitur
1394 1815 1469 1852 tibi
1496 1816 1544 1853 ad
1567 1815 1906 1855 Praedicatorum

309 1887 465 1912 errores
485 1872 622 1910 oculos
642 1884 745 1918 esse,
765 1871 815 1908 ad
836 1871 959 1908 vnius
980 1869 1205 1920 Capnionis
1225 1872 1294 1908 aut
1321 1882 1464 1907 eorum
1485 1870 1556 1919 qui
1577 1870 1779 1920 Capnioni
1800 1871 1905 1910 bene

308 1928 468 1971 volunt,
490 1927 698 1965 oculatum
719 1939 806 1963 esse
827 1927 878 1963 te.

364 1982 477 2020 Haec
510 1981 608 2027 dico,
645 1993 730 2017 non
765 1993 844 2029 quo
879 1979 1081 2028 Capnioni
1119 1977 1362 2027 patrociner,
1400 1978 1471 2015 sed
1508 1991 1587 2027 quo
1626 1978 1704 2016 tibi
1742 1979 1906 2029 tuisque

310 2036 522 2074 consulam
540 2049 549 2074 ε
580 2047 677 2072 nam
691 2034 762 2071 ille
782 2034 840 2072 sic
859 2036 922 2071 est
941 2033 1097 2070 amicus
1112 2035 1155 2070 vt
1171 2045 1236 2070 me
1258 2045 1400 2070 causae
1416 2045 1499 2070 non
1520 2032 1780 2079 admisceam,
1797 2034 1904 2082 quod

310 2094 354 2128 tu
375 2093 515 2128 tamen
529 2089 667 2128 videre
689 2087 897 2137 suspicari.
939 2087 1153 2137 Siquidem
1169 2087 1243 2124 hac
1260 2086 1390 2135 gratia
1406 2086 1683 2124 clarissimum
1700 2087 1906 2126 Comitem

358 2200 427 2229 132.
455 2191 527 2221 ENl
542 2190 555 2209 3
573 2193 649 2221 LB:
676 2191 960 2222 Hoochostratus
984 2194 1013 2221 F
1037 2193 1155 2222 Lond.:
1183 2191 1424 2221 IIochstratus
1448 2190 1504 2221 Nss.
1642 2200 1710 2229 147.
1740 2191 1772 2222 F.
1794 2202 1852 2224 om.
1867 2196 1903 2224 F.

309 2235 463 2264 'rhomae
480 2244 500 2264 a
516 2237 563 2265 F:
590 2235 707 2265 Iacobi
726 2234 768 2265 de
785 2238 823 2265 E.
961 2244 1059 2265 nunc
1076 2259 1083 2265 .
1105 2259 1112 2265 .
1130 2259 1138 2266 .
1160 2234 1252 2265 Sixti
1270 2245 1325 2264 om.
1346 2237 1381 2274 F,
1397 2244 1456 2263 non
1472 2236 1562 2271 lique!
1579 2244 1681 2271 quare.
1830 2246 1900 2276 149.

311 2278 595 2317 praedicatorum
614 2281 641 2308 E
655 2289 661 2308 :
687 2278 942 2309 Dominicanos
958 2280 1001 2309 H.

358 2405 425 2434 131.
453 2396 692 2437 praesagium]
717 2396 768 2427 Cf.
787 2397 849 2436 Ep.
875 2407 968 2436 1009.
993 2398 1071 2428 68n.

359 2449 426 2477 142.
454 2439 569 2469 odisse
602 2440 769 2480 Iudaeos]
803 2442 835 2471 A
859 2450 947 2480 very
970 2440 1074 2471 srank

310 2484 495 2513 utterance
513 2484 565 2513 for
579 2484 756 2522 Erasmus,
769 2486 859 2518 who.
874 2485 911 2514 in
930 2484 1022 2523 spite
1038 2483 1077 2513 of

311 2526 367 2556 his
399 2527 578 2557 virulence
610 2528 749 2566 against
781 2527 1016 2564 individuals,
1045 2528 1075 2557 is

311 2570 452 2608 usually
483 2570 555 2600 free
587 2571 678 2600 from
717 2570 897 2610 prejudice
935 2571 1074 2611 against

310 2613 436 2643 classes
453 2613 523 2643 and
544 2614 677 2644 caresul
696 2615 732 2644 os
755 2614 812 2644 his
827 2614 944 2645 words
967 2614 1073 2645 about

309 2656 420 2687 them.
471 2656 505 2687 It
530 2657 726 2688 illustratos
742 2657 823 2687 well
842 2659 902 2688 the
920 2658 1071 2697 position

309 2700 346 2729 of
367 2700 425 2730 the
443 2700 538 2730 Jews
553 2702 588 2730 at
606 2701 681 2731 this
700 2701 831 2740 period.
880 2701 947 2731 For
971 2701 1075 2731 other

309 2746 582 2783 contemptuous
597 2745 820 2783 expressions
842 2745 949 2775 about
973 2745 1073 2775 them

311 2787 347 2816 in
366 2787 422 2816 liis
440 2787 563 2818 letters
583 2798 638 2817 see
658 2788 745 2827 Epp.
766 2789 833 2825 164.
852 2797 904 2827 27,
928 2789 998 2818 181.
1019 2798 1070 2827 49,

309 2831 382 2868 296-
401 2830 487 2869 82-3
517 2839 590 2869 541-
613 2840 726 2870 1379·
752 2832 827 2870 694·
853 2833 971 2870 34-56‚
995 2833 1072 2870 697,

311 2882 426 2913 700-1,
448 2883 517 2912 703.
538 2884 568 2914 9,
587 2883 640 2912 20,
659 2884 731 2912 710.
746 2875 797 2909 81,
818 2884 891 2913 713.
909 2884 940 2913 9.

356 2918 424 2955 146.
453 2917 667 2957 Iustiniani]
693 2918 756 2948 See
775 2918 835 2957 Ep.
854 2918 927 2948 810.
946 2919 1048 2956 356n.

398 2960 583 3000 Prieratis]
604 2962 666 2991 See
684 2961 745 3000 Ep.
766 2962 839 2999 872.
856 2962 931 2992 16n.

355 3013 423 3042 147.
451 3004 621 3045 Thomae]
640 3005 801 3035 Another
817 3014 894 3035 case
907 3005 945 3034 of
958 3014 1001 3035 an
1016 3004 1070 3035 in-

1137 2399 1301 2427 accurate
1329 2406 1433 2427 name
1464 2396 1536 2438 (see
1564 2396 1642 2427 crit.
1669 2396 1720 2437 n.)
1748 2397 1904 2438 needing

1137 2440 1352 2477 correction;
1376 2439 1419 2470 cf.
1436 2450 1468 2479 p.
1493 2449 1562 2478 152.

1223 2493 1244 2513 a
1267 2482 1349 2523 Vio]
1385 2484 1448 2514 See
1481 2483 1568 2523 Epp.
1601 2483 1676 2523 891.
1712 2493 1792 2523 2511,
1828 2485 1901 2524 256.

1137 2536 1216 2566 45¹1·

1186 2579 1252 2609 153.
1281 2570 1329 2601 sic
1359 2572 1412 2600 est
1436 2568 1588 2610 amicus]
1620 2569 1672 2601 Cf.
1708 2570 1771 2610 Ep.
1808 2581 1902 2610 1¹55·

1140 2614 1221 2644 1811.

1226 2666 1297 2686 non
1332 2655 1564 2696 admisceam]
1609 2656 1677 2686 For
1718 2656 1898 2689 Erasmus'

1137 2699 1229 2731 close
1251 2709 1403 2730 concern
1422 2700 1459 2730 in
1477 2698 1683 2730 Reuchlin's
1705 2709 1782 2730 case
1805 2710 1861 2732 see
1883 2710 1903 2732 a

1137 2742 1244 2773 letter
1268 2743 1305 2773 of
1326 2743 1513 2782 Reuchlin,
1541 2753 1580 2773 21
1601 2743 1686 2774 Nov.
1709 2752 1790 2782 1514
1816 2744 1900 2784 gRE.

1142 2786 1239 2826 198):
1271 2786 1440 2817 ‘Louanii
1457 2786 1574 2817 fertur
1594 2786 1661 2817 hoc
1685 2786 1902 2819 aduersariis

1136 2839 1210 2860 esse
1241 2830 1491 2869 constitutum,
1524 2832 1572 2869 vt,
1607 2831 1635 2860 si
1670 2839 1726 2860 me
1761 2840 1902 2871 oppres—

1138 2873 1261 2912 serint,
1296 2873 1485 2903 Erasmum
1522 2872 1796 2904 Roterodamum
1827 2875 1902 2906 sint

1135 2917 1344 2956 aggressuri,
1362 2919 1398 2947 et
1415 2918 1465 2947 ita
1479 2917 1691 2956 singillatim
1717 2926 1840 2948 omnes
1864 2928 1900 2949 se

1135 2959 1226 2990 velle
1251 2962 1371 3000 poetas
1393 2959 1458 2999 (sic
1475 2961 1573 2990 enim
1590 2961 1762 2991 bonarum
1781 2960 1901 2992 litera-

1135 3013 1214 3034 rum
1232 3003 1407 3034 studiosos
1423 3002 1623 3043 appellant)
1641 3003 1820 3035 eradicare
1831 3004 1850 3036 ³.
