1990 3353
123 154 245 207 1137]
1646 151 1723 188 331

579 329 776 370 11ffi1137.
838 327 902 368 To
934 326 1062 368 JOHN
1094 325 1264 367 Trsszo.

166 435 362 482 Epist-elac
381 437 427 472 ad
446 419 614 472 diuersos
632 448 670 481 p.
691 436 770 480 560.
1435 429 1617 466 Louvain.

166 494 261 530 HN:
291 495 408 531 Lond.
426 507 484 530 XV.
503 507 549 532 2:
579 494 651 530 LB.
671 504 752 540 524.
1351 499 1391 534 31
1413 488 1557 534 August
1578 497 1678 533 1520.

354 602 561 632 ERASMVS
591 602 688 631 ROT.
711 601 753 630 P..
778 601 815 630 P.
837 599 1003 630 IOANNI
1035 598 1245 635 TVRzoNI,
1270 596 1482 627 EPISCOPO

659 666 1062 706 VRATISLAVIENSL
1085 668 1119 697 S.
1142 667 1187 696 D.

175 767 264 805 CVR
290 767 348 805 ita
374 768 512 805 visum
533 769 595 805 est
621 766 782 816 superis
801 767 848 804 vt
867 767 984 803 tanto
1002 763 1225 803 interuallo
1246 763 1487 812 disiungant
1506 764 1671 801 montes
1689 766 1728 800 et

120 821 296 861 fiumina
322 835 424 871 quos
450 823 568 860 tanta
591 821 754 870 copulat
781 819 960 859 charitas
988 818 1262 857 animorum?
1318 817 1509 866 Epistola
1538 820 1611 856 tua
1636 821 1730 867 post

120 878 286 915 sextum
328 877 496 914 demum
535 888 723 913 mensem
766 874 869 912 mihi
907 873 1066 912 reddita
1103 875 1167 911 est
1204 885 1288 911 vna
1320 885 1417 910 cum
1454 872 1727 910 munusculis.

121 931 308 978 Quorum
328 931 435 968 nihil
456 943 541 968 non
561 930 708 968 fuisset
728 928 1026 978 gratissimum,
1047 927 1211 966 etiamsi
1231 926 1400 965 minimi
1419 926 1547 976 precii
1566 926 1726 971 fuisset,

121 984 187 1023 vel
212 985 289 1024 hoc
320 985 504 1031 nomine⁷
526 984 635 1034 quod
665 998 688 1023 a
718 983 792 1022 tali
824 983 1034 1031 Praesule,
1056 983 1124 1020 sed
1155 982 1291 1020 multo
1316 981 1449 1030 magis
1474 981 1581 1030 quod
1606 994 1630 1019 a
1656 981 1731 1019 tali

121 1040 264 1078 animo
285 1039 636 1089 proficisceretur:
667 1051 778 1076 nunc
797 1040 837 1076 et
857 1037 984 1087 precii
1005 1036 1293 1087 magnitudine
1314 1037 1355 1074 et
1378 1035 1466 1085 ipsa
1487 1035 1671 1074 nouitate
1691 1037 1732 1073 et

121 1095 281 1133 autoris
309 1095 434 1132 titulo
459 1093 870 1131 commendabantur.
931 1092 1008 1130 Sed
1042 1092 1087 1130 in
1114 1091 1180 1129 his
1206 1094 1349 1129 tamen
1374 1089 1483 1128 nihil
1512 1090 1618 1128 mihi
1643 1092 1730 1128 tam

122 1149 295 1187 charum
331 1151 393 1187 est
425 1148 563 1186 visum
604 1148 713 1196 quod
753 1146 928 1196 epistola
965 1148 1038 1184 tua
1076 1159 1161 1184 non
1200 1147 1439 1195 superaret;
1481 1157 1607 1195 quam
1646 1144 1731 1182 iam

121 1203 296 1241 alteram
324 1203 476 1253 accepi,
503 1202 588 1240 tuis
611 1202 702 1240 istis
731 1201 920 1240 articulis
947 1201 1210 1250 descriptam,
1238 1202 1312 1238 tuo
1334 1199 1414 1238 isto
1441 1199 1612 1249 ingenio
1640 1212 1732 1237 con-

123 1257 266 1306 ditam,
283 1272 364 1307 quo
380 1257 513 1307 magis
525 1257 652 1295 etiam
668 1256 793 1294 refert
805 1256 1034 1305 imaginem
1047 1255 1178 1293 animi
1190 1255 1266 1302 tui,
1283 1254 1420 1292 Deum
1433 1253 1728 1294 immortalem.

123 1313 286 1361 qualis!
346 1312 466 1350 Faxit
495 1312 608 1350 Deus
636 1312 684 1349 vt
712 1311 827 1349 istud
854 1312 998 1360 pectus
1031 1309 1255 1348 imitentur
1284 1309 1520 1358 complures
1552 1309 1732 1358 episcopi

124 1380 405 1416 proceresque.
439 1369 481 1404 et
510 1364 766 1414 imaginibus
795 1365 883 1403 suis
912 1367 999 1402 tam
1030 1364 1234 1402 eximium
1265 1363 1390 1401 decus
1417 1363 1661 1413 adiungant,
1691 1367 1732 1400 et

124 1421 392 1459 autoritatem
415 1433 533 1458 suam
553 1420 755 1457 bonitatis
774 1432 820 1457 ac
841 1419 1066 1469 sapientiae
1088 1418 1303 1456 cumulent
1323 1418 1566 1457 accessione.

178 1476 312 1524 Quam
333 1475 545 1513 ardentem
559 1474 730 1512 virtutis
749 1487 932 1512 amorem
948 1473 1112 1522 spirant
1131 1472 1231 1510 illae
1250 1474 1346 1510 tuae
1361 1473 1520 1519 literae,
1536 1473 1734 1521 quantam

123 1530 240 1568 sitim
256 1529 506 1568 eruditionis
525 1527 812 1567 Christianae!
860 1528 929 1566 Ad
951 1528 1050 1566 haec
1072 1529 1279 1577 quantum
1300 1527 1501 1575 candoris,
1525 1528 1733 1576 quantum
1777 1541 1793 1571 5

124 1584 351 1623 modestiae
370 1596 468 1633 prae
488 1597 530 1621 se
550 1583 691 1621 ferunt
711 1584 719 1621 Ξ
768 1582 871 1627 Quis
891 1582 1027 1620 credat
1048 1581 1148 1619 haec
1168 1594 1191 1619 a
1210 1583 1328 1619 tanto
1344 1581 1555 1629 Praesule,
1574 1594 1597 1619 a
1617 1583 1733 1618 tanto

124 1639 321 1689 Principe
349 1638 508 1677 scribi?
564 1637 711 1675 Nihilo
739 1637 852 1674 enim
882 1636 1025 1674 minus
1053 1635 1260 1674 mirabilis
1289 1638 1352 1674 est
1387 1636 1495 1674 mihi
1527 1638 1626 1673 tuus
1657 1635 1735 1672 iste

124 1693 291 1732 animus
319 1693 428 1743 quod
455 1706 523 1731 me
552 1694 715 1741 praeter
742 1691 941 1729 meritum
967 1689 1197 1735 admiraris
1221 1690 1430 1740 siquidem
1456 1690 1525 1729 hic
1551 1703 1664 1728 error
1689 1689 1735 1727 in

124 1761 299 1798 persona
327 1752 402 1795 est⁷
435 1760 521 1785 non
550 1747 595 1784 in
625 1759 679 1784 re.
740 1746 832 1784 Hoc
862 1758 984 1793 erras,
1017 1745 1125 1796 quod
1155 1744 1381 1783 Erasmum
1416 1758 1503 1783 esse
1533 1745 1664 1783 credis
1693 1743 1735 1781 id

126 1803 235 1853 quod
266 1816 352 1841 non
382 1804 470 1849 est3
510 1801 582 1839 sed
613 1814 698 1839 non
726 1800 771 1839 in
799 1800 875 1838 hoc
905 1812 1034 1847 erras,
1063 1799 1171 1850 quod
1198 1812 1244 1837 ea
1272 1800 1480 1838 veneraris
1508 1802 1550 1838 et
1579 1798 1738 1847 expetis
1758 1813 1771 1833 2

126 1870 230 1907 quae
261 1857 366 1895 falso
400 1856 481 1894 tibi
499 1855 721 1906 persuades
754 1855 799 1892 in
830 1855 951 1893 nobis
985 1867 1082 1893 esse.
1144 1853 1303 1892 Adnixi
1342 1867 1488 1892 sumus
1526 1853 1735 1892 mundum

127 1911 256 1950 nimis
276 1913 325 1949 ad
346 1910 613 1949 scholasticas
632 1909 815 1960 argutias
835 1909 1077 1959 prolapsum
1098 1908 1150 1946 ad
1167 1912 1355 1946 veterum
1373 1910 1510 1947 fontes
1529 1920 1736 1955 reuocare,

127 1979 173 2004 ac
192 1966 288 2015 plus
307 1966 408 2003 satis
428 1965 629 2003 fidentem
658 1963 840 2002 Iudaicis
863 1963 1109 2002 ceremoniis
1137 1964 1187 2000 ad
1208 1976 1328 2001 verae
1354 1962 1522 2013 pietatis
1548 1962 1736 2000 studium

127 2021 357 2059 accendere.
416 2021 555 2070 Atque
570 2019 735 2057 vtinam
756 2019 824 2056 hic
845 2031 965 2056 meus
985 2020 1158 2056 conatus
1178 2019 1345 2056 tantum
1365 2018 1528 2055 fructus
1549 2016 1737 2055 attulerit

1756 1267 1794 1288 10

127 2075 220 2113 aliis
248 2075 456 2125 quantum
485 2074 606 2112 nobis
633 2073 777 2111 attulit
808 2072 1012 2111 inuidiae!
1070 2072 1211 2109 Meum
1249 2071 1565 2110 incommodum
1604 2070 1737 2109 multo
1759 2085 1796 2116 25

129 2129 265 2168 leuius
302 2130 465 2176 ferrem,
503 2129 538 2166 si
577 2140 672 2166 cum
711 2127 945 2165 multorum
983 2127 1203 2164 commodo
1233 2126 1420 2164 viderem
1452 2126 1734 2164 coniunctum.

130 2184 210 2222 Sed
242 2184 318 2222 hoc
348 2183 503 2221 viderit
539 2182 626 2231 ipse
659 2181 866 2230 Christus,
900 2181 985 2231 qui,
1020 2182 1066 2218 ni
1097 2180 1230 2228 fallor,
1266 2182 1375 2218 certe
1404 2182 1516 2218 hunc
1546 2179 1737 2219 animum

129 2237 379 2287 probaturus
399 2240 473 2275 est.

184 2292 275 2330 Iam
304 2295 351 2331 vt
379 2291 423 2329 in
453 2292 538 2329 tuis
567 2290 830 2329 munusculis
860 2290 987 2328 etiam
1016 2288 1213 2328 nonnihil
1241 2289 1520 2339 philosopher,
1553 2287 1739 2339 gratulor

130 2349 226 2385 tuae
255 2346 418 2393 ditioni,
443 2359 464 2384 e
494 2346 613 2384 cuius
633 2345 775 2383 vaenis
805 2358 954 2383 aurum
984 2347 1072 2382 tam
1097 2344 1263 2392 elegans
1291 2357 1335 2382 ac
1365 2357 1517 2393 purum
1547 2343 1737 2390 eruitur3

129 2402 200 2440 sed
221 2403 267 2439 tu
285 2401 455 2448 beatior,
479 2400 553 2449 qui
575 2414 596 2438 e
624 2399 868 2437 diuinorum
888 2399 1153 2438 voluminum
1179 2398 1300 2447 longe
1319 2398 1574 2437 felicioribus
1594 2397 1739 2437 vaenis

131 2458 218 2493 tam
252 2454 371 2493 auide
406 2454 602 2493 scruteris
632 2467 782 2492 aurum
814 2453 1091 2503 Euangelicae
1122 2452 1360 2500 sapientiae,
1393 2466 1474 2502 quo
1513 2453 1740 2502 locupletes

131 2522 298 2558 gregem
313 2512 406 2547 tuae
427 2509 523 2547 fidei
536 2508 834 2555 concreditum,
851 2509 967 2546 velut
980 2508 1204 2558 opulentus
1217 2507 1426 2556 quispiam
1438 2506 1739 2557 paterfamilias

131 2577 154 2602 e
180 2563 311 2601 diuite
339 2563 534 2601 thesauro
568 2562 781 2613 proferens
812 2575 921 2600 noua
950 2575 996 2600 ac
1026 2565 1190 2600 vetera:
1230 2562 1414 2599 multum
1449 2561 1657 2600 dissidens
1687 2561 1739 2599 ab

1760 2355 1799 2387 30

131 2618 333 2667 episcopis
366 2617 588 2667 plerisque,
619 2617 690 2667 qui
724 2617 1052 2666 pulcherrimam
1091 2615 1322 2654 functionis
1360 2628 1457 2654 suae
1493 2618 1656 2666 partem
1695 2615 1739 2652 in
1761 2629 1799 2659 35

130 2672 321 2711 sordidos
341 2672 543 2721 quosdam
562 2671 744 2721 relegant
767 2684 843 2709 nec
863 2671 1058 2720 probatos
1082 2684 1156 2709 nec
1185 2670 1437 2719 exploratos,
1459 2683 1591 2720 quum
1617 2670 1668 2708 ad
1698 2669 1738 2707 id

132 2727 321 2765 muneris
350 2726 564 2764 neminem
594 2727 780 2775 oporteat
809 2725 980 2764 admitti
1010 2725 1091 2763 nisi
1122 2738 1246 2775 quem
1280 2725 1460 2766 eruditio
1493 2724 1741 2771 Christiana,

351 2854 414 2875 rvr.
435 2855 466 2876 P..
486 2854 515 2875 ι’.
536 2855 593 2875 om.
615 2847 656 2875 ΙΙ.
978 2855 1011 2884 3.
1036 2845 1183 2876 demum
1206 2849 1260 2877 H:
1284 2845 1466 2876 decimum
1485 2848 1519 2875 F.

177 2964 210 2994 9.
235 2953 403 2994 alteram]
429 2954 503 2984 The
520 2954 598 2985 first
617 2954 723 2994 being
742 2955 803 2995 Ep.
817 2955 904 2994 8503
974 2956 1036 2994 Bp.
1058 2955 1244 2994 complete.

102 3035 107 3040 ⁸
133 2996 198 3028 the
217 2997 376 3029 survival
394 2998 432 3028 of
454 2997 572 3029 which
592 2998 715 3029 makes
739 2999 800 3029 the
824 3009 903 3029 sum
1016 3009 1067 3037 23.
1097 2999 1269 3039 Iudaicis]
1288 2998 1340 3030 Cf.
1361 2999 1424 3038 Ep.
1448 2999 1540 3029 1006.
1565 3008 1662 3036 14211.

133 3041 172 3071 of
192 3041 373 3072 Erasmus'
401 3041 701 3081 correspond‹.·nee
727 3042 815 3073 with
839 3042 901 3073 the
1014 3051 1066 3081 33.
1093 3042 1370 3083 paterfamilias]
1389 3042 1487 3073 Matt.
1513 3052 1562 3081 13.
1579 3052 1630 3080 52.
