1990 3353
65 160 80 184 1
89 162 139 188 00
149 149 185 204 1]
489 153 560 190 ΤΟ
600 152 827 191 GEORGE
867 151 1230 191 SPALATINUS
1613 149 1666 187 33

62 261 103 296 et
122 259 231 298 vltro
251 260 427 298 missum
443 260 520 297 est.
560 258 668 298 Nam
684 272 786 309 quae
805 258 957 297 iudicio
974 258 1136 306 dantur,
1154 259 1394 297 testimonia
1415 260 1514 296 sunt
1528 258 1670 296 verius

61 326 187 362 quam
208 327 390 352 munera.

115 367 293 406 Edimus
331 367 604 417 Cyprianum‚
642 368 911 406 emendatum
949 381 1033 405 non
1072 367 1273 406 mediocri
1310 367 1469 413 sudore,
1507 366 1567 404 ita
1605 379 1670 403 me

61 421 254 460 Christus
283 423 389 460 bene
417 423 540 467 amet,
578 422 725 460 deinde
757 424 928 460 auctum
959 421 1192 460 accessione
1226 421 1467 459 libellorum
1499 420 1666 468 aliquot,

61 489 166 525 quos
194 490 244 514 ex
269 476 566 515 vetustissimis
591 476 802 514 codicibus
826 475 1078 522 adiecimus;
1109 475 1378 514 adiunximus
1403 474 1671 512 annotatiun-
1690 485 1733 517 90

62 530 174 568 culas
194 531 353 580 aliquot
371 530 443 568 sed
463 543 623 579 paucas,
648 531 777 568 notha
796 531 1053 568 semouimus
1073 544 1096 568 a
1116 530 1281 579 gnesiis‚
1302 532 1341 568 et
1362 529 1489 567 huius
1509 528 1672 578 generis

61 584 162 623 adeo
183 585 290 623 nihil
311 584 540 623 decidimus
559 587 604 622 vt
625 585 822 623 nonnihil
839 585 965 622 etiam
983 585 1157 623 auctarii
1176 584 1469 623 addiderimus.

117 639 411 677 Illustrissimo
441 639 628 688 Principi
658 652 724 676 me
754 652 928 688 meaque
957 639 1097 677 studia
1126 638 1448 684 commendabis,
1481 639 1523 675 et
1558 636 1672 675 soda-

61 692 223 732 litatem
243 694 363 732 bonis
379 693 513 732 literis
528 694 761 731 adiuratam
777 694 882 732 meis
898 694 1037 731 verbis
1052 693 1251 732 salutabis
1267 693 1500 742 diligenter.
1542 693 1672 730 Amat

61 748 236 786 victoria
256 761 406 787 curam.
466 748 581 786 Bene
603 748 705 786 vale.
1692 756 1733 788 95

117 803 417 852 Antuuerpiae,
450 803 629 852 septimo
656 802 758 840 Idus
792 802 989 852 Augusti.
1023 803 1149 840 Anno
1177 801 1404 840 millesimo
1432 800 1673 851 quingente-

63 856 169 895 simo
190 857 476 897 decimonono.

354 1009 688 1050 925799419391002.
751 1008 815 1050 To
846 1007 1091 1050 NICHOLAS
1124 1009 1382 1049 BERALDUS.

111 1101 274 1146 Farrago
293 1113 328 1146 p.
350 1102 427 1144 367.
1356 1098 1548 1142 Antwerp.

111 1158 148 1192 F.
168 1170 204 1203 p.
222 1168 312 1203 457:
339 1158 429 1193 HN:
457 1158 576 1193 Lond.
595 1158 643 1194 xi.
666 1168 730 1204 15:
756 1158 830 1192 LB.
852 1167 931 1202 327.
1267 1166 1288 1201 9
1306 1156 1452 1201 August
1472 1152 1626 1200 (1519).

110 1239 223 1280 [1519‚
242 1241 389 1270 because
406 1239 570 1270 Poncher
587 1239 618 1269 is
635 1238 862 1278 Archbishop
880 1237 917 1268 of
931 1237 1020 1267 Sens
1038 1248 1045 1276 ;
1070 1236 1112 1266 cf.
1134 1237 1196 1276 Ep.
1215 1244 1290 1275 924.
1308 1244 1384 1273 14n.
1431 1234 1476 1264 In
1498 1234 1590 1272 1518,
1606 1235 1678 1270 too,

65 1284 238 1314 Erasmus
254 1293 327 1314 was
344 1287 380 1314 at
397 1283 500 1313 Basle
518 1283 558 1313 in
574 1281 746 1323 August.]

203 1370 412 1401 ERASMVS
438 1368 775 1400 ROTERODAMVS
805 1368 1005 1400 NICOLAO
1036 1368 1258 1404 BERALDO,
1288 1365 1544 1402 VTRIVSQVE

389 1438 707 1468 LITERATVRAE
737 1438 1010 1469 PROFESSORI
1044 1438 1222 1476 EXIMIO,
1256 1438 1288 1466 S.
1306 1437 1349 1466 D.

119 1522 183 1560 VT
211 1522 345 1560 tribus
373 1522 562 1572 epistolis
590 1522 674 1560 tuis
702 1520 924 1571 postremis
952 1520 1073 1559 vnica
1101 1518 1384 1569 respondeam,
1417 1516 1497 1553 huc
1533 1517 1598 1553 est
1626 1513 1675 1552 de

65 1590 150 1615 vna
175 1576 315 1615 fidelia
338 1577 479 1626 plures
506 1577 694 1614 dealbem
718 1575 908 1625 parietes,
933 1575 1017 1613 scio
1044 1587 1111 1612 me
1136 1573 1375 1623 frequenter
1402 1570 1452 1608 ad
1481 1571 1521 1607 te
1551 1568 1677 1618 scrip-

65 1631 179 1676 sisse,
212 1630 283 1669 sed
313 1631 371 1669 ita
399 1634 609 1671 λακωνικῶς
634 1633 681 1669 vt
710 1630 789 1669 tibi
816 1630 960 1668 videar
990 1642 1075 1667 non
1105 1627 1338 1677 scripsisse:
1373 1625 1431 1663 ita
1462 1624 1582 1673 cogit,
1617 1623 1677 1661 mi

65 1685 252 1734 Beralde,
283 1685 519 1724 studiorum
549 1685 692 1730 moles,
720 1684 870 1735 quibus
899 1684 1063 1722 obruor.
1124 1682 1169 1720 Si
1198 1682 1403 1720 rationem
1433 1679 1547 1717 ineas
1577 1677 1676 1727 quid

67 1739 250 1778 dandum
271 1740 325 1778 sit
346 1739 510 1789 pietatis
530 1740 682 1785 officiis,
706 1739 806 1789 quid
826 1752 989 1785 somno,
1010 1751 1091 1787 quo
1111 1736 1287 1786 largiore
1307 1737 1400 1773 vtar
1415 1734 1578 1784 oportet
1598 1732 1675 1769 sub
1697 1739 1714 1770 5

67 1807 259 1832 auroram
279 1794 593 1842 redormiscens,
616 1794 715 1844 quid
736 1793 979 1837 valetudini,
1001 1791 1100 1843 quid
1129 1790 1358 1829 scribendis
1382 1799 1677 1836 recognoscen-

68 1848 214 1899 disque
247 1849 379 1896 libris,
411 1849 528 1887 facile
561 1849 728 1898 colliges
761 1848 1011 1898 quantulum
1045 1845 1227 1896 supersit
1254 1842 1454 1893 temporis
1488 1841 1596 1891 quod
1627 1843 1678 1892 τῷ

67 1904 374 1941 ἀντεπιστέλλειν
401 1904 596 1941 omnibus
626 1902 876 1952 impartiam.
936 1902 1182 1951 Quanquam
1214 1912 1305 1937 mea
1340 1897 1478 1935 studia
1512 1909 1593 1934 non
1630 1909 1677 1933 eo

67 1960 254 2007 spectant
280 1960 326 1996 vt
355 1958 560 1996 Thomam
589 1960 660 1996 aut
687 1958 860 1996 Scotum
886 1970 907 1994 e
935 1956 1090 1994 scholis
1115 1954 1295 2004 publicis
1322 1951 1547 2002 explodant
1571 1952 1678 1988 vete-

67 2025 191 2061 reque
208 2013 465 2062 possessione
481 2012 715 2062 depellant:
746 2012 854 2060 quod
877 2024 952 2049 nec
968 2023 1154 2048 mearum
1171 2011 1233 2046 est
1248 2007 1415 2053 virium,
1434 2008 1485 2053 et,
1507 2005 1542 2043 si
1556 2006 1674 2051 esset,
1702 2017 1742 2039 10

68 2066 179 2104 haud
210 2066 293 2104 scio
322 2080 375 2104 an
405 2067 460 2104 sit
489 2067 730 2117 optandum,
762 2065 844 2103 nisi
877 2066 959 2104 iam
994 2066 1186 2115 paratum
1215 2062 1432 2100 videamus
1468 2059 1678 2097 doctrinae

69 2133 202 2170 genus
228 2121 393 2170 aliquod
420 2122 496 2160 hoc
522 2120 809 2170 praestantius.
869 2120 975 2168 Quid
1004 2119 1077 2157 alii
1106 2118 1334 2156 moliantur
1362 2114 1443 2164 ipsi
1469 2113 1676 2158 viderint;

69 2189 142 2224 ego
172 2189 387 2225 nunquam
417 2175 584 2213 futurus
613 2188 705 2213 sum
735 2175 860 2213 huius
889 2177 1011 2212 autor
1040 2173 1261 2211 tumultus.
1324 2170 1427 2208 Mihi
1457 2171 1520 2207 sat
1549 2169 1614 2206 est
1643 2167 1679 2204 si

68 2230 278 2279 theologia
291 2230 423 2279 magis
439 2230 575 2268 sobrie
590 2231 789 2267 tractetur
805 2243 929 2279 quam
946 2228 1118 2266 antehac
1133 2229 1195 2265 est
1211 2227 1386 2264 tractata
1404 2238 1413 2271 ;
1442 2226 1483 2261 et
1501 2221 1678 2261 subinde

70 2286 236 2334 petatur
265 2297 315 2321 ex
344 2284 534 2322 fontibus
562 2283 839 2334 Euangelicis‚
863 2283 971 2333 quod
1002 2282 1176 2321 antehac
1206 2294 1228 2318 e
1257 2279 1420 2318 lacunis
1450 2290 1535 2316 non
1564 2275 1680 2315 vndi·
1703 2281 1741 2312 15

117 2389 212 2420 1001.
237 2399 290 2429 90.
318 2388 554 2419 adiunximus
570 2390 620 2418 F:
643 2387 839 2418 adiecimus
860 2388 897 2415 E.
1059 2383 1154 2416 1002.
1178 2391 1242 2412 Τιτ.
1261 2387 1476 2415 vrmvsovs.
1500 2402 1507 2409 .
1527 2400 1534 2408 .
1555 2385 1680 2407 Exmro

71 2442 129 2463 om.
149 2435 190 2463 H.
329 2442 357 2471 5.
386 2433 450 2462 sub
467 2442 631 2462 auroram
649 2432 909 2461 redormiscens
927 2430 1000 2458 add.
1018 2429 1056 2456 H.

117 2541 213 2572 1001.
233 2541 285 2571 88.
313 2539 551 2581 Cyprianum]
577 2539 640 2578 Ep.
663 2547 755 2568 1000.
954 2545 984 2574 9.
1014 2534 1145 2565 scholis
1169 2530 1338 2572 publicis]
1371 2531 1457 2560 This
1482 2531 1573 2560 term
1598 2538 1681 2567 may

114 2595 167 2624 93.
194 2584 369 2625 Principi]
396 2584 498 2615 Duke
516 2582 716 2613 Frederick.
912 2580 954 2609 be
968 2576 1170 2608 elucidatcd
1183 2576 1276 2606 from
1288 2575 1349 2605 the
1361 2577 1403 2604 De
1413 2575 1682 2604 Pronuntialimze:

160 2627 406 2669 sodalitatem]
449 2627 512 2658 the
554 2625 768 2664 University
807 2624 846 2654 of
914 2622 1072 2653 ‘scholae
1084 2631 1172 2660 quus
1184 2617 1681 2656 o}›0mniun1disciplinarum

71 2671 320 2712 WVittenberg3
345 2672 388 2702 cf.
407 2671 429 2702 l.
450 2681 501 2710 23.
912 2666 1093 2705 publicam
1113 2663 1370 2704 professionem
1387 2662 1513 2700 vulgus
1525 2659 1680 2699 appellat

115 2726 170 2755 94„
195 2715 304 2746 Amat
320 2713 485 2755 victoria]
511 2713 586 2744 Cat..
605 2714 655 2743 62.
680 2713 728 2742 16.
911 2707 1196 2740 Vnim-rsitates‘
1211 2718 1218 2745 ς
1238 2709 1245 2724 ‘
1260 2707 1422 2746 publicae
1440 2704 1577 2735 scholae
1594 2712 1682 2742 quas

118 2759 213 2788 1002.
229 2759 262 2789 6.
290 2756 564 2798 redormiscens]
583 2756 649 2787 For
664 2755 842 2786 Erasmus’
913 2753 1104 2783 ambitioso
1116 2751 1341 2782 vocabulowt
1355 2749 1442 2787 dixi,
1457 2757 1550 2777 nunc
1562 2746 1680 2786 :ippol-

72 2801 249 2840 difficulty
263 2803 301 2832 in
319 2802 479 2842 sleeping
495 2801 537 2832 cf.
554 2801 614 2840 Ep.
633 2801 704 2838 296.
724 2800 839 2838 18-19.
914 2798 990 2827 lant
1003 2796 1267 2826 Vniuvrsitates
1282 2795 1287 2805 '
1302 2793 1385 2832 (LB.
1404 2794 1424 2821 i.
1438 2792 1502 2831 918
1515 2801 1545 2829 E,
1559 2792 1677 2829 91901.

117 2847 147 2877 8.
176 2855 248 2876 non
272 2856 313 2876 eo
338 2844 516 2886 spectant]
546 2846 603 2875 An
628 2844 843 2881 interesting
912 2842 963 2871 Cf.
989 2840 1064 2871 also
1087 2840 1174 2878 Epp.
1199 2847 1291 2868 1251.
1311 2838 1386 2876 486,
1406 2846 1480 2875 512,
1504 2844 1596 2865 1220.
1617 2843 1683 2871 233

74 2889 275 2920 indication
308 2890 346 2920 of
378 2889 558 2920 Erasmus‘
591 2888 700 2917 views
737 2896 774 2916 ns
805 2888 842 2916 to
911 2884 982 2915 and
1002 2884 1062 2919 Ep.
1083 2892 1173 2914 1021.
1198 2891 1294 2919 115n.
1630 2920 1635 2925 1

74 2932 173 2962 what
191 2942 263 2963 was
281 2943 318 2963 as
335 2935 396 2972 yet
412 2931 628 2972 practicable
647 2931 685 2960 in
708 2930 770 2960 the
792 2940 842 2960 re-
960 2938 1008 2966 15.
1034 2925 1187 2965 lamnis]
1222 2926 1255 2956 A
1269 2923 1447 2955 favoni-ito
1466 2922 1574 2959 figure
1593 2920 1682 2950 with

75 2976 166 3006 form
191 2976 229 3005 of
249 2977 452 3016 university
477 2975 622 3006 studies.
673 2974 724 3005 Cf.
754 2974 839 3012 Epp.
912 2972 1104 3009 Era>11111s3
1129 2972 1171 3000 cf.
1186 2969 1354 3008 Epp.384.
1376 2977 1430 3005 51,
1449 2975 1522 3004 529.
1540 2974 1589 3002 70,
1604 2965 1679 3001 805.

74 3027 147 3058 541.
166 3021 306 3059 60-145‚
329 3028 557 3059 1003.15-25‚
580 3027 672 3056 1127.
697 3018 812 3047 12-16.
911 3025 963 3054 33,
986 3025 1077 3054 1007.
1100 3024 1148 3054 19,
1172 3022 1266 3051 1033.
1289 3021 1363 3051 199,
1386 3011 1479 3040 1062.
1498 3018 1549 3046 41.

142 3085 223 3106 45204
868 3083 895 3108 D
