1990 3353
309 127 388 165 508
782 125 1034 164 LETTERS
1073 124 1143 164 OF
1181 122 1447 163 ERASMUS
1786 122 1905 175 [1521

309 235 492 285 suspicer
511 237 552 273 te
572 235 649 273 tibi
670 248 860 285 quaerere
880 235 1093 285 egregium
1117 234 1282 285 aliquod
1303 234 1471 283 pietatis
1490 233 1709 283 exemplar,
1731 233 1782 272 ad
1804 233 1912 284 quod

309 291 431 327 tuum
447 289 693 327 institutum
709 290 969 339 attemperes.
1007 289 1226 339 Equidem,
1246 288 1307 326 mi
1327 288 1431 327 Iona
1450 288 1704 335 charissime,
1722 290 1770 326 vt
1785 288 1913 326 fateor

273 355 291 387 5
311 356 377 381 me
397 356 493 382 cum
508 343 653 382 multis
669 343 864 382 habuisse
879 343 1225 382 consuetudinem
1245 355 1422 393 quorum
1437 343 1657 391 integritas
1671 342 1778 380 mihi
1792 341 1912 380 valde

309 398 563 447 probaretur,
595 400 737 436 tamen
761 398 926 436 nullum
954 398 1088 436 adhuc
1113 397 1202 436 vidi
1223 397 1268 436 in
1297 396 1414 435 cuius
1438 397 1626 435 moribus
1651 397 1788 435 nescio
1813 395 1913 445 quid

312 452 446 490 adhuc
466 451 725 490 Christianae
744 453 937 502 puritatis
957 465 1042 490 non
1072 452 1357 496 desiderarem,
1382 450 1545 500 quoties
1564 451 1615 489 ad
1636 451 1788 489 horum
1816 450 1913 488 duo-

312 518 406 544 rum
432 506 726 556 synceritatem
755 507 986 545 conferrem
1008 506 1213 556 aliquem:
1248 518 1427 556 quorum
1452 505 1632 544 alterum
1660 504 1768 543 mihi
1794 517 1914 543 nosse

312 560 490 609 contigit
520 561 628 610 apud
663 561 862 611 oppidum
889 561 1079 599 Artesiae
1113 561 1222 610 quod
1253 559 1378 609 vulgo
1409 559 1560 597 dicitur
1594 559 1634 598 S.
1669 558 1913 607 Audomari,

254 627 294 649 ιο
313 614 414 652 dum
434 615 516 653 huc
536 627 604 653 me
625 615 763 664 pestis,
780 616 857 654 hac
877 629 977 654 sane
996 615 1041 653 in
1062 617 1176 664 parte
1197 614 1303 652 mihi
1322 613 1434 660 felix,
1451 614 1618 652 Lutetia
1637 613 1912 663 propulisset3

312 668 491 707 alterum
522 669 566 708 in
596 670 831 717 Britannia,
869 683 950 720 quo
985 683 1053 708 me
1087 669 1278 708 Montioii
1317 668 1399 706 mei
1433 668 1610 707 charitas
1647 669 1911 717 pertraxerat.

312 723 495 761 Lucrum
515 723 649 771 facies,
673 724 790 762 cuius
805 725 888 763 scio
908 727 950 763 te
969 724 1285 770 auidissimum;
1314 736 1387 772 pro
1406 736 1491 761 vno
1511 722 1616 761 duos
1636 722 1753 760 dabo.

368 777 489 816 Prior
517 778 652 817 dictus
679 781 740 817 est
770 778 950 817 Ioannes
978 778 1196 825 Vitrarius,
1230 777 1389 816 ordinis
1418 776 1835 815 Franciscani—nam
1868 776 1914 813 in

314 831 392 870 hoc
421 832 533 871 vitae
563 846 694 882 genus
728 833 966 871 adolescens
999 833 1225 880 inciderat3
1265 845 1357 870 meo
1387 831 1540 869 iudicio
1573 831 1690 869 nulla
1721 844 1771 868 ex
1800 831 1916 880 parte

256 898 294 930 15
313 886 622 935 posthabendus
642 887 797 935 Coleto,
820 887 904 925 nisi
923 887 1032 937 quod
1053 887 1105 925 ob
1125 887 1373 925 seruitutem
1399 885 1585 924 instituti
1605 885 1748 924 minus
1767 883 1916 923 multis

313 941 504 990 prodesse
523 944 691 991 poterat.
750 944 900 980 Annos
920 944 1046 980 natus
1065 945 1153 979 erat
1171 941 1301 979 ferme
1327 939 1599 991 quadraginta
1623 941 1801 989 quatuor
1819 950 1916 977 cum

312 995 531 1033 hominem
552 1009 672 1034 nosse
701 996 924 1045 coepissem
946 1010 956 1043 ;
985 1009 1031 1034 ac
1057 996 1200 1034 statim
1227 995 1418 1034 adamare
1447 1008 1514 1032 me
1533 995 1678 1044 coepit,
1699 993 1917 1032 hominem

313 1049 379 1087 sui
409 1051 593 1088 multum
627 1050 885 1090 dissimilem.
945 1050 1048 1089 Erat
1085 1049 1321 1089 autoritatis
1354 1049 1558 1087 maximae
1595 1048 1701 1097 apud
1735 1048 1918 1097 optimos

313 1117 507 1153 quosque,
526 1104 673 1143 multis
693 1105 960 1154 magnatibus
975 1104 1241 1155 gratissimus
1260 1118 1268 1151 ;
1298 1117 1466 1154 corpore
1485 1116 1652 1153 procero
1667 1105 1708 1141 et
1721 1101 1912 1152 eleganti,

256 1171 296 1193 20
314 1160 462 1197 natura
487 1158 636 1205 foelici,
667 1158 808 1197 animo
835 1160 892 1197 sic
917 1159 1079 1198 excelso
1106 1162 1152 1197 vt
1178 1158 1287 1197 nihil
1313 1159 1422 1197 esset
1450 1157 1524 1196 illo
1545 1157 1782 1195 humanius.
1824 1157 1918 1196 Sco-

314 1213 415 1250 ticas
443 1213 630 1262 argutias
658 1226 762 1263 puer
791 1213 1023 1260 imbiberat,
1055 1227 1157 1264 quas
1186 1226 1261 1251 nec
1294 1225 1464 1262 prorsus
1496 1211 1770 1261 improbabat,
1807 1210 1916 1260 quod

314 1267 517 1316 quaedam
558 1267 658 1306 scite
699 1267 937 1307 dicerentur
968 1268 1065 1307 licet
1097 1267 1274 1306 sordidis
1306 1266 1454 1314 verbis,
1492 1279 1567 1305 nec
1598 1278 1740 1305 rursus
1777 1265 1919 1315 magni

314 1321 501 1360 faciebat.
560 1322 791 1371 Caeterum,
818 1322 889 1360 vbi
909 1323 1151 1373 contigisset
1171 1322 1456 1370 Ambrosium,
1479 1321 1750 1371 Cyprianum,
1773 1319 1917 1358 Hiero-

316 1389 493 1425 nymum
523 1376 749 1426 degustare,
778 1376 936 1416 mirum
965 1390 1091 1427 quam
1121 1390 1217 1427 prae
1247 1377 1314 1415 his
1342 1376 1415 1415 illa
1439 1375 1689 1414 fastidiebat.
1747 1373 1918 1413 Nullius

256 1443 294 1474 25
314 1430 533 1480 ingenium
548 1431 682 1480 magis
697 1431 981 1470 admirabatur
999 1431 1045 1469 in
1061 1432 1186 1470 sacris
1204 1431 1338 1470 literis
1354 1444 1481 1481 quam
1498 1430 1689 1480 Origenis
1704 1445 1713 1468 :
1743 1441 1919 1478 cumque

315 1485 530 1523 cauillarer
549 1498 615 1523 me
634 1485 778 1524 mirari
797 1486 908 1535 quod
928 1486 1114 1524 hominis
1133 1486 1329 1524 haeretici
1347 1485 1511 1535 scriptis
1537 1484 1822 1529 delectaretur,
1846 1483 1918 1522 ille

314 1539 420 1578 mira
447 1539 660 1578 alacritate
683 1542 692 1558 ⁴
709 1540 817 1578 Fieri
843 1553 928 1578 non
955 1540 1115 1590 potuit'
1134 1540 1273 1590 inquit
1296 1540 1418 1590 ‘quin
1446 1540 1524 1578 hoc
1549 1540 1695 1589 pectus
1718 1537 1918 1576 inhabita-

315 1593 371 1631 rit
398 1593 579 1643 Spiritus
600 1596 780 1642 sanctus,
810 1595 920 1633 vnde
947 1597 1009 1634 tot
1034 1594 1133 1633 libri
1162 1597 1251 1633 tam
1276 1594 1429 1633 eruditi
1459 1595 1576 1632 tanto
1606 1593 1749 1632 ardore
1773 1591 1916 1642 scripti

315 1648 558 1697 prodierunt
573 1647 596 1686 '.

255 1714 297 1745 30
369 1702 618 1752 Quanquam
647 1705 787 1741 autem
821 1703 927 1742 illud
956 1703 1068 1742 vitae
1100 1703 1356 1750 institutum,
1389 1703 1434 1741 in
1467 1702 1576 1752 quod
1606 1715 1677 1752 per
1710 1701 1918 1740 inscitiam

314 1757 462 1795 aetatis
500 1759 634 1796 fuerat
671 1758 739 1796 vel
777 1757 970 1807 delapsus
1007 1758 1073 1796 vel
1107 1760 1346 1808 pertractus,
1389 1770 1652 1808 nequaquam
1692 1754 1891 1806 probabat
1908 1768 1918 1802 3

316 1810 491 1850 subinde
511 1811 708 1850 dictitans
731 1811 839 1861 apud
860 1825 927 1851 me
947 1812 1159 1851 fatuorum
1185 1825 1272 1851 esse
1297 1811 1428 1850 vitam
1447 1812 1587 1861 potius
1613 1824 1739 1861 quam
1759 1809 1917 1860 religio·

315 1878 457 1904 sorum
491 1866 543 1904 ad
577 1867 697 1905 nolae
727 1866 896 1916 signum
935 1867 1125 1911 dormire,
1164 1866 1403 1916 expergisci,
1444 1865 1748 1911 redormiscere,
1789 1863 1915 1915 loqui,

315 1921 458 1968 tacere,
490 1920 561 1968 ire,
592 1920 735 1969 redire,
763 1921 904 1959 cibum
933 1934 1085 1971 capere,
1118 1921 1305 1959 desinere
1333 1922 1465 1970 pastu,
1487 1920 1664 1970 denique
1695 1919 1804 1958 nihil
1833 1931 1917 1956 non

255 1986 294 2017 35
315 1974 447 2012 facere
467 1974 518 2013 ad
547 1974 851 2024 praescriptum
874 1975 1106 2014 humanum
1133 1976 1273 2025 potius
1292 1988 1418 2028 quam
1441 1975 1490 2013 ad
1521 1974 1678 2013 Christi
1705 1973 1916 2022 regulam:

316 2028 426 2067 nihil
446 2029 631 2078 iniquius
649 2042 737 2068 esse
757 2042 883 2080 quam
903 2029 1014 2068 inter
1031 2032 1120 2068 tam
1147 2029 1381 2079 inaequales
1409 2029 1715 2079 aequalitatem,
1737 2028 1918 2066 maxime

318 2083 428 2132 quod
457 2083 544 2122 illic
574 2096 869 2133 saepenumero
898 2084 1091 2123 coelestia
1119 2083 1284 2134 ingenia
1316 2097 1361 2122 ac
1394 2083 1637 2122 melioribus
1668 2082 1790 2120 rebus
1821 2084 1918 2120 nata

318 2137 562 2176 ceremoniis
582 2140 624 2176 et
636 2138 1020 2177 constitutiunculis
1039 2138 1236 2176 humanis
1251 2140 1322 2176 aut
1337 2137 1463 2176 etiam
1478 2137 1610 2176 liuore
1627 2137 1911 2187 sepelirentur.

317 2191 473 2230 Tamen
504 2205 577 2230 nec
606 2192 801 2242 cuiquam
830 2205 1018 2242 vnquam
1045 2192 1126 2231 fuit
1157 2195 1278 2231 autor
1310 2192 1535 2230 mutandae
1564 2192 1687 2238 vitae,
1720 2203 1795 2229 nec
1830 2191 1916 2239 ipse

254 2262 297 2293 40
316 2246 537 2296 quicquam
563 2246 806 2285 huiusmodi
832 2247 1006 2285 molitus
1025 2249 1113 2293 est;
1143 2249 1310 2296 paratus
1337 2247 1477 2284 omnia
1496 2246 1601 2284 ferre
1627 2245 1766 2295 potius
1789 2257 1916 2295 quam

315 2299 392 2338 vlli
412 2300 656 2339 mortalium
676 2301 921 2339 offendiculo
951 2314 1051 2349 esse,
1074 2300 1196 2339 Pauli
1222 2301 1286 2338 sui
1316 2300 1556 2350 exemplum
1583 2300 1629 2338 in
1649 2300 1726 2338 hoc
1752 2312 1916 2349 quoque

315 2355 507 2394 referens.
568 2355 686 2394 Nihil
708 2358 846 2393 autem
869 2360 960 2394 erat
984 2358 1072 2393 tam
1098 2355 1291 2404 iniquum
1317 2356 1427 2404 quod
1451 2354 1522 2393 ille
1551 2355 1666 2405 pacis
1691 2353 1916 2392 seruandae

314 2409 451 2447 studio
471 2422 555 2447 non
574 2422 740 2448 summa
759 2423 854 2448 cum
872 2409 1084 2448 alacritate
1102 2411 1394 2459 perpeteretur.

372 2463 520 2502 Libros
540 2463 717 2508 diuinos,
742 2464 985 2513 praesertim
1010 2463 1219 2513 Epistolas
1242 2463 1379 2511 Pauli,
1401 2463 1459 2502 sic
1486 2463 1708 2501 edidicerat
1726 2465 1772 2501 vt
1792 2474 1915 2500 nemo

254 2525 295 2557 45
317 2517 469 2555 melius
490 2520 649 2555 teneret
668 2531 826 2567 vngues
846 2518 1079 2568 digitosque
1098 2531 1193 2556 suos
1213 2530 1337 2568 quam
1362 2517 1434 2555 ille
1454 2517 1575 2555 Pauli
1603 2518 1668 2556 sui
1692 2529 1912 2556 sermones.

813 2624 864 2645 22.
891 2624 1015 2645 rursus
1031 2617 1060 2644 F
1072 2616 1184 2652 Cori-59.
1202 2626 1210 2645 z
1234 2624 1357 2646 uersus
1372 2618 1408 2646 F.

363 2706 411 2728 10.
440 2695 564 2737 pestis]
597 2696 633 2726 It
659 2696 767 2726 drove
791 2696 961 2726 Erasmus
989 2695 1081 2726 from
1151 2695 1268 2733 Colet;
1295 2695 1316 2726 l.
1337 2697 1412 2727 262.

317 2740 468 2771 Pal-isin
484 2740 563 2778 May
575 2749 670 2778 1501;
689 2750 746 2770 see
761 2739 1079 2779 Epp.153introd..
1195 2749 1246 2770 20.
1272 2739 1423 2781 excelso]
1464 2739 1531 2770 For
1562 2740 1622 2771 the
1662 2751 1722 2770 use
1761 2739 1798 2769 of
1841 2738 1915 2769 this

319 2785 390 2823 156.
411 2784 485 2821 6-8,
510 2792 580 2822 157.
603 2793 672 2821 1-4.
696 2793 765 2822 159.
784 2785 880 2822 35-6.
1149 2782 1289 2822 epithet
1305 2784 1411 2814 about
1438 2783 1536 2814 Colet
1560 2785 1596 2813 in
1616 2793 1635 2813 a
1652 2788 1715 2814 not
1739 2791 1917 2813 commen-

362 2837 411 2866 13.
437 2827 632 2868 Vitrarius]
658 2830 721 2857 See
738 2827 801 2866 Ep.
822 2828 893 2866 163.
912 2836 969 2866 3n.
1150 2826 1276 2865 datm-y
1295 2836 1395 2857 sense
1416 2837 1471 2857 see
1490 2826 1525 2857 11.
1543 2837 1618 2866 391.
1637 2837 1712 2866 399.

363 2872 410 2900 16.
435 2869 673 2909 quadraginta
709 2870 876 2910 quatuor]
925 2870 980 2901 He
1008 2879 1081 2900 was
1193 2878 1245 2908 33.
1271 2869 1540 2911 redormiseere]
1567 2870 1618 2901 Cf.
1646 2871 1732 2910 Epp.
1760 2870 1833 2908 296.
1863 2877 1913 2908 19,

316 2915 419 2952 born,
444 2914 631 2950 therefore,
660 2925 687 2945 c.
720 2923 812 2952 1457,
842 2914 915 2944 and
941 2924 978 2944 so
1010 2924 1082 2944 was
1149 2923 1223 2952 447·
1244 2922 1319 2951 401.

315 2959 423 2988 about
441 2959 527 2988 nine
544 2966 647 2996 years
663 2957 762 2987 older
778 2958 866 2988 than
886 2958 1064 2988 Erasmus.
1194 2965 1245 2994 41.
1274 2956 1506 2997 offendiculo]
1533 2957 1582 2987 Cf.
1607 2967 1619 2987 1
1640 2957 1716 2987 Cor.
1737 2958 1767 2987 8.
1786 2966 1816 2995 9.

363 3011 409 3040 19.
438 3010 580 3041 procero
624 3002 658 3030 et
703 3001 873 3041 eleganti]
922 3002 965 3031 So
1010 3001 1082 3030 also
1194 3009 1247 3038 45.
1275 3000 1424 3041 vngues]
1450 3000 1598 3031 Cf.Juv.
1618 3011 1644 3040 7.
1665 3010 1740 3039 232.
