1990 3353
75 122 197 176 1184]
525 122 595 160 ΤΟ
633 120 900 159 WILLIAM
940 118 1213 158 BUDAEUS
1594 118 1674 155 443

71 235 233 272 faueam
254 232 435 282 ingenio,
460 245 545 271 non
570 233 711 282 potero
738 230 826 269 sine
852 243 1019 269 summo
1049 229 1188 268 dolore
1214 229 1393 278 spectare
1415 227 1674 266 concertatio-

72 302 172 326 nem
204 288 356 335 istam;
393 300 496 338 quae
527 299 669 324 vereor
707 298 759 323 ne
779 284 979 323 ”nimium
1018 284 1298 322 excandescat.
1357 282 1465 320 Nam
1502 281 1677 330 epistola
1699 294 1710 313 2

72 342 191 389 Mori,
225 355 350 392 quam
380 342 526 391 opinor
553 343 594 379 te
614 339 768 378 vidisse
792 338 1035 388 priusquam
1065 351 1157 376 eam
1184 337 1291 376 mihi
1321 336 1463 375 Morus
1492 336 1675 374 ostendit

72 396 220 436 Caletii
257 396 341 434 iam
361 396 473 446 typis
511 407 714 441 excusam,
748 393 844 432 talis
876 395 938 431 est
972 395 1019 431 vt
1058 406 1133 443 ego
1172 392 1243 442 qui
1280 390 1499 429 nonnullis
1536 390 1678 428 videar

72 451 253 500 mordax,
285 451 334 489 ad
364 451 470 488 hanc
500 449 676 488 collatus
705 460 898 497 prorsum
928 447 1151 485 edentulus
1180 447 1287 485 sim:
1327 448 1368 484 et
1396 448 1540 483 tamen
1569 444 1677 482 mihi

71 505 374 554 propemodum
402 504 615 554 pollicitus
640 504 702 541 est
728 515 771 541 se
797 514 1077 552 praessurum,
1108 501 1146 539 si
1165 500 1336 539 Brixius
1355 498 1673 549 conquiesceret.

71 559 281 597 Amabam
309 561 351 598 et
380 559 580 597 festiuum
615 557 798 595 Hutteni
828 556 1069 606 ingenium:
1113 555 1157 593 id
1188 554 1424 593 Lutherana
1455 555 1677 603 tempestas

71 614 204 652 Musis
222 613 383 663 eripuit.

127 668 207 716 Qui
226 668 346 706 hasce
366 667 501 706 reddit
520 667 676 714 literas,
693 665 1031 704 Guilhelmorum
1046 677 1155 702 vnus
1175 665 1238 701 est
1260 663 1332 712 qui
1347 662 1521 701 candide
1536 661 1679 700 fauent

72 722 269 761 Erasmo:
300 721 370 772 qui
390 735 485 760 cum
505 734 556 759 ex
577 734 644 758 me
664 719 879 759 didicisset
895 718 1130 757 cuiusmodi
1145 718 1211 756 vir
1225 730 1346 765 esses,
1365 716 1524 755 ambire
1544 715 1678 765 coepit

70 780 116 815 vt
144 777 223 815 tibi
252 776 540 815 innotesceret.
601 777 663 813 Ac
692 774 873 824 profecto
904 773 1055 823 dignus
1085 774 1159 820 est,
1183 785 1276 810 mea
1304 771 1526 818 sententia,
1550 783 1677 820 quem

70 834 142 869 tua
157 831 338 881 digneris
358 830 565 868 amicitia:
595 829 795 868 festiuum
815 829 1034 877 ingenium
1055 829 1133 875 est,
1149 839 1286 865 mores
1306 826 1430 873 niuei,
1449 837 1615 863 summa
1633 824 1677 861 in

70 886 191 924 rebus
205 885 398 935 gerendis
413 885 663 929 dexteritas3
697 884 924 929 literarum,
950 885 997 920 vt
1018 883 1080 920 est
1100 880 1427 927 amantissimus,
1451 881 1509 918 ita
1530 892 1677 928 nequa-

70 953 194 990 quam
217 939 342 979 rudis.
401 940 618 977 Postremo
639 951 724 976 non
745 938 917 976 nomine
938 940 1107 975 tantum
1127 936 1191 975 tui
1211 935 1367 973 similis
1390 936 1462 972 est.

125 995 242 1042 Cura,
267 994 327 1032 mi
347 994 525 1041 Budaee,
548 996 595 1031 vt
618 1006 745 1043 quam
767 992 994 1030 rectissime
1017 991 1181 1037 valeas;
1214 1003 1311 1028 nam
1340 989 1418 1027 hoc
1448 988 1560 1027 coelo
1589 989 1677 1026 tam

70 1050 194 1098 putri,
227 1049 272 1087 in
302 1049 368 1087 his
398 1047 632 1086 studiorum
660 1047 882 1093 laboribus,
907 1047 992 1084 imo
1022 1046 1067 1084 in
1096 1045 1163 1083 his
1191 1044 1340 1082 taediis
1369 1047 1407 1082 et
1438 1042 1677 1081 rabularum

70 1103 401 1153 obstrepentium
435 1105 476 1140 et
509 1101 838 1151 pisculentorum
875 1101 1049 1148 dierum,
1082 1099 1154 1138 vix
1185 1100 1286 1138 satis
1324 1101 1492 1136 tuemur
1520 1097 1676 1135 11116111-
1722 1112 1738 1142 5

71 1158 224 1197 dinem.
287 1157 463 1196 Louanii
483 1157 586 1196 xiiii.
611 1156 696 1195 Cal.
718 1155 834 1195 Mart.
859 1168 969 1193 ANNO
991 1168 1031 1193 m.
1042 1167 1173 1193 D.XX1.

471 1350 594 1391 1185.
656 1349 721 1390 To
751 1348 991 1390 NICHoms
1024 1348 1283 1388 BERALDUs.

119 1455 311 1501 Epistolae
330 1456 378 1491 ad
397 1455 563 1491 diuersos
583 1468 617 1500 p.
640 1456 717 1501 567.
1362 1453 1536 1489 Louvain.

119 1515 213 1550 HN:
241 1515 358 1551 Lond.
378 1527 435 1550 XV.
461 1525 522 1550 10:
550 1513 621 1548 LB.
644 1515 721 1559 566.
1255 1514 1297 1548 16
1316 1513 1507 1557 February
1531 1521 1631 1557 1521.

564 1606 867 1648 [contemporary
884 1606 975 1636 with
994 1606 1055 1646 Ep.
1077 1605 1188 1646 1184]

468 1717 674 1748 ERASMVS
705 1716 903 1746 NICOLAO
936 1716 1149 1747 BERALDO
1182 1717 1216 1747 S.
1241 1717 1282 1745 D.

128 1801 335 1848 QVANTVM
367 1800 537 1849 apparet
570 1812 620 1837 ex
651 1797 809 1836 Budaei
844 1798 978 1836 nostri
1012 1798 1062 1836 ad
1094 1798 1247 1836 Viuem
1286 1798 1428 1845 literis,
1466 1797 1556 1835 fieri
1596 1810 1680 1834 non

73 1857 206 1906 potest
237 1854 340 1904 quin
373 1854 514 1892 Morus
548 1866 593 1891 ac
626 1852 797 1891 Brixius
836 1854 1009 1902 pergant
1048 1853 1159 1890 inter
1197 1866 1240 1891 se
1274 1851 1512 1891 conflictari.
1572 1853 1682 1889 Amo

73 1909 288 1959 Vtriusque
307 1908 535 1958 ingenium,
556 1907 701 1945 malim
722 1907 835 1945 aliud
856 1920 930 1956 par
949 1910 1132 1956 spectare
1153 1907 1423 1945 commissum
1442 1921 1451 1953 ;
1482 1906 1551 1944 sed
1573 1906 1679 1955 quod

73 1964 194 2002 nobis
214 1964 259 2001 in
279 1976 407 2001 manu
436 1975 521 2000 non
548 1964 621 2009 est,
644 1961 826 2000 fatorum
853 1961 1023 1999 arbitrio
1054 1961 1358 2011 permittamus.
1419 1960 1521 1998 Tuis
1547 1960 1683 1998 literis

1700 565 1737 596 25

1699 837 1740 867 30

72 2021 322 2068 prouocatus
350 2017 592 2066 scripseram
615 2015 736 2054 Hueo
758 2016 949 2057 Decano:
991 2018 1029 2053 et
1065 2016 1138 2054 ille
1165 2015 1223 2054 sic
1250 2015 1461 2055 obticescit
1482 2014 1599 2064 quasi
1628 2014 1684 2052 sit
1705 2025 1721 2055 5

73 2072 258 2111 offensus
279 2071 410 2110 officio
430 2084 534 2109 meo.
596 2070 714 2119 Quod
735 2070 771 2108 si
796 2072 871 2118 est,
894 2070 955 2108 fac
977 2070 1083 2108 mihi
1103 2071 1322 2108 hominem
1343 2069 1591 2115 reconcilies,
1616 2069 1681 2107 cui

74 2141 141 2164 me
161 2126 328 2166 volebas
347 2126 576 2165 conciliare.

129 2181 264 2220 Tanta
301 2181 369 2218 hic
403 2182 464 2218 est
503 2179 640 2217 rabies
674 2178 937 2228 quorundam
976 2179 1276 2217 monachorum
1315 2179 1515 2216 aduersus
1554 2177 1683 2215 bonas

74 2236 226 2282 literas,
252 2237 298 2274 vt
327 2235 411 2273 iam
440 2234 574 2272 taedia
603 2234 688 2271 sint
707 2233 847 2271 verius
867 2247 994 2283 quam
1025 2233 1175 2272 studia.
1236 2233 1324 2282 Ego
1345 2233 1683 2271 Praedicatorum

74 2289 275 2328 conuiciis
305 2289 468 2339 lapidor
496 2287 694 2338 quotidie,
728 2287 771 2325 in
802 2287 981 2337 publicis
1010 2288 1139 2326 etiam
1174 2287 1466 2335 concionibus;
1510 2300 1611 2336 quae
1647 2286 1712 2324 si!

75 2346 236 2394 paterer
264 2357 338 2394 pro
368 2343 539 2393 negocio
567 2342 677 2389 fidei,
711 2355 794 2380 non
830 2343 1024 2380 cesserim
1055 2343 1119 2380 vel
1155 2342 1235 2392 ipsi
1269 2341 1567 2391 protomartyri
1597 2340 1683 2378 ste-

74 2399 226 2448 phano.
301 2397 439 2437 Semel
472 2397 544 2435 illc
575 2396 781 2446 lapidatus
816 2396 943 2434 finem
983 2396 1150 2435 inuenit
1189 2396 1338 2443 malis,
1386 2398 1426 2434 et
1464 2395 1574 2434 saxis
1612 2393 1684 2432 1116

76 2453 278 2491 duntaxat
310 2452 527 2502 impetitus
558 2453 632 2490 est.
693 2450 781 2501 Ego
815 2464 889 2489 nec
922 2464 1004 2488 vno
1036 2451 1080 2488 in
1120 2451 1208 2490 loco
1249 2456 1324 2489 nec
1358 2450 1487 2489 semel
1525 2448 1685 2499 lapidor

76 2507 307 2546 mendaciis
328 2510 370 2545 et
390 2505 590 2545 conuiciis
615 2504 731 2544 letali
750 2518 909 2543 veneno
934 2506 1104 2543 tinctis:
1135 2508 1259 2555 atque
1285 2505 1384 2544 haec
1413 2504 1512 2543 dum
1539 2505 1680 2553 agunt,

121 2611 215 2642 1184.
244 2620 293 2649 19.
320 2609 439 2640 dolore
456 2612 484 2639 F
499 2611 611 2647 δον-νίς.
630 2619 637 2638 :
661 2611 705 2639 cu
722 2607 840 2638 dolore
858 2611 893 2639 Jv'.
1116 2618 1167 2647 29.
1194 2617 1299 2647 quem
1318 2610 1346 2637 F
1360 2610 1471 2645 Corriy.
1491 2617 1498 2637 ε
1523 2616 1628 2646 quam
1649 2609 1682 2636 1³.

79 2654 173 2686 1185.
197 2665 228 2694 9.
254 2653 545 2684 Praedicatorum
562 2655 610 2683 F:
635 2652 953 2682 Dominicanorum
974 2656 1017 2684 H.

124 2763 220 2794 1184.
247 2772 300 2793 20.
324 2760 471 2801 epistola
483 2759 592 2801 Mori]
609 2759 683 2790 The
698 2759 845 2799 replyto
959 2770 1009 2798 27.
1039 2760 1105 2798 Qui
1152 2759 1258 2789 hasce
1306 2758 1440 2799 reddit]
1490 2758 1507 2788 I
1554 2760 1680 2789 cannot

78 2807 140 2837 the
159 2809 367 2844 Antimorus;
393 2815 450 2837 see
474 2805 560 2845 Epp.
591 2803 672 2841 1087
698 2803 843 2840 intrml„
916 2803 1072 2842 identify
1090 2802 1165 2833 this
1183 2802 1356 2832 william.

83 2851 176 2889 1096.
200 2859 300 2880 121n.
958 2856 1014 2886 35.
1040 2845 1340 2887 pisculentorum]
1366 2846 1455 2877 Lent
1479 2845 1550 2876 had
1570 2846 1683 2884 bcgun

121 2903 173 2924 22.
199 2892 346 2933 Caletii]
364 2893 428 2924 See
446 2901 479 2932 p.
499 2892 572 2930 296.
915 2900 959 2920 on
983 2899 1021 2929 13
1039 2890 1119 2921 1³05».
1203 2914 1209 2921 .

122 2947 173 2975 24.
200 2936 386 2977 pollicitus
408 2934 479 2976 est]
505 2935 557 2967 Cf.
582 2935 646 2975 Ep.
669 2933 761 2973 1096.
787 2942 846 2963 102
961 2935 1058 2965 1185.
1087 2944 1114 2965 1.
1141 2933 1272 2971 literis]
1291 2933 1342 2964 Cf.
1364 2933 1424 2973 Ep.
1447 2933 1540 2970 1184.
1566 2932 1613 2962 16.

76 2990 91 3010 s
112 2990 166 3020 eq.
960 2988 989 3016 5.
1020 2977 1138 3017 Hueo]
1157 2978 1220 3007 See
1238 2977 1325 3016 Epp.
1345 2978 1419 3016 989.
1437 2986 1494 3015 9n,
1520 2985 1611 3015 1003.

124 3034 175 3063 25.
205 3023 377 3064 Hutteni]
397 3023 447 3054 Cf.
470 3023 532 3063 Ep.
554 3032 646 3060 1119.
665 3033 743 3063 3311.
964 3031 1012 3051 10.
1042 3020 1193 3061 lnpidor]
1221 3021 1272 3052 Cf.
1291 3020 1352 3059 Ep.
1378 3021 1468 3050 1182.
1487 3029 1545 3058 91¹·
