1990 3353
76 150 197 206 1026]
573 149 643 188 ΤΟ
682 146 921 187 THOMAS
960 146 1178 185 LUPSET
1618 145 1670 183 89

68 275 149 313 qua
174 263 273 300 sunt
293 274 396 310 quae
421 261 542 310 putes
571 257 678 295 mihi
706 270 791 295 non
821 270 909 296 esse
936 256 1110 306 cognita.
1172 254 1373 304 Longolio
1402 267 1507 304 pene
1534 255 1671 291 totum

67 317 254 355 triduum
284 315 402 353 dedi:
445 312 604 363 placuit
632 311 828 350 omnibus
858 311 1006 357 modis,
1038 310 1116 349 hoc
1144 323 1230 348 vno
1259 309 1441 358 dempto,
1469 308 1578 358 quod
1613 308 1671 345 ni·
1691 324 1707 355 5

68 371 202 409 mium
227 369 373 408 Gallus
401 370 479 415 est,
509 380 605 405 cum
635 366 690 405 sit
720 368 894 405 nostras.
954 365 1214 414 Commigrat
1242 362 1382 401 isthuc
1414 361 1671 401 clarissimus

66 425 303 464 adolescens
331 422 546 462 Antonius
579 435 604 460 a
633 420 888 470 Grimberga,
921 419 1036 458 filius
1063 417 1339 457 cordatissimi
1370 417 1510 455 herois
1538 417 1588 455 D.
1621 416 1671 454 de

67 479 224 528 Bergis‚
241 491 331 516 rara
349 476 488 515 indole
507 488 554 514 ac
573 475 796 524 probitate,
813 474 1029 513 literarum
1049 486 1100 511 ex
1114 472 1255 511 animo
1271 471 1493 516 studiosus,
1511 472 1576 509 cui
1596 483 1670 508 nec

66 534 232 572 inuisus
268 534 332 570 est
368 531 580 569 Erasmus.
654 529 811 569 Valent
847 528 916 567 hic
955 527 1019 567 tui
1057 527 1332 566 Hermannus
1371 525 1580 575 Phrysius
1622 538 1669 564 ac

67 588 256 626 Nesenus
275 599 371 625 cum
390 585 540 625 Carino
561 584 821 634 caeterisque.
1692 593 1731 615 10

120 640 323 680 Vesculus
343 652 560 689 nunquam
586 637 721 688 magis
740 637 823 676 fuit
841 637 886 675 in
913 637 1083 686 negocio
1103 647 1230 685 quam
1258 647 1395 682 nunc;
1425 635 1496 673 sed
1528 634 1670 673 omnia

67 697 214 735 fucate.
257 694 317 733 Mi
331 695 522 744 Lupsete,
541 692 578 731 si
593 692 658 731 vis
676 706 745 731 me
763 691 842 731 tibi
861 690 1091 730 immortali
1107 690 1320 728 deuincire
1339 689 1553 737 beneficio,
1574 702 1670 727 cura

66 750 213 801 quauis
242 750 401 788 ratione
420 750 468 787 vt
497 747 602 785 liber
630 747 703 785 ille
732 746 783 785 ad
814 759 882 784 me
911 745 1138 796 perueniat.
1198 743 1424 793 Exemplar
1451 746 1515 781 est
1544 743 1670 782 isthic

65 805 176 855 apud
197 806 279 842 tres
297 805 368 841 aut
388 804 577 852 quatuor,
600 801 726 840 amici
745 802 876 851 agunt
895 802 940 838 vt
961 801 1200 850 prematur;
1231 800 1273 837 et
1300 798 1469 836 interim
1497 798 1575 836 hoc
1603 811 1669 836 me

65 859 246 907 laedunt,
281 857 390 908 quod
422 857 488 895 hic
519 856 704 906 quotidie
736 854 874 894 reddit
906 854 1197 893 instructiores
1230 865 1325 891 suas
1362 852 1667 902 sycophantias.
1692 863 1729 896 15

65 913 183 952 Nihil
216 911 330 951 enim
366 912 508 950 minus
540 910 792 960 sperandum
823 911 886 948 est
918 922 1045 959 quam
1074 911 1121 947 vt
1153 907 1226 945 ille
1260 909 1460 956 perpetuo
1493 909 1666 956 premat.

65 969 158 1007 Hoc
177 966 301 1005 officii
320 965 356 1005 si
384 966 491 1004 mihi
518 964 784 1015 praestiteris,
807 977 971 1014 reposce
991 962 1176 1001 vicissim
1198 961 1395 1012 quicquid
1414 960 1538 1010 voles,
1562 960 1671 999 nihil

64 1022 291 1073 negabitur.
337 1021 586 1070 Magnopere
605 1022 773 1069 gratum
793 1019 939 1057 feceris
958 1018 993 1056 si
1013 1017 1252 1067 frequenter
1273 1016 1324 1054 ad
1344 1029 1420 1054 nos
1441 1015 1667 1066 scripseris.

65 1077 180 1116 Bene
199 1076 302 1114 vale.
364 1074 551 1113 Louanii.
611 1073 818 1112 Postridie
838 1074 941 1112 Idus
961 1072 1124 1112 Octobr.
1172 1073 1313 1127 ¹,Anno
1334 1083 1512 1109 M.D.X1x.

453 1224 575 1264 10:27.
635 1222 700 1263 ΤΟ
731 1222 953 1264 WILLIAM
985 1221 1279 1263 DANCASTER.

110 1313 304 1359 Epistolae
324 1316 371 1349 ad
389 1314 554 1350 diuersos
572 1327 608 1360 p.
628 1323 707 1359 507.
1354 1307 1537 1343 Louvain.

109 1371 179 1406 HN
196 1386 203 1408 :
231 1372 347 1408 Lond.
366 1372 446 1409 xiii.
468 1383 508 1418 13
525 1386 532 1407 :
556 1373 629 1408 LB.
648 1382 729 1417 470.
1277 1369 1318 1403 16
1336 1367 1500 1403 October
1520 1376 1623 1412 1519.

107 1452 170 1493 [To
196 1454 347 1485 ‘Master
371 1454 584 1485 Dancaster'
609 1454 710 1485 Colet
734 1454 774 1484 in
797 1453 856 1484 his
879 1453 968 1490 will,
992 1462 1034 1483 22
1049 1452 1137 1491 Aug.
1165 1460 1258 1490 1519,
1278 1450 1342 1482 left
1363 1450 1419 1483 26.
1445 1459 1509 1488 138.
1539 1448 1596 1488 4d.
1619 1449 1671 1479 ‘to

63 1499 231 1536 supporte
247 1497 334 1536 hyn]
352 1498 392 1528 in
412 1498 481 1538 hys
502 1499 626 1528 vertue
640 1498 647 1509 '
675 1498 726 1536 (S.
743 1497 894 1537 Knight,
913 1498 980 1536 LzJse
996 1498 1032 1534 os
1051 1498 1134 1533 Cobet,
1154 1505 1188 1534 p.
1207 1494 1286 1535 465)
1307 1505 1314 1532 3
1339 1495 1381 1525 cf.
1400 1494 1462 1533 Ep.
1481 1493 1556 1532 278.
1573 1493 1669 1523 8—11.

0 1545 2 1549 ’
65 1539 188 1572 Hence
210 1541 242 1572 J.
265 1542 310 1572 H.
329 1542 482 1582 Lupton,
501 1543 568 1579 Le'fe
589 1544 626 1580 of
641 1544 724 1572 John
747 1544 829 1580 Colet,
853 1550 945 1580 1909,
973 1550 1005 1580 p.
1029 1549 1093 1578 234
1107 1549 1141 1578 11,
1169 1538 1391 1578 conjectures
1415 1537 1496 1568 that
1518 1537 1564 1567 he
1589 1546 1672 1576 may

62 1583 153 1616 have
169 1585 260 1616 been
280 1586 318 1616 ‘a
334 1585 475 1616 scholar
492 1585 530 1616 of
545 1583 676 1616 Colet's
695 1594 777 1616 now
793 1585 968 1624 studying
983 1583 1038 1614 for
1054 1582 1263 1613 ordination
1277 1581 1297 1613 ⁷.
1345 1582 1400 1613 On
1418 1590 1459 1620 23
1475 1582 1564 1620 Aug.
1589 1590 1668 1619 1521

62 1627 230 1659 Erasmus
246 1631 326 1660 sent
341 1629 521 1669 greetings
538 1630 573 1660 to
590 1628 668 1660 him
684 1628 841 1668 through
859 1629 1003 1668 Lupset.
1055 1627 1112 1657 He
1128 1635 1278 1666 appears
1294 1628 1330 1657 to
1354 1625 1445 1656 have
1462 1624 1564 1655 sided
1580 1623 1669 1654 with

61 1671 126 1702 the
141 1672 240 1712 King
255 1683 340 1703 over
356 1673 418 1704 the
435 1673 607 1704 Divorce:
632 1672 704 1704 and
728 1673 768 1703 in
791 1672 930 1703 reward
954 1671 1118 1702 received
1141 1670 1205 1701 the
1226 1669 1343 1710 living
1365 1670 1403 1700 of
1424 1667 1607 1708 Ampthill
1631 1668 1671 1698 in

61 1714 331 1755 Bedfordshire,
349 1718 370 1747 8
393 1717 483 1757 Aug.
512 1717 606 1756 1528,
626 1717 734 1756 being
757 1716 848 1748 then
875 1715 968 1748 M.A.
996 1715 1156 1755 (Brewer
1179 1715 1226 1745 iv.
1252 1723 1350 1752 3232,
1377 1713 1474 1752 4687.
1500 1711 1549 1752 8).
1596 1711 1671 1742 The

61 1762 207 1798 present
224 1762 339 1792 rector
354 1760 392 1791 of
411 1760 607 1800 Ampthill,
626 1760 687 1791 the
704 1760 789 1791 Rev.
807 1760 862 1790 W.
883 1760 924 1791 D.
946 1759 1040 1798 May,
1060 1758 1191 1798 kindly
1206 1758 1362 1788 informs
1379 1767 1436 1787 me
1452 1756 1534 1787 that
1552 1766 1572 1787 a
1588 1765 1671 1786 new

62 1806 187 1843 rector,
207 1804 361 1835 Richard
379 1804 560 1844 ByrdsalL
580 1814 653 1834 was
666 1804 862 1844 appointed
884 1813 929 1834 on
953 1813 997 1834 20
1013 1803 1095 1834 Feb.
1115 1802 1208 1844 Ἓξ,
1229 1802 1291 1832 the
1316 1801 1434 1840 living
1455 1801 1563 1840 being
1586 1800 1672 1831 void

62 1845 109 1887 by
125 1847 233 1879 death
252 1848 413 1889 (Brewer
430 1848 475 1879 iv.
495 1848 592 1888 6248.
611 1848 681 1888 2ο),
699 1847 929 1888 presumably
946 1845 1199 1885 Dancaster's.]

218 1960 422 1991 ERASMVS
454 1960 792 1991 RO'I'ERODAMVS
825 1959 1146 1990 INTEGERRIMO
1177 1957 1220 1988 D.
1254 1957 1526 1988 GVILHELMO

674 2028 945 2059 DANCASTRO
977 2028 1009 2059 S.
1034 2027 1076 2058 D.

116 2111 151 2149 Ο
181 2123 256 2150 Nos
288 2111 472 2160 miseros,
506 2111 581 2162 qui
607 2111 738 2150 talem
767 2113 1084 2162 praeceptorem,
1118 2109 1244 2148 talem
1273 2110 1510 2158 patronum,
1542 2109 1670 2147 talem

61 2165 326 2205 amiserimus
343 2165 550 2205 amicum!

389 2242 586 2282 Ploratur
604 2242 830 2293 lachrymis
849 2241 1003 2281 amissa
1025 2239 1201 2290 pecunia
1217 2239 1328 2278 veris
1345 2253 1354 2286 3

62 2319 169 2358 hanc
200 2332 274 2369 ego
303 2319 506 2359 iacturam
536 2319 652 2358 omni
678 2318 990 2368 lachrymarum
1015 2327 1165 2364 genere
1185 2313 1481 2364 deplorandam
1509 2325 1667 2352 censeo.

64 2373 143 2412 Sed
164 2374 264 2424 quid
285 2373 503 2413 conferunt
524 2374 745 2423 singultus,
770 2370 869 2422 quid
890 2369 1102 2408 eiulatus?
1131 2368 1202 2407 ille
1217 2368 1401 2406 reuocari
1422 2381 1506 2406 non
1522 2369 1668 2418 potest,
1690 2382 1708 2414 5

66 2441 143 2467 nos
170 2427 293 2466 illum
325 2428 442 2467 breui
471 2441 703 2479 sequemur.
764 2424 944 2464 Interim
974 2423 1116 2462 Coleto
1146 2422 1453 2472 gratulandum,
1486 2422 1558 2472 qui
1587 2421 1671 2460 iam

65 2495 234 2521 securus
261 2495 336 2521 suo
363 2482 516 2521 fruitur
543 2482 719 2529 Christo,
743 2492 867 2531 quem
894 2491 1055 2527 semper
1080 2477 1256 2515 habebat
1276 2476 1320 2515 in
1341 2490 1420 2524 ore,
1444 2490 1606 2527 semper
1626 2476 1670 2514 in

416 2569 510 2601 1026.
532 2579 560 2607 7.
588 2570 629 2601 D.
651 2568 694 2599 de
711 2571 758 2599 F:
785 2579 803 2599 a
822 2571 864 2599 Il.
1026 2577 1072 2606 19.
1099 2566 1262 2598 Octobris
1278 2567 1320 2596 H.

106 2672 201 2703 1026.
223 2683 253 2710 4.
281 2668 467 2713 Longolio]
493 2672 545 2703 Of.
564 2672 628 2712 Ep.
649 2682 742 2711 1023.
766 2682 822 2704 111.
899 2672 977 2702 him
994 2681 1051 2702 see
1069 2671 1131 2711 Ep.
1148 2673 1224 2710 906.
1244 2671 1321 2709 448.

105 2717 135 2746 6.
170 2715 310 2757 Gallus]
358 2716 426 2747 For
471 2716 534 2747 the
581 2717 749 2756 question
798 2717 836 2746 of
947 2726 995 2754 14.
1022 2718 1094 2745 tres
1118 2716 1181 2745 aut
1204 2714 1376 2756 quatuor]
1402 2714 1471 2745 Lee
1495 2714 1567 2745 had
1592 2717 1672 2744 sent

64 2758 267 2799 Longolius'
305 2759 526 2800 nationality
565 2769 623 2791 see
665 2760 728 2800 Ep.
766 2770 832 2800 914
898 2768 962 2790 ms.
991 2758 1109 2798 copies
1133 2758 1172 2789 of
1192 2758 1249 2789 his
1274 2759 1363 2789 book
1388 2759 1424 2789 to
1449 2758 1556 2798 More,
1577 2757 1671 2788 Lati-

61 2803 195 2834 introd.
899 2812 986 2841 mer,
1011 2802 1139 2833 Fisher
1156 2801 1236 2841 (Ep.
1257 2803 1352 2833 1061.
1370 2801 1484 2840 61-2).
1505 2801 1577 2832 and
1595 2811 1671 2840 per-

104 2857 135 2886 9.
165 2846 355 2887 Phr-ysius]
377 2846 441 2877 See
458 2847 520 2887 Ep.
539 2856 615 2886 903.
639 2857 714 2878 12n.
901 2846 988 2885 haps
1005 2847 1040 2875 to
1056 2845 1221 2876 Tunstall
1241 2846 1319 2885 (Ep.
1343 2856 1437 2885 1029.
1459 2855 1518 2885 29;
1545 2846 1608 2875 but
1625 2845 1666 2874 cf.

110 2900 158 2921 10.
184 2889 330 2931 Carino]
355 2891 420 2920 See
436 2890 524 2930 Epp.
541 2900 615 2930 920,
639 2900 734 2930 ¹034·
899 2891 963 2929 Ep.
975 2892 1067 2920 1061.
1083 2889 1214 2928 136—7).
1244 2889 1308 2920 See
1320 2889 1395 2920 also
1409 2889 1471 2928 Ep.
1484 2898 1577 2928 1053.
1593 2897 1667 2927 344.

111 2943 159 2965 11.
186 2932 373 2975 vost-ulus]
428 2934 503 2965 Tho
551 2935 836 2974 accompanying
946 2933 1042 2964 1027.
1058 2943 1088 2972 3.
1117 2933 1298 2973 Ploratur]
1323 2933 1404 2964 Juv.
1431 2942 1480 2971 13.
1501 2942 1570 2971 134.

64 2977 188 3008 letters
218 2977 316 3008 show
347 2978 482 3017 clearly
504 2977 585 3008 that
617 2977 686 3008 Lee
718 2978 748 3008 is
779 2978 835 3008 in·
943 2986 973 3015 5.
1000 2975 1179 3017 reuocari]
1204 2976 1256 3007 Cf.
1275 2977 1338 3016 Ep.
1357 2976 1449 3007 1028.
1473 2985 1520 3015 15v

63 3020 206 3053 tendcd.
255 3021 324 3051 For
346 3031 366 3052 a
394 3021 534 3052 similar
557 3021 775 3061 description
801 3020 839 3051 of
946 3030 975 3058 7.
999 3017 1162 3060 Christo]
1186 3018 1237 3050 Cf.
1256 3020 1320 3060 Ep.
1342 3029 1434 3050 1211.
1453 3029 1529 3057 325.
1549 3028 1623 3057 329.
