1990 3353
315 130 399 169 466
789 130 1044 169 LETTERS
1083 129 1151 169 OF
1189 130 1455 169 ERASMUS
1796 129 1836 183 [1
1845 143 1891 180 5²
1902 144 1918 169 1

317 240 378 278 Ea
398 240 448 278 de
467 253 511 278 re
532 252 627 278 cum
648 239 757 278 nulli
776 238 1020 277 mortalium
1039 239 1165 278 verba
1187 239 1389 287 fecissem,
1412 241 1457 277 tu
1486 239 1625 278 subito
1650 253 1840 280 reuersus
1868 241 1918 280 ad

315 294 546 343 ingenium,
590 294 762 342 coepisti
799 293 1015 332 vociferari
1053 307 1121 331 me
1165 293 1385 343 diplomati
1428 293 1651 332 Pontificio
1696 295 1921 334 obsisteiffe
1910 326 1919 341 ‚

236 363 295 396 105
317 349 465 398 opinor
501 348 727 397 instigatus
765 361 788 386 a
827 347 1019 397 quodam,
1057 347 1174 386 cuius
1207 348 1371 387 vtinam
1410 361 1496 386 non
1534 350 1622 387 tam
1653 349 1773 398 niger
1810 353 1918 389 esset

314 403 482 441 animus
527 415 653 452 quam
698 404 761 440 est
806 402 1032 440 candidum
1077 402 1277 452 pallium!
1352 402 1445 439 Iam
1482 402 1551 441 vel
1596 402 1728 441 Paulo
1773 406 1918 442 autore

315 457 515 495 debebam
549 457 769 506 ingenium
804 459 928 495 tuum
962 456 1112 495 habere
1146 470 1220 506 pro
1255 456 1476 506 deplorato,
1515 456 1588 505 qui
1625 456 1755 496 semel
1793 460 1921 508 atque

314 511 469 549 iterum
507 511 663 550 frustra
701 511 983 558 monuissem3
1023 511 1095 549 sed
1134 511 1333 561 quoniam
1370 511 1486 549 iuxta
1516 511 1698 549 Paulum
1736 513 1917 551 eundem

317 566 528 604 ‘Charitas
556 565 698 604 omnia
723 567 861 615 sperat
875 566 894 612 ³,
917 578 1060 603 rursus
1085 566 1168 604 adii
1194 568 1247 613 te,
1270 565 1383 604 solus
1410 565 1671 614 expostulaui
1696 579 1792 604 cum
1814 567 1916 614 solo,

232 635 294 657 110
313 619 436 668 paulo
467 619 635 670 quidem
665 620 849 667 liberius,
883 619 941 657 sic
970 619 1081 657 enim
1112 633 1176 658 res
1205 620 1409 668 poscebat,
1433 620 1504 658 sed
1538 622 1680 658 tamen
1713 623 1919 659 amanter.

312 674 396 712 Hic
426 676 473 712 tu
508 674 720 712 inficiatus
749 673 857 724 quod
887 674 1067 712 sciebam
1097 687 1185 713 esse
1213 674 1492 721 verissimum,
1527 674 1760 713 causabaris
1789 675 1914 723 aliud,

311 728 504 767 videlicet
523 742 546 767 a
567 743 633 767 me
652 729 824 778 scriptas
843 728 894 767 ad
916 728 1178 767 Cardinalem
1200 728 1571 778 Moguntinensem
1590 728 1744 777 literas,
1766 730 1921 779 quibus

312 783 648 832 pei-strinxissem
681 783 871 821 ordinem
899 785 1099 821 vestrum.
1160 783 1246 821 Nec
1277 783 1428 832 puduit
1462 785 1502 821 te
1532 783 1651 821 fateri
1678 783 1821 822 literas
1851 797 1920 822 eas

312 837 389 875 tibi
427 851 511 875 non
551 838 678 876 fuisse
720 837 857 879 lectas,
899 838 950 875 ob
995 851 1096 886 quas
1140 840 1355 886 tantopere
1399 837 1702 875 stomacharere
1717 851 1727 885 3
1781 838 1918 876 nihilo

232 903 291 934 115
311 892 582 931 verecundior
615 892 687 930 illo
720 891 852 930 sodali
889 893 961 930 tuo
1000 891 1171 930 Nicolao
1208 892 1412 941 Egmond.
1445 891 1678 938 Carmenta,
1716 892 1787 942 qui
1820 906 1913 931 cum

311 946 438 996 digna
456 948 579 996 atque
599 946 772 995 indigna
791 946 1040 985 vociferatus
1065 949 1172 984 esset
1199 947 1244 984 in
1265 946 1432 984 Nouum
1455 946 1774 985 Testamentum
1795 960 1819 985 a
1847 961 1920 986 me

310 1002 584 1050 recognitum,
615 1001 686 1038 vbi
716 1000 953 1038 Louanium
984 1000 1330 1050 commigrassem,
1363 1003 1404 1039 et
1436 1000 1653 1039 hominem
1685 1014 1708 1039 a
1741 1001 1918 1051 prandio

311 1055 490 1093 subinde
510 1068 699 1104 rogarem
719 1058 765 1092 vt
784 1067 922 1093 coram
944 1055 1146 1093 indicaret
1173 1068 1276 1104 quae
1302 1055 1561 1093 offenderent
1586 1055 1631 1093 in
1659 1068 1780 1105 opere
1805 1069 1910 1103 meo,

310 1110 524 1158 respondit
545 1110 671 1147 homo
692 1109 869 1159 simplex
889 1109 972 1148 sibi
992 1123 1210 1158 nunquam
1231 1123 1336 1158 opus
1355 1109 1511 1147 lectum
1531 1109 1669 1147 fuisse.
1732 1110 1910 1154 Obtieui,

232 1176 293 1198 120
309 1164 525 1213 suspicans
547 1163 669 1201 illum
697 1177 782 1201 non
809 1177 897 1202 esse
923 1166 1011 1201 tam
1041 1164 1236 1213 ignarum
1266 1163 1504 1202 dialectices
1532 1163 1635 1213 quin
1664 1164 1917 1214 intelligeret

310 1218 409 1268 quid
434 1232 507 1268 ego
534 1232 583 1256 ex
610 1218 764 1256 talibus
792 1217 1029 1268 praemissis
1055 1218 1302 1267 colligerem.
1362 1217 1634 1256 Odiosissime
1663 1219 1915 1258 clamauerat

308 1274 536 1311 venturum
557 1273 880 1319 Antichristum,
902 1285 977 1310 nec
998 1273 1152 1321 legerat
1172 1286 1355 1322 vnquam
1379 1272 1489 1322 quod
1510 1272 1745 1311 damnabat.

364 1326 442 1366 Sed
467 1328 517 1365 de
539 1327 713 1376 epistola
738 1341 833 1365 mox
852 1342 862 1375 ;
897 1327 1067 1365 interim
1092 1328 1280 1365 ordinem
1308 1326 1367 1364 rei
1393 1328 1532 1376 gestae
1559 1340 1793 1377 persequar.
1850 1329 1916 1367 Ac

309 1383 401 1419 tum
450 1382 620 1431 quidem
662 1381 732 1419 vbi
781 1384 821 1419 te
870 1382 1283 1420 commonefecissem
1331 1381 1453 1420 officii
1499 1381 1573 1429 tui⁷
1617 1382 1797 1428 discessi,
1839 1396 1917 1421 nec

231 1449 290 1481 125
312 1437 537 1474 admodum
565 1449 738 1484 sperans
766 1439 806 1473 te
835 1436 921 1473 fore
950 1437 1179 1484 meliorem,
1202 1449 1278 1474 nec
1304 1438 1447 1473 tamen
1478 1436 1650 1474 omnino
1679 1437 1912 1485 desperans

311 1490 461 1528 Paucis
493 1492 583 1539 post
613 1491 757 1528 diebus
787 1490 964 1528 Ioannes
996 1491 1138 1538 Faber,
1172 1491 1330 1529 ordinis
1363 1490 1424 1528 tui
1459 1491 1624 1538 sodalis,
1657 1491 1724 1528 cui
1752 1492 1914 1530 vtinam

309 1547 397 1583 tam
417 1545 570 1583 similis
590 1558 702 1583 esses
723 1544 966 1592 eruditione,
991 1545 1180 1583 moribus
1206 1545 1508 1594 prudentiaque
1536 1558 1661 1594 quam
1691 1559 1735 1583 es
1763 1546 1918 1584 similis

310 1599 473 1637 cuculla
510 1601 549 1636 et
587 1599 728 1648 pallio,
770 1599 917 1636 retulit
956 1599 1063 1637 mihi
1106 1599 1458 1648 quemadmodum
1504 1600 1544 1637 te
1589 1612 1713 1649 super
1753 1600 1828 1638 hac
1871 1615 1917 1638 re

308 1653 595 1692 admonuisset
618 1654 685 1691 vel
712 1653 970 1701 obiurgasset
998 1653 1162 1703 potius:
1194 1667 1292 1692 nam
1320 1653 1385 1691 illi
1413 1654 1520 1691 forte
1541 1667 1636 1699 *rem
1660 1657 1707 1693 vt
1735 1654 1916 1693 habebat

230 1715 292 1747 130
309 1721 590 1756 exposueram.
637 1708 917 1757 Respondisti,
940 1708 975 1746 si
995 1722 1142 1746 verum
1162 1709 1234 1746 ille
1257 1708 1459 1754 narrabat,
1482 1711 1524 1745 te
1544 1708 1718 1756 posthac
1739 1708 1916 1747 Erasmo

308 1762 397 1800 fore
431 1762 714 1800 certissimum
748 1761 941 1809 amicum,
978 1763 1013 1800 si
1046 1763 1214 1800 noxiam
1249 1762 1355 1800 hanc
1390 1762 1660 1800 remitterem.
1725 1763 1915 1813 Cumque

309 1816 550 1855 subiecisset
579 1816 650 1855 ille
682 1830 723 1855 se
754 1817 866 1854 nolle
896 1816 1004 1855 mihi
1034 1817 1186 1855 referre
1215 1831 1288 1866 pro
1319 1816 1440 1854 certis
1468 1817 1736 1865 incomperta,
1769 1818 1914 1856 dextra

309 1871 404 1909 data
425 1871 696 1909 confirmabas
717 1871 805 1909 fore
825 1872 935 1920 quod
957 1871 1219 1920 pollicerer-is.
1267 1870 1382 1909 Haec
1402 1884 1497 1908 cum
1518 1870 1625 1908 mihi
1645 1872 1915 1919 persuasisset

309 1938 397 1963 esse
418 1925 647 1973 verissima,
672 1925 805 1975 coepit
827 1925 1038 1964 obsecrare
1057 1939 1129 1975 per
1150 1925 1436 1964 Christianam
1457 1925 1718 1972 charitatem,
1734 1927 1915 1965 sinerem

229 1990 288 2022 135
309 1980 467 2017 exorari
487 1993 565 2027 me,
588 1982 808 2029 tecumque
829 1979 1007 2018 redirem
1028 1980 1074 2018 in
1093 1981 1283 2030 gratiam.
1342 1980 1430 2028 Ego
1451 1993 1548 2018 vero
1568 1993 1730 2029 semper
1749 1981 1799 2018 ad
1820 1994 1915 2019 con-

310 2034 492 2072 cordiam
511 2034 748 2081 facillimus,
770 2035 967 2083 respondi
987 2049 1053 2073 me
1074 2048 1158 2072 non
1179 2035 1315 2073 solum
1335 2034 1442 2072 velle
1463 2034 1696 2072 condonare
1717 2035 1912 2085 quicquid

309 2091 415 2126 esset
434 2089 662 2126 admissum
685 2089 959 2126 verumetiam
980 2089 1180 2127 obliuisci.

365 2142 479 2180 Haec
499 2143 534 2180 si
553 2156 649 2180 vera
672 2157 756 2180 non
781 2145 891 2191 sunt,
916 2145 1024 2181 certe
1051 2157 1073 2181 a
1101 2157 1168 2181 me
1194 2157 1246 2181 ne
1277 2143 1439 2192 syllaba
1468 2142 1637 2192 quidem
1666 2143 1799 2181 afficta
1828 2146 1914 2182 es't:

309 2197 368 2234 ita
397 2198 583 2234 narrauit
611 2198 676 2235 vir
706 2201 806 2235 natu
836 2199 1017 2247 grandis,
1045 2198 1246 2246 sacerdos,
1273 2198 1492 2246 theologus
1520 2199 1559 2234 et
1588 2197 1632 2234 in
1662 2211 1736 2235 suo
1765 2211 1915 2247 genere

230 2264 288 2294 140
308 2251 479 2300 pulchre
505 2252 659 2297 doctus,
682 2266 706 2290 a
732 2253 999 2291 concionibus
1026 2252 1222 2298 Caesaris,
1248 2252 1369 2290 Prior
1394 2251 1635 2289 monasterii
1658 2253 1910 2301 Augustani.

311 2305 471 2343 Scribat
491 2306 577 2354 ipse
599 2319 664 2343 me
685 2307 794 2345 inter
813 2307 1072 2353 vanissimos,
1097 2306 1134 2345 si
1153 2306 1328 2344 verbum
1350 2306 1417 2343 hic
1436 2306 1626 2344 mentior.
1677 2306 1784 2344 Cum
1804 2319 1828 2344 a
1848 2319 1915 2344 me

309 2359 416 2397 nihil
440 2361 548 2397 esset
572 2362 713 2398 ortum
738 2362 851 2409 noui,
871 2364 1011 2399 tamen
1038 2364 1085 2398 111
1111 2360 1302 2410 protinus
1331 2359 1515 2409 relapsus
1543 2373 1586 2397 es
1614 2360 1666 2398 ad
1695 2360 1914 2410 ingenium

309 2416 448 2459 tuum,
477 2413 726 2463 importune,
759 2419 1003 2466 opportune,
1035 2428 1241 2464 nusquam
1271 2428 1356 2453 non
1385 2427 1579 2452 exercens
1613 2414 1777 2464 linguae
1805 2415 1914 2453 viru-

310 2468 483 2505 lentiam
521 2469 566 2506 in
605 2481 699 2506 eum
739 2471 811 2519 qui
851 2473 892 2508 et
931 2472 1148 2507 monuerat
1192 2472 1280 2507 tam
1319 2469 1451 2507 amice
1487 2471 1528 2507 et
1566 2469 1785 2518 ignouerat
1823 2470 1912 2507 tam

357 2567 427 2597 115.
455 2558 688 2597 Egmondano
705 2563 746 2590 H.
928 2571 998 2591 121.
1024 2571 1086 2599 ego
1103 2570 1161 2591 om.
1180 2563 1219 2590 X.
1389 2570 1460 2598 129.
1484 2560 1638 2590 habebat
1657 2563 1709 2590 H:
1733 2560 1862 2591 habeat
1876 2563 1913 2592 F.

312 2611 385 2640 134.
408 2603 462 2631 H:
488 2603 661 2632 obsecrari
679 2605 728 2634 F:
753 2605 905 2636 obsecra.
922 2607 951 2634 F
967 2607 1077 2642 Corriq.
1233 2604 1304 2642 136.
1331 2606 1382 2634 H:
1408 2604 1589 2634 facilinius
1607 2606 1640 2634 F.

356 2720 425 2749 105.
454 2713 624 2753 quodam]
644 2713 924 2752 Egmondanus3
948 2713 1074 2753 cfiEp.
1144 2712 1216 2741 also
1263 2712 1300 2741 in
1341 2712 1403 2752 Ep.
1444 2712 1517 2750 948.
1565 2713 1711 2752 136-43;
1765 2712 1807 2743 cf.
1847 2713 1911 2753 Ep.

314 2764 404 2792 1144.
423 2756 529 2785 281111.
1147 2758 1239 2786 1162.
1260 2756 1357 2794 88-9.

358 2809 426 2836 107.
452 2799 649 2840 deplorato]
663 2799 714 2830 Cf.
730 2800 791 2839 Ep.
808 2811 882 2839 994.
901 2810 978 2830 2111.
1004 2801 1077 2830 The
1193 2809 1262 2836 123.
1292 2798 1392 2839 mox]
1409 2799 1433 2829 1,
1449 2800 1522 2830 206.

311 2843 489 2872 reference
507 2843 590 2873 here
607 2844 637 2872 is
654 2843 841 2883 evidently
857 2847 891 2874 to
907 2854 920 2874 1
940 2844 1030 2874 Tim.
1050 2853 1077 2876 1.
1193 2844 1261 2872 126.
1290 2842 1418 2882 Faber]
1445 2843 1501 2873 He
1523 2843 1655 2873 visited
1680 2843 1851 2874 Erasmus
1874 2844 1912 2874 at

310 2896 361 2917 2ο,
384 2886 444 2915 hut
466 2886 494 2915 is
511 2888 573 2916 not
590 2887 721 2916 vei-bal.
1147 2887 1304 2917 Louvain
1325 2897 1352 2917 c.
1371 2896 1390 2924 3
1408 2886 1482 2917 Oct.
1507 2896 1589 2925 1520
1606 2898 1612 2917 :
1637 2896 1692 2917 see
1708 2897 1741 2926 p.
1759 2895 1833 2925 357.

357 2930 429 2959 108.
456 2929 623 2969 Paulum]
646 2940 657 2958 1
679 2930 754 2960 Cor.
778 2939 826 2968 13.
848 2941 876 2969 7.
1194 2940 1255 2968 140
1289 2940 1308 2959 a
1361 2929 1606 2970 concionibus]
1665 2930 1705 2960 N.
1765 2930 1908 2969 Paulus,

357 2982 426 3002 112.
457 2972 595 3007 literas-”3
615 2974 679 3012 Ep.
700 2983 792 3011 1033.
1146 2976 1293 3003 Dczclsche
1308 2976 1541 3012 Dominilcaner,
1559 2984 1590 3013 p.
1607 2983 1682 3013 297,
1697 2983 1730 3003 n.
1743 2983 1774 3012 3,
1787 2974 1915 3012 opines

356 3026 366 3045 1
378 3025 425 3055 15.
454 3016 643 3056 Egmmuh]
656 3017 740 3046 This
754 3017 893 3056 opisode
909 3018 936 3047 is
947 3017 1079 3047 related
1147 3018 1226 3047 that
1245 3017 1320 3048 this
1337 3017 1367 3047 is
1383 3026 1403 3047 a
1419 3017 1572 3047 mistake
1590 3018 1642 3047 for
1659 3027 1679 3047 α
1695 3018 1842 3048 consiliis
