1990 3353
97 109 218 164 1200]
529 113 599 152 ΤΟ
639 113 906 153 WILLiAM
946 116 1257 157 FREDERICI
1614 121 1694 159 485

90 232 233 268 meos;
262 221 362 260 fassi
388 224 484 260 sunt
511 236 553 260 se
580 236 793 274 nunquam
815 224 973 273 legisse.
1035 226 1131 264 Mox
1160 227 1406 267 subiiciebas
1435 231 1475 267 te
1500 229 1694 268 demirari

91 287 172 322 qua
192 274 328 314 fronte
352 277 410 314 sic
437 277 736 316 deblaterarent
763 277 809 315 in
838 278 1023 317 hominis
1048 280 1281 320 doctrinam
1309 283 1427 321 cuius
1453 283 1582 321 libros
1608 297 1693 322 non

90 328 300 377 legissent.
360 331 443 368 Vbi
462 345 558 368 vero
585 345 659 369 nec
684 332 762 369 hac
788 333 1075 372 admonitione
1099 339 1354 374 coerceretur
1380 337 1551 375 illorum
1581 339 1693 376 stoli·
1715 353 1756 386 55

91 382 212 430 ditaS,
238 384 321 422 iam
351 386 452 422 vino
481 399 643 434 quoque
671 386 777 425 facta
806 387 1071 436 petulantior,
1105 389 1281 438 negabas
1309 391 1387 428 tibi
1416 391 1574 441 placere
1602 405 1693 430 con-

90 437 208 475 uiuas
223 439 294 488 qui
313 439 467 477 talibus
479 439 632 477 fabulis
651 453 839 479 mensam
852 444 968 479 tuam
988 447 1310 492 conspurcarent
1327 459 1336 483 :
1365 449 1438 483 aut
1458 459 1691 485 sermonem

89 493 301 530 mutarent
320 495 392 531 aut
412 506 612 532 mensam.
672 494 728 532 Et
753 495 823 533 isti
851 498 950 534 sunt
970 497 1041 546 qui
1067 497 1262 536 seditiose
1280 500 1560 539 vociferantur
1584 501 1692 550 apud

87 546 293 595 populum
326 547 370 584 in
404 549 600 596 pastores,
635 550 682 586 vt
714 549 796 598 ipsi
828 553 993 597 vocant,
1032 551 1257 590 seculares:
1306 567 1330 591 a
1369 554 1522 604 quibus
1561 556 1694 604 magis

89 600 303 648 oportebat
323 601 435 650 ipsos
456 602 691 641 sobrietatis
714 617 759 641 ac
779 604 1077 642 moderationis
1098 607 1337 655 exemplum
1358 611 1505 657 petere.
1714 615 1757 648 60

143 654 264 692 Faxit
292 655 484 694 Christus
513 657 696 705 optimus
725 659 934 696 maximus
965 661 1011 697 vt
1040 659 1104 696 tui
1138 659 1297 699 similes
1331 662 1512 701 existant
1540 663 1693 713 vbique

86 707 271 757 plurimi,
295 723 375 758 quo
403 710 471 747 vel
500 712 683 749 mundus
712 713 1088 751 extraordinarium
1117 713 1194 752 hoc
1223 728 1267 753 ac
1290 729 1445 765 vagum
1476 717 1692 755 doctorum

86 775 217 812 genus
237 763 434 812 fastidiat,
457 766 523 803 vel
553 766 634 815 ipsi
663 769 864 815 cogantur
893 780 981 805 sese
1011 768 1062 805 ad
1083 781 1204 806 verae
1232 769 1398 818 pietatis
1427 771 1615 810 studium
1642 772 1692 810 ab

87 817 222 856 ocioso
243 817 345 856 luxu
366 820 407 856 et
428 819 640 858 luxurioso
662 821 748 859 ocio
768 821 959 870 recipere.
1017 822 1133 860 Bene
1154 823 1256 861 vale.

141 871 318 910 Louanii
338 873 443 922 prid.
468 874 549 912 Cal.
577 874 674 913 Mai.
696 876 776 913 An.
798 888 979 914 M.D.XX1.
1713 889 1754 931 65

452 1016 573 1057 1201.
638 1016 769 1058 FROM
803 1017 1038 1060 Brmirlcn
1069 1019 1344 1062 AMERBACH.

131 1105 241 1141 Basle
262 1105 337 1141 MS.
357 1106 394 1142 C.
417 1108 500 1142 Via.
521 1118 577 1152 73.
597 1118 677 1153 354.
1378 1110 1548 1160 <Basle.>

1276 1169 1388 1217 (May
1406 1171 1493 1208 init.
1516 1173 1641 1221 1521.)

130 1239 205 1280 [An
233 1241 433 1281 autograph
458 1241 694 1280 rough—draft,
712 1253 756 1273 on
774 1252 794 1272 a
811 1243 916 1273 small
934 1244 1031 1283 piece
1049 1244 1086 1274 of
1107 1254 1234 1284 paper:
1261 1246 1449 1287 evidently
1466 1249 1688 1288 unfinished‚

85 1284 168 1323 and,
189 1284 280 1315 from
297 1285 358 1315 the
375 1285 621 1316 anacoluthon
638 1286 678 1316 in
695 1286 734 1317 ll.
747 1296 822 1326 3-4,
842 1289 904 1317 not
921 1287 1017 1326 fully
1034 1289 1184 1320 revised.
1220 1289 1256 1320 It
1274 1300 1357 1329 may
1368 1292 1410 1322 be
1425 1292 1533 1323 dated
1550 1293 1692 1332 shortly

83 1328 176 1359 after
199 1328 399 1359 Boniface's
422 1332 546 1360 return
569 1329 663 1360 from
685 1331 854 1370 Avignon
878 1332 916 1361 at
939 1331 1000 1361 the
1026 1332 1225 1372 beginning
1249 1334 1285 1363 of
1307 1334 1389 1374 May
1407 1335 1466 1376 (cf.
1487 1336 1575 1376 Epp.
1596 1347 1688 1367 1020.

84 1381 163 1411 5411,
187 1381 280 1411 1207.
300 1374 358 1412 29)
377 1384 383 1403 :
409 1383 455 1403 no
479 1373 591 1404 doubt
615 1374 744 1405 earlier
768 1374 859 1405 than
876 1375 940 1414 Ep.
960 1385 1054 1415 1207,
1073 1377 1172 1407 since
1189 1376 1354 1408 Alciati’s
1379 1382 1519 1417 request
1543 1379 1584 1421 (l.
1607 1382 1690 1420 15n)

85 1425 157 1446 was
174 1424 212 1446 so
228 1418 360 1456 urgent
375 1417 457 1448 that
472 1417 643 1448 Boniface
661 1417 780 1448 would
797 1417 838 1448 be
855 1418 969 1458 likely
985 1421 1022 1449 to
1039 1420 1165 1451 attend
1182 1422 1219 1451 to
1236 1421 1265 1451 it
1281 1423 1494 1464 promptly.]

138 1490 224 1528 IAM
252 1503 363 1528 vnus
390 1491 462 1529 aut
491 1489 597 1528 alter
624 1490 762 1539 agitur
789 1503 940 1536 annuS,
965 1490 1223 1528 eruditorum
1253 1491 1376 1530 decus
1405 1493 1586 1542 Erasme,
1610 1508 1692 1544 quo

84 1545 321 1582 studiorum
349 1544 551 1593 legalium
580 1557 700 1582 causa
718 1544 983 1582 Auenionam
1008 1544 1215 1593 profectus
1240 1546 1348 1583 nihil
1372 1546 1608 1586 litterarum
1638 1550 1689 1586 ad

83 1601 124 1637 te
144 1599 341 1637 dederim.
390 1599 512 1637 Nunc
531 1599 704 1637 domum
725 1611 929 1645 reuersus,
949 1599 1007 1636 sic
1024 1599 1260 1638 volentibus
1281 1601 1378 1638 fatis
1394 1601 1445 1639 ob
1461 1602 1691 1640 immanem

83 1654 345 1702 pestilentiae
364 1654 491 1700 luem,
516 1653 671 1703 duplex
690 1666 779 1691 sese
800 1653 919 1690 offert
938 1653 988 1690 ad
1009 1655 1050 1691 te
1063 1654 1273 1692 scribendi
1291 1656 1457 1694 occasio.
1509 1656 1692 1704 Quarum

84 1721 180 1747 cum
199 1710 374 1758 vti-aque
394 1720 468 1757 per
485 1721 574 1746 sese
594 1708 705 1746 iusta
724 1708 790 1754 sit,
814 1710 1031 1757 vtramque
1058 1707 1240 1746 oblatam
1264 1710 1421 1747 mirum
1448 1710 1493 1748 in
1519 1712 1691 1750 modum
1711 1730 1728 1761 5

83 1763 251 1811 gaudeo,
274 1763 376 1801 dum
399 1765 539 1800 tamen
565 1762 738 1800 interim
762 1762 886 1800 vnius
904 1764 976 1799 aut
999 1762 1172 1800 alterius
1201 1763 1300 1801 anni
1330 1764 1547 1802 silentium
1578 1779 1692 1804 excu-

83 1829 240 1864 sauero‚
265 1818 372 1867 quod
394 1830 480 1855 non
499 1819 586 1855 tam
607 1829 857 1866 magnorum
877 1817 1046 1854 tuorum
1073 1817 1308 1856 studiorum
1338 1832 1469 1866 causa,
1494 1833 1545 1857 ne
1566 1820 1690 1858 inter-

82 1872 293 1921 pellarere,
326 1885 452 1922 quam
482 1871 733 1909 nunciorum
761 1871 934 1919 penuria
961 1870 1199 1909 factitatum
1227 1874 1316 1920 est;
1350 1873 1520 1911 interim
1551 1876 1690 1912 tamen

83 1940 177 1965 mea
197 1927 239 1964 in
262 1929 303 1964 te
323 1926 587 1965 obseruancia
605 1928 646 1963 et
666 1925 806 1963 studio
822 1938 984 1974 semper
1002 1925 1130 1963 saluis
1144 1928 1268 1976 atque
1282 1927 1327 1964 in
1343 1927 1454 1965 diem
1475 1928 1691 1967 deuotiori-

83 1981 187 2019 bus:
236 1981 277 2018 id
315 1981 422 2030 quod
462 1980 606 2019 testari
642 1981 838 2029 poterunt
879 1979 1126 2028 quibuscum
1165 1994 1238 2029 ego
1277 1981 1373 2028 vixi,
1418 1983 1458 2019 et
1497 1982 1690 2032 inprimis
1713 1997 1752 2019 10

52 2077 55 2085 ι
82 2035 282 2085 legalium
301 2034 538 2074 studiorum
557 2037 697 2072 nostre
717 2033 865 2072 aetatis
891 2033 1095 2083 princeps,
1118 2034 1308 2073 Andreas
1334 2036 1533 2075 Alciatus.
1579 2037 1622 2075 Is
1644 2041 1689 2075 vt

83 2094 146 2128 est
166 2092 336 2128 tuorum
356 2089 594 2127 studiorum
614 2090 656 2126 et
678 2101 822 2137 praeco
848 2090 888 2126 et
914 2088 1155 2127 aestimator
1181 2089 1379 2138 egregius,
1402 2090 1460 2129 ita
1480 2091 1690 2141 inculpata

83 2157 157 2183 sua
179 2145 260 2182 fide
280 2144 331 2182 de
351 2157 445 2182 meo
463 2145 509 2182 in
530 2146 571 2181 te
590 2143 729 2181 studio
747 2143 982 2181 testabitur.

139 2199 218 2237 Sed
257 2199 360 2237 heus
398 2200 456 2247 tu,
498 2199 650 2248 inquis,
692 2210 894 2247 quaenam
932 2197 1028 2234 illae
1066 2197 1274 2235 scribendi
1313 2199 1545 2237 occasiones
1560 2201 1580 2237 ⁶?
1650 2202 1689 2238 A

84 2254 301 2292 Francisco
316 2252 445 2291 Caluo
458 2252 711 2302 Papien<si>
728 2251 804 2289 tibi
823 2252 1024 2289 anteactis
1040 2251 1161 2289 annis
1175 2252 1349 2301 epistola
1365 2266 1436 2290 seu
1451 2256 1686 2302 paraenesis
1711 2270 1748 2301 15

275 2351 368 2382 1200.
384 2352 436 2389 64.
463 2351 577 2382 ocioso
594 2353 743 2389 FCorrlq.
763 2363 770 2382 z
793 2351 867 2380 ocio
884 2354 918 2381 F.
1078 2352 1170 2381 1201.
1198 2360 1246 2390 15.
1275 2351 1407 2382 Caluus
1422 2354 1492 2382 MS.

128 2452 223 2483 1201.
236 2462 266 2483 2.
279 2449 851 2490 Auenionam]SeeEp.1020.54n.
919 2451 1018 2488 great
1058 2449 1133 2478 sear
1169 2448 1250 2478 that
1288 2448 1317 2477 it
1351 2447 1468 2486 might
1501 2448 1541 2477 be
1572 2448 1690 2478 either

130 2506 179 2527 11.
205 2494 384 2535 Alciatus]
409 2495 472 2526 See
490 2495 554 2533 Ep.
574 2503 666 2532 1250.
920 2492 1043 2531 copied
1065 2502 1103 2522 or
1128 2491 1285 2531 printed,
1301 2491 1374 2521 and
1399 2501 1435 2536 so
1459 2501 1556 2522 come
1575 2494 1610 2522 to
1625 2491 1688 2522 the

131 2550 180 2579 15.
204 2538 330 2579 Caluo]
357 2538 420 2569 See
453 2538 516 2577 Ep.
542 2538 618 2577 581.
647 2547 727 2576 gon.
776 2537 850 2567 The
921 2537 1038 2567 notice
1055 2537 1092 2566 of
1113 2536 1174 2565 the
1193 2535 1317 2566 Order.
1356 2534 1401 2565 In
1424 2536 1519 2575 Sept.
1543 2544 1626 2574 1520
1645 2536 1688 2584 lie

84 2584 247 2615 occasion
265 2583 348 2613 here
366 2581 522 2613 referred
539 2585 576 2612 to
593 2591 665 2611 was
677 2581 850 2620 probably
921 2580 989 2610 had
1017 2581 1132 2619 begun
1157 2579 1286 2618 urging
1302 2578 1431 2609 Calvus
1448 2580 1483 2609 to
1500 2589 1642 2609 recover
1659 2582 1687 2609 it

84 2628 143 2658 his
173 2627 259 2657 visit
294 2628 330 2656 to
361 2626 532 2656 Erasmus
562 2626 598 2655 at
635 2624 795 2655 Louvain
820 2636 848 2655 c.
918 2624 1010 2654 from
1027 2624 1198 2654 Erasmus
1217 2624 1276 2661 (M.
1297 2624 1393 2671 Gu-dc'i
1407 2624 1570 2671 Epistola&
1592 2624 1686 2672 1697,

85 2681 126 2709 24
143 2670 247 2710 April
268 2670 374 2709 1518:
398 2679 455 2699 see
484 2669 572 2708 Epp.
596 2669 672 2707 831.
691 2678 742 2707 73,
767 2678 849 2706 1143
919 2677 976 2707 pp.
990 2668 1103 2707 80-2).
1138 2666 1185 2715 1.ss
1199 2666 1262 2696 the
1275 2675 1400 2714 spring
1416 2666 1451 2696 ot
1470 2675 1563 2704 1521,
1578 2666 1686 2696 while

83 2716 164 2754 832.
179 2725 222 2753 29
237 2723 308 2751 seq.
327 2724 334 2751 3
353 2722 445 2743 1002.
462 2722 558 2751 22-3.
918 2710 994 2741 still
1023 2712 1059 2740 at
1089 2710 1268 2748 Avrgnon,
1303 2708 1472 2739 Bonifacc
1501 2712 1612 2740 wrote
1640 2720 1685 2740 on

164 2756 330 2798 epistola]
365 2759 570 2787 contrarilam
581 2758 793 2793 monasticam,
807 2758 849 2785 ad
921 2755 978 2784 his
1002 2753 1126 2784 belialf
1150 2755 1187 2783 to
1211 2753 1344 2782 Beatus
1368 2752 1574 2801 Rhenanus,
1600 2763 1686 2802 very

83 2804 227 2838 collegam
240 2803 415 2831 olims-utem
426 2797 501 2841 <qui
517 2801 684 2829 transierat
695 2801 738 2829 acl
748 2801 850 2828 Fran·
918 2797 1115 2837 guardedly
1132 2796 1203 2826 and
1220 2797 1595 2845 withoutspecifying
1613 2797 1688 2826 this

83 2843 252 2886 σιἐσαηοε),
301 2846 500 2874 Bernardum
547 2845 715 2873 Manium:
764 2843 848 2872 clso-
919 2841 1166 2880 composition,
1191 2839 1320 2879 askmg
1350 2840 1428 2870 lnni
1456 2842 1492 2870 to
1519 2843 1597 2878 stop
1620 2840 1687 2888 'tin-2

83 2889 203 2920 where
234 2887 347 2918 called
377 2889 473 2917 oratio
504 2896 542 2916 or
573 2888 762 2917 declamatio.
813 2886 847 2916 It
918 2885 1137 2924 publication
1172 2883 1210 2913 of
1245 2883 1425 2923 anything
1466 2884 1510 2922 by
1548 2883 1683 2913 Alcinti

83 2932 155 2963 had
173 2932 263 2962 been
278 2930 463 2970 composed
492 2929 607 2960 before
634 2929 739 2969 April
769 2930 849 2968 1518
918 2929 1038 2958 which
1055 2928 1225 2958 Erasmus
1242 2927 1359 2966 might
1380 2927 1469 2957 send
1496 2929 1530 2957 to
1548 2927 1685 2978 Froben

82 2976 142 3017 (cf.
166 2976 188 3006 l.
209 2976 290 3014 15n)
309 2985 317 3013 ;
339 2974 412 3004 and
438 2973 572 3004 Alciati
601 2983 673 3004 was
701 2983 781 3003 now
811 2973 848 3003 in
918 2972 1038 3012 (Basle
1066 2972 1136 3002 MS.
1169 2971 1206 3002 C.
1226 2970 1303 3002 Vlss.
1323 2980 1373 3010 73.
1392 2972 1461 3009 48).
1512 2971 1556 3001 In
1588 2970 1685 3009 Sept.
