1990 3353
75 125 192 179 1225]
546 126 616 164 TO
654 125 841 164 PETER
878 123 1198 163 BARBIRIUS
1596 125 1674 163 557

70 235 179 285 quod
199 235 307 273 esset
327 247 422 272 cum
442 247 608 272 morum
622 236 694 273 aut
711 233 807 272 fidei
822 232 1005 283 periculo
1021 234 1305 281 coniunctum,
1322 235 1648 273 communicaret
1663 250 1672 274 ε

70 303 136 328 1110
156 288 683 327 correcturum—nondum
703 288 816 326 enim
836 287 968 326 exisse
987 288 1142 326 librum
1158 288 1205 327 in
1220 301 1369 327 manus
1384 289 1670 332 hominum—,

70 344 194 394 idque
217 356 313 381 cum
343 342 570 381 honorifica
598 342 815 381 mentione
835 342 950 380 Leici
973 342 1169 389 nominis,
1191 343 1262 392 qui
1292 343 1536 382 monuisset.
1598 343 1672 381 Re-

71 397 230 437 cusauit
269 397 350 435 ille.
423 397 506 435 Res
545 399 607 435 est
642 399 732 435 acta
770 409 865 434 cum
903 397 1066 435 Atensi.
1140 396 1221 435 Ille
1259 397 1558 447 tergiuersatus
1596 400 1668 445 est,
1692 415 1735 447 90

71 453 296 501 suspicans.
322 451 479 501 opinor,
502 463 591 489 rem
610 450 656 488 in
675 450 933 500 tragoediam
953 451 1173 490 exituram.

123 507 206 544 Leo
226 505 518 555 respondimus
536 518 545 551 ;
573 505 769 543 successit
789 504 955 543 Latomi
973 504 1154 547 libellus.
1171 505 1281 544 haud
1303 507 1386 544 scio
1402 519 1482 556 quo
1502 506 1673 544 consilio

70 560 240 601 aeditus.
256 559 439 609 strophis
459 559 638 609 obliquis
657 572 724 597 me
744 560 898 608 petens.
945 559 1158 609 Respondi
1178 560 1368 607 ciuiliter,
1392 564 1514 610 atque
1535 562 1671 605 etiam,

70 617 117 653 vt
154 614 324 665 quidam
362 613 626 662 interpretati
668 616 779 659 sunt,
820 613 989 651 abiecte.
1063 613 1152 652 Scis
1186 627 1312 663 quam
1351 627 1436 653 non
1467 614 1673 664 quiuerim

70 668 245 718 perpelli
273 670 318 706 vt
346 681 443 706 cum
473 667 629 717 Dorpio
658 668 950 706 descenderem
978 667 1023 705 in
1054 670 1276 715 certamen,
1311 669 1429 707 cuius
1457 668 1673 718 ingenium
1693 682 1734 713 95

71 722 191 761 vnice
210 722 447 771 diligebam.
509 721 652 772 Neque
681 721 819 760 11111110,
844 734 961 760 secus
985 734 1098 760 eram
1124 722 1294 761 affectus
1317 735 1414 772 erga
1434 722 1670 770 Latonium,

71 776 143 827 qui
171 779 264 815 tum
293 790 367 814 nec
396 790 420 815 a
449 776 607 816 Gratiis
635 789 711 815 nec
745 789 768 814 a
797 776 930 815 Musis
948 776 1168 814 videbatur
1195 777 1368 815 alienus.
1429 776 1508 815 Sed
1537 778 1674 815 nescio

71 831 165 881 quis
185 831 321 870 malus
341 831 489 881 genius
510 844 594 869 non
613 843 757 880 passus
776 833 838 869 est
857 830 1086 870 amicitiam
1105 833 1294 869 nostram
1315 830 1553 869 coalescere.

126 885 305 923 Interim
334 885 379 923 in
413 885 682 924 concionibus
711 885 886 923 subinde
914 884 1225 935 perstringebar
1252 885 1363 935 apud
1393 885 1673 934 promiscuam

70 940 400 978 multitudinem.
447 940 657 987 ‘Tandem
691 939 864 978 Atensis
899 939 943 977 in
973 939 1116 978 schola
1149 939 1491 990 frequentissima
1519 940 1674 978 talibus
1698 954 1758 977 100

70 994 270 1033 conuiciis
304 1007 372 1032 me
408 994 620 1044 lapidauit,
653 997 700 1033 vt
735 994 860 1044 plane
894 1006 987 1044 spes
1018 995 1128 1032 esset
1161 994 1386 1033 Erasmum
1424 996 1496 1033 aut
1534 994 1675 1032 dolore

70 1048 325 1087 moriturum
355 1051 425 1087 aut
455 1049 594 1099 aliquo
624 1061 713 1087 sese
741 1048 996 1087 abditurum.
1056 1048 1174 1087 Itum
1203 1051 1265 1087 est
1295 1048 1346 1087 ad
1376 1051 1604 1098 magnates,
1629 1051 1674 1087 vt

71 1103 148 1141 hos
178 1103 222 1141 in
253 1103 395 1141 odium
425 1103 510 1141 mei
541 1103 838 1152 pertraherent.
899 1102 1057 1141 Emissi
1090 1106 1190 1142 sunt
1221 1104 1294 1153 qui
1331 1103 1487 1153 passim
1525 1102 1571 1141 in
1610 1116 1675 1140 me

71 1157 383 1196 deblaterarent.
443 1157 591 1196 Tantis
617 1157 724 1196 odiis
752 1170 817 1196 res
845 1160 934 1196 aeta
961 1159 1036 1205 est,
1059 1159 1105 1196 vt
1132 1157 1369 1208 quemlibet,
1394 1157 1521 1196 etiam
1550 1157 1674 1196 lenis-

71 1211 167 1250 simi
186 1212 356 1261 ingenii,
380 1213 425 1250 in
445 1212 602 1250 rabiem
622 1214 761 1262 posset
779 1225 908 1262 agere.
1698 1226 1760 1258 105

126 1266 314 1305 Tandem
349 1266 471 1305 malis
501 1267 650 1305 auibus
683 1267 925 1317 prodierunt
963 1265 1123 1316 aliquot
1161 1266 1296 1305 libelli
1334 1266 1521 1305 Lutheri.
1592 1266 1674 1305 Hic

72 1322 184 1359 tot-us
221 1323 446 1360 renouatus
478 1323 543 1360 est
577 1322 796 1359 tumultus.
853 1321 1061 1360 Conuenit
1099 1321 1211 1359 inter
1247 1321 1344 1360 illos
1381 1321 1561 1371 suspicio
1600 1321 1675 1359 hos

73 1374 200 1413 libros
219 1388 311 1414 mea
338 1388 461 1426 opera
488 1375 677 1425 scriptos,
698 1375 749 1414 ob
775 1388 903 1414 vnam
929 1378 1000 1413 aut
1024 1375 1200 1414 alteram
1227 1375 1525 1425 praefationem
1552 1376 1675 1425 paulo

74 1429 343 1468 Latiniorem.
394 1430 550 1469 Datum
570 1432 633 1469 est
652 1429 873 1480 negocium
894 1430 1179 1469 Baccalaureis
1198 1433 1244 1468 vt
1264 1430 1506 1480 colligerent
1520 1443 1676 1468 errores

74 1496 200 1522 111005.
255 1485 317 1522 Αο
338 1498 436 1523 mox
455 1497 644 1522 errorum
663 1485 788 1534 plena
814 1487 931 1523 erant
960 1485 1128 1531 omnia;
1157 1487 1268 1523 totos
1296 1497 1484 1523 errorum
1513 1484 1674 1522 modios

74 1538 212 1576 subito
231 1538 498 1588 collegerunt.
559 1538 644 1577 Nec
663 1539 790 1578 vllius
814 1538 986 1577 interim
1014 1539 1241 1578 admoneor
1266 1552 1353 1589 ego.
1413 1539 1467 1577 In
1491 1538 1676 1587 collegio-

74 1605 168 1630 rum
200 1593 408 1631 conuiuiis
438 1593 581 1632 nullus
614 1595 702 1632 erat
732 1606 868 1632 sermo
897 1593 981 1631 nisi
1010 1593 1060 1632 de
1086 1593 1250 1632 Erasmi
1280 1593 1502 1632 erroribus.
1562 1593 1675 1631 Dum

74 1646 172 1685 finis
205 1647 349 1685 nullus
383 1650 504 1695 esset,
536 1648 720 1686 extundo
753 1648 805 1686 ab
833 1648 984 1686 Atensi
1010 1650 1056 1686 vt
1086 1648 1175 1698 ipse
1203 1661 1299 1687 cum
1328 1660 1411 1686 vno
1442 1649 1514 1685 aut
1544 1647 1675 1685 altero

74 1701 195 1740 docto
224 1704 339 1740 notet
368 1702 528 1752 aliquot
555 1701 669 1741 locos
688 1702 840 1753 quibus
869 1702 1189 1742 offenderentur.
1249 1702 1424 1741 Notauit
1452 1714 1676 1751 perpaucos

74 1755 259 1804 AtensiS,
283 1756 351 1794 sed
374 1756 484 1795 haud
504 1757 647 1807 magni
666 1757 871 1796 momenti
888 1771 897 1805 ;
927 1757 1090 1796 notauit
1109 1757 1269 1807 aliquot
1285 1757 1476 1806 Dorpius,
1501 1756 1676 1795 minoris

73 1810 201 1849 etiam
231 1811 446 1849 momenti.
506 1811 681 1850 Atensis
709 1813 885 1850 testatus
915 1824 958 1849 se
987 1811 1096 1850 nihil
1124 1811 1370 1850 addubitare
1390 1811 1492 1861 quin
1521 1810 1677 1860 optime

74 1865 290 1912 sentirem,
311 1867 479 1904 tantum
505 1866 626 1915 petiit
655 1868 702 1904 vt
731 1865 982 1916 explicarem
1010 1869 1178 1916 propter
1208 1866 1408 1904 infirmos.
1468 1864 1672 1915 Explicui,

74 1921 115 1957 et
135 1919 327 1958 libellum
354 1919 418 1957 illi
438 1919 676 1971 Dorpioque
705 1920 870 1959 tradidi.
929 1920 1132 1959 Probauit
1158 1921 1332 1959 Atensis
1361 1919 1511 1958 01111113.
1573 1919 1676 1958 Τ311-

74 1975 164 2012 111111
186 1973 376 2024 cupiebat
396 1973 504 2022 addi,
528 1974 835 2014 confessionem
857 1975 974 2022 hane,
998 1977 1045 2013 vt
1075 1988 1185 2013 nunc
1216 1976 1439 2021 exercetur,
1463 1987 1486 2012 a
1509 1974 1677 2013 Christo

1699 1497 1761 1520 110

1700 1775 1759 1808 115

117 2102 170 2141 89.
197 2102 355 2133 nominis
373 2102 470 2132 Leici
486 2105 522 2133 F.
1053 2101 1121 2131 Ille
1141 2113 1160 2130 α
1177 2112 1184 2131 ;
1208 2101 1246 2132 Is
1262 2103 1306 2132 H.

73 2155 171 2176 eram
188 2149 221 2176 F.

74 2189 196 2220 schola
212 2193 248 2220 F.

73 2243 236 2264 errorum
254 2236 286 2264 F.

669 2113 725 2142 90.
748 2105 826 2134 aeta
844 2106 896 2133 est
910 2105 946 2133 F.
1453 2102 1506 2139 96.
1532 2100 1678 2132 affectus

380 2156 434 2185 99.
459 2145 614 2177 subinde
630 2149 705 2177 add.
723 2149 760 2178 F.
916 2148 965 2177 F:
989 2148 1074 2184 aput
1091 2157 1120 2176 α.
1289 2155 1360 2176 100.
1384 2144 1678 2184 frequentissima

378 2198 450 2221 101.
475 2189 651 2230 lapidauit
667 2200 725 2221 me
740 2193 776 2221 F.
906 2199 978 2228 107.
1004 2194 1055 2220 est
1075 2191 1268 2219 renouatus
1283 2192 1319 2219 F.
1446 2197 1517 2219 110.
1543 2187 1678 2219 modios

447 2243 517 2264 112.
541 2234 723 2265 erroribus
740 2234 880 2265 Erasmi
898 2236 933 2264 F.
1074 2242 1145 2271 119.
1173 2232 1257 2263 addi
1275 2233 1437 2272 cupiebat
1453 2234 1490 2263 F.

118 2355 172 2384 92.
198 2345 382 2387 successit]
406 2345 493 2377 This
508 2354 657 2386 appears
673 2347 709 2376 to
725 2345 767 2375 be
785 2345 841 2376 in-

73 2391 266 2428 aocurate;
307 2389 361 2420 for
391 2390 454 2420 the
488 2391 720 2429 controversy
750 2388 841 2419 with

954 2345 1028 2418 ἑο8.
1055 2344 1161 2384 paulo
1175 2344 1413 2384 Latiniorem]
1428 2342 1479 2374 Cf.
1495 2343 1559 2382 Ep.
1582 2343 1678 2381 1167.

914 2399 953 2419 10
977 2398 1011 2420 n.

75 2432 242 2464 Latomus
271 2433 351 2474 (Ep.
381 2443 456 2472 934.
493 2433 584 2473 3nn)
619 2433 732 2473 began
769 2432 842 2463 and

75 2475 230 2507 finished
257 2477 357 2517 early
384 2478 423 2508 in
452 2486 547 2516 1519,
576 2476 735 2507 whereas
761 2477 841 2508 that

74 2519 166 2551 with
192 2520 258 2551 Lee
276 2521 349 2561 (pp.
373 2519 688 2560 108-11)dragged
712 2530 759 2551 on
786 2520 843 2551 far

76 2564 151 2594 into
168 2573 260 2603 1520.
300 2565 372 2594 But
385 2563 520 2603 clearly
532 2563 701 2595 Erasmus
713 2564 742 2594 is
754 2564 843 2595 here

77 2606 286 2647 rehearsing
320 2608 377 2638 his
412 2608 670 2639 controversies
705 2608 744 2638 in
779 2607 842 2638 the

75 2650 182 2682 order
198 2651 236 2682 of
249 2652 346 2682 their
362 2653 679 2682 commencement.

118 2703 172 2733 94.
199 2704 271 2726 non
281 2695 477 2736 quiuerim]
490 2695 543 2726 Cf.
555 2695 643 2735 Epp.
656 2703 731 2733 475.
744 2704 841 2734 24-7‚

74 2747 149 2776 477-
168 2747 284 2777 11-15‚
302 2739 376 2778 483-
396 2748 491 2778 24-5-

122 2790 191 2813 100.
219 2782 380 2824 Atensis]
400 2781 468 2813 His
491 2780 610 2813 attack
628 2791 724 2822 upon
741 2781 843 2812 Eras-

76 2834 157 2856 mus
189 2835 262 2856 was
292 2827 399 2857 about
431 2826 493 2857 the
519 2828 704 2856 Encomium
730 2828 844 2856 Matri-

74 2871 172 2899 monii
187 2879 195 2907 ;
219 2870 260 2900 cf.
282 2870 346 2909 Ep.
364 2870 430 2908 670
446 2869 578 2900 introd.

122 2913 193 2943 106.
221 2912 386 2953 Lutheri]
405 2912 458 2944 Cf.
474 2913 535 2953 Ep.
551 2922 717 2952 904.19n.
757 2913 844 2943 This

78 2956 87 2973 ⁴
100 2956 237 2987 tumult
249 2955 257 2968 '
275 2966 358 2996 may
376 2957 416 2987 be
434 2956 540 2988 dated
559 2957 596 2987 in
609 2956 671 2987 the
689 2958 843 2987 autumn

74 2999 114 3030 of
129 3008 221 3039 1519.

958 2442 1029 2471 109.
1054 2430 1318 2472 Baccalaureis]
1339 2430 1390 2462 Cf.
1406 2431 1468 2470 Ep.
1486 2440 1577 2469 1053.
1595 2439 1675 2469 3411.

957 2486 1028 2515 119.
1056 2474 1336 2516 confessionem]
1357 2474 1401 2505 In
1419 2474 1477 2504 his
1496 2477 1611 2505 Annot.
1632 2483 1678 2504 on

910 2520 997 2551 Acts
1023 2529 1072 2559 19.
1100 2520 1138 2549 18
1155 2519 1324 2549 Erasmus
1348 2517 1419 2549 had
1443 2517 1620 2548 admitted
1640 2518 1679 2548 in

914 2565 997 2602 1516
1023 2563 1153 2593 ‘fuisse
1177 2565 1212 2593 et
1235 2562 1439 2601 antiquitus
1462 2561 1678 2592 nonnullam

912 2607 1173 2638 confessionem
1212 2606 1305 2636 male
1343 2608 1440 2636 actae
1477 2606 1581 2644 vitae,
1616 2605 1678 2635 sed

912 2654 1083 2691 apertam,
1096 2652 1135 2680 vt
1153 2650 1288 2689 opinor,
1309 2651 1344 2680 et
1362 2650 1399 2680 in
1416 2659 1554 2689 genere,
1573 2658 1679 2688 quam

911 2704 978 2725 nec
1002 2695 1115 2734 ipsam
1143 2693 1294 2732 legimus
1320 2694 1479 2724 exactam
1508 2694 1570 2723 abs
1593 2702 1678 2731 quo-

912 2748 1021 2778 quam
1034 2738 1053 2768 '.
1104 2738 1147 2768 In
1165 2737 1313 2776 1518—19
1330 2736 1375 2767 he
1391 2737 1518 2776 added,
1538 2736 1679 2767 ‘Caete-

913 2792 993 2812 rum
1009 2791 1099 2821 quao
1117 2790 1212 2811 nunc
1236 2782 1375 2820 recepta
1392 2783 1445 2811 est
1462 2779 1678 2811 clancularia

912 2828 945 2856 et
972 2826 1011 2855 in
1036 2834 1159 2855 aurem
1189 2824 1240 2859 fit.
1266 2825 1412 2855 videtur
1434 2835 1477 2855 ex
1501 2823 1678 2855 consulta-

911 2870 1072 2900 tionibus
1086 2868 1239 2908 priuatis
1255 2878 1329 2898 esse
1346 2870 1442 2906 nata,
1455 2878 1545 2908 quae
1562 2867 1677 2898 solent

912 2912 1006 2952 apud
1031 2913 1213 2952 episcopos
1237 2911 1324 2951 fieri,
1351 2912 1381 2942 si
1405 2913 1467 2951 qui
1490 2910 1681 2951 scrupulus

912 2958 1051 2996 vrgeret
1077 2954 1286 2986 animum‘:
1326 2956 1390 2986 but
1421 2956 1562 2986 further
1589 2955 1678 2984 than

912 2999 987 3030 this
1001 3000 1046 3029 he
1058 2998 1177 3029 would
1190 3002 1251 3030 not
1269 2999 1362 3039 goin
1377 3009 1447 3039 any
1460 2999 1675 3037 subsequent
