1990 3353
322 129 402 167 468
791 130 1040 169 LETTERS
1080 130 1147 168 OF
1186 130 1452 169 ERASMUS
1797 129 1919 184 [1521

242 258 303 291 190
323 239 475 289 pedum
497 239 760 289 supplosione
781 239 860 277 sibi
881 241 1135 278 testarentur
1154 240 1381 289 displicere,
1405 243 1544 278 tamen
1567 254 1700 290 neque
1724 244 1764 279 te
1790 255 1922 290 neque

322 298 417 332 tuos
446 294 669 343 discipulos
698 293 972 343 Euangelicae
999 295 1214 342 religionis
1243 295 1494 343 professores
1522 295 1683 344 puduit,
1707 296 1778 334 sed
1805 297 1922 334 velut

323 349 366 385 in
393 361 435 386 re
461 349 564 386 bene
590 350 705 398 gesta
730 348 811 386 sibi
829 349 1017 386 vicissim
1042 349 1290 394 arridebant,
1313 349 1440 386 etiam
1466 351 1688 398 antequam
1711 350 1786 388 illa
1811 364 1922 400 prae-

322 403 432 441 clara
457 404 579 452 atque
606 402 805 440 meditata
823 402 1136 452 proloqueretur
1155 406 1289 441 vester
1315 404 1510 452 psitacus,
1534 403 1726 442 videlicet
1752 418 1805 442 ne
1829 405 1922 454 quis

322 456 501 494 nesciret
530 457 607 495 1100
636 457 850 494 0011111111111
879 457 1052 495 consilio
1081 458 1179 507 geri.
1242 459 1467 496 Succenses
1495 458 1603 495 mihi
1631 458 1741 507 quod
1770 458 1922 497 alicubi

241 525 300 557 195
323 511 567 548 dissentiam
587 525 610 549 a
630 511 813 558 Thoma3
844 524 916 549 cur
939 525 1024 549 non
1051 511 1184 561 magis
1211 524 1424 550 succenses
1451 513 1559 561 quod
1588 512 1740 550 alicubi
1768 513 1922 551 dissen-

322 565 425 603 tiam
453 565 503 603 ab
532 565 804 615 Hieronymo,
830 566 881 603 ab
904 566 1140 611 Ambrosio,
1165 566 1215 604 ab
1244 566 1517 615 Augustino?
1574 566 1691 614 Quod
1721 567 1758 605 si
1786 567 1922 606 laesus

323 622 384 657 est
413 620 606 666 Thomas,
639 620 746 669 quod
786 620 1000 658 diuersum
1040 621 1090 658 ab
1124 620 1196 658 illo
1233 621 1422 667 sentiam,
1456 621 1559 670 quin
1595 634 1661 658 me
1694 621 1921 660 refellendo

321 674 459 723 potius
478 673 594 712 illius
614 674 813 712 honorem
833 675 1054 713 vindicas?
1109 675 1160 712 Id
1182 675 1380 723 quoniam
1404 688 1489 712 non
1515 675 1625 719 facis,
1649 675 1750 714 satis
1775 675 1922 714 fateris

322 734 361 766 te
386 742 470 766 non
498 741 627 778 posse.
689 728 744 766 Et
769 743 849 778 qua
874 730 1011 767 fronte
1037 729 1226 766 clamitas
1254 729 1376 767 illum
1406 730 1514 767 nihil
1543 729 1648 767 scire
1676 730 1917 780 theologiae,

240 797 301 818 200
322 783 392 832 qui
416 782 518 821 locis
541 783 701 832 aliquot
726 783 822 832 plus
848 783 957 832 sapit
982 796 1107 833 quam
1133 784 1220 832 ipse
1246 784 1436 830 Thomas,
1458 786 1598 822 vestra
1625 785 1832 822 sententia
1861 785 1921 823 sic

321 838 511 875 omnium
532 837 691 886 primus
705 840 752 875 vt
772 851 894 876 nemo
916 851 999 875 11011
1019 838 1145 887 longo
1165 840 1362 887 sequatur
1380 838 1601 876 interuallo
1614 839 1634 875 Ῥ
1690 837 1774 876 Hic
1793 838 1922 887 igitur

320 904 415 930 cum
435 892 621 930 nolueris
640 892 769 929 latere
788 895 830 930 te
849 905 938 930 esse
959 891 1184 940 choragum
1208 893 1334 930 huius
1359 893 1535 936 fabulae,
1558 893 1718 930 nemini
1745 893 1921 931 dubium

319 960 406 984 esse
426 948 563 995 potest
581 947 699 984 cuius
718 946 919 984 instinctu
941 946 999 984 sic
1020 946 1262 984 debacchati
1283 947 1368 984 sint
1388 947 1432 984 in
1452 947 1631 995 publicis
1654 947 1921 985 concionibus

319 1001 468 1038 caeteri
513 1000 575 1038 tui
621 1001 792 1044 sodales,
831 1001 986 1038 Moriae
1030 1003 1071 1038 et
1109 1001 1487 1039 Antibarbarorum
1524 1001 1783 1051 interpretes,
1823 1015 1920 1040 suae

239 1063 299 1095 205
319 1055 524 1093 stulticiae
553 1067 783 1103 praecones,
817 1055 917 1093 dum
946 1068 1082 1092 meam
1112 1055 1286 1104 cupiunt
1315 1056 1537 1093 traducere.

374 1110 452 1147 Sed
480 1110 562 1147 iam
589 1110 641 1147 ad
668 1110 885 1158 epistolam
913 1109 1027 1147 Card.
1053 1110 1251 1158 scriptam
1278 1110 1422 1157 rede03
1454 1123 1556 1158 quae
1582 1111 1622 1147 te
1650 1109 1708 1147 sic
1736 1110 1920 1148 irritauit

319 1166 374 1211 vt,
408 1177 501 1201 cum
537 1166 658 1201 antea
687 1177 770 1201 non
806 1164 1025 1201 blaterares
1057 1163 1102 1200 in
1135 1177 1204 1202 me
1232 1164 1315 1202 nisi
1343 1164 1389 1201 in
1419 1164 1639 1211 conuiuiis,
1673 1165 1851 1202 nauibus
1880 1168 1921 1203 et

317 1218 532 1265 vehiculis,
552 1231 664 1255 nunc
684 1218 815 1256 veluti
836 1218 1080 1267 lymphatus
1100 1231 1308 1267 nusquam
1328 1231 1414 1257 non
1433 1231 1528 1268 agas
1547 1221 1664 1256 tuam
1683 1231 1916 1267 personam,

318 1272 554 1310 subornatis
574 1273 701 1310 etiam
722 1272 825 1320 aliis,
850 1273 967 1322 quasi
987 1272 1038 1310 ad
1059 1272 1394 1310 maledicendum
1415 1274 1462 1310 tu
1483 1286 1568 1310 non
1587 1274 1645 1311 sis
1664 1274 1811 1311 multis
1830 1287 1915 1322 par.

238 1336 300 1359 210
319 1327 509 1365 Primum
532 1327 631 1376 quid
652 1325 792 1376 agitur
811 1327 855 1364 in
876 1330 962 1365 tota
980 1327 1054 1365 illa
1078 1327 1254 1376 epistola
1279 1328 1363 1365 nisi
1382 1330 1426 1365 vt
1454 1327 1664 1365 Lutherus
1691 1328 1920 1377 corrigatur

318 1381 458 1430 potius
475 1394 598 1431 quam
615 1383 896 1430 extinguatur,
911 1384 957 1419 vt
973 1381 1187 1419 refellatur
1201 1381 1340 1430 potius
1357 1395 1481 1431 quam
1497 1384 1544 1419 vt
1564 1382 1919 1420 coniurationibus

319 1435 586 1485 opprimatur,
618 1438 664 1474 vt
693 1436 877 1474 mundus
911 1436 1106 1474 doceatur
1135 1437 1265 1484 magis
1296 1450 1420 1485 quam
1448 1439 1494 1474 vt
1524 1437 1691 1484 cogatur
1719 1438 1886 1474 tantum
1899 1438 1920 1475 ’ἒ

317 1491 459 1540 Atque
489 1491 530 1527 id
566 1491 652 1528 erat
684 1503 705 1527 e
738 1491 941 1539 dignitate
971 1490 1130 1528 ordinis
1163 1490 1392 1539 theologici,
1423 1504 1472 1528 ex
1505 1490 1706 1540 dignitate
1741 1491 1918 1529 Romani

319 1544 548 1590 Pontificis,
577 1558 598 1581 e
626 1545 928 1594 tranquillitate
954 1544 1098 1593 populi
1122 1544 1359 1583 Christiani.
1419 1545 1617 1583 Nondum
1647 1545 1688 1582 id
1718 1546 1920 1594 temporis

238 1606 297 1637 215
318 1599 531 1636 Romanus
551 1598 749 1637 Pontifex
768 1598 1073 1648 interposuerat
1092 1600 1359 1637 autoritatem
1379 1612 1510 1637 suam.
1553 1599 1609 1637 Et
1624 1599 1802 1637 sciebam
1819 1600 1918 1649 quid

317 1656 485 1702 agerent
510 1653 681 1703 quidam
705 1654 775 1703 qui
798 1653 907 1691 nihil
933 1654 1128 1691 affectant
1154 1654 1235 1691 nisi
1264 1653 1545 1702 tyrannidem.
1606 1653 1755 1702 Itaque
1783 1654 1918 1692 literis

318 1708 545 1755 obsignatis
565 1708 805 1757 Principem
825 1708 1005 1745 amicum
1027 1708 1260 1757 optimeque
1283 1708 1331 1745 de
1352 1722 1419 1745 me
1439 1709 1636 1745 meritum
1652 1708 1848 1746 admonui
1867 1722 1917 1746 ne

318 1762 411 1811 quis
431 1762 547 1800 illius
566 1762 788 1800 autoritate
808 1765 944 1811 posset
964 1762 1090 1800 abuti.
1141 1761 1220 1809 Qui
1240 1775 1330 1800 eam
1351 1762 1567 1811 epistolam
1583 1763 1847 1812 euulgarunt,
1863 1776 1917 1801 an

316 1816 485 1854 inimico
513 1817 653 1854 animo
682 1816 853 1854 fecerint
881 1816 1031 1862 nescio,
1063 1818 1170 1854 certe
1199 1829 1285 1854 rein
1316 1816 1531 1855 inimicam
1560 1816 1760 1855 fecerunt.
1818 1818 1920 1855 Tale

236 1884 298 1905 220
317 1871 536 1909 consilium
565 1884 650 1909 non
679 1871 837 1909 veritus
863 1871 1037 1909 fuissem
1066 1871 1147 1920 ipsi
1175 1870 1305 1908 Leoni
1334 1871 1455 1909 Pont.
1482 1871 1589 1908 Max.
1621 1872 1727 1916 dare,
1760 1872 1795 1909 si
1824 1872 1917 1909 data

316 1926 462 1963 fuisset
489 1925 673 1972 occasi03
703 1939 776 1963 nec
803 1925 949 1963 dubito
979 1925 1079 1974 quin
1108 1925 1256 1963 fuisset
1285 1925 1348 1962 illi
1377 1926 1640 1974 placiturum.
1703 1925 1822 1964 Certe
1852 1939 1916 1964 res

317 1980 404 2028 ipsa
425 1979 541 2017 docet
561 1993 644 2017 non
666 1980 792 2018 fuisse
814 1980 993 2017 stultum
1012 1982 1083 2018 aut
1104 1980 1268 2026 inutile,
1289 1994 1334 2017 ac
1356 1993 1497 2017 vereor
1519 1993 1570 2017 110
1589 1980 1758 2029 posthac
1783 1980 1916 2030 magis

317 2048 362 2071 ac
382 2034 514 2083 magis
533 2034 576 2072 id
595 2036 865 2083 experiamur.

367 2089 524 2126 Verum
558 2089 637 2126 1100
671 2091 710 2126 te
745 2089 912 2138 quidem
948 2088 1095 2126 leuiter
1127 2088 1330 2126 mouebat.
1405 2088 1519 2126 Illud
1559 2088 1637 2126 tibi
1674 2088 1812 2127 visum
1852 2091 1914 2127 est

236 2152 295 2183 225
315 2143 585 2191 intolerabile,
619 2144 728 2192 quod
758 2143 946 2181 ordinem
976 2144 1163 2180 vestrum
1193 2142 1413 2192 attigerim,
1443 2142 1552 2192 quod
1581 2143 1742 2180 Bernae
1770 2143 1914 2181 memi-

316 2197 461 2235 nerim.
514 2197 552 2234 N
555 2211 599 2235 ec
620 2198 734 2235 enim
755 2197 871 2246 potui
892 2210 975 2234 non
996 2197 1129 2235 ridere
1150 2210 1244 2234 cum
1266 2197 1419 2234 diceres
1441 2197 1628 2234 ordinem
1643 2199 1833 2235 vestrum
1851 2199 1914 2235 tot

316 2264 447 2289 annos
467 2252 714 2299 constitisse,
739 2251 856 2300 quasi
874 2265 948 2298 ego
968 2251 1046 2289 sim
1068 2251 1190 2288 illum
1210 2251 1495 2289 subuersurus.
1556 2252 1636 2289 Per
1659 2264 1726 2289 me
1745 2252 1914 2301 quidem

315 2305 440 2344 stabit
469 2306 567 2344 ordo
597 2308 707 2352 tuus,
737 2308 857 2355 atque
887 2305 1013 2343 etiam
1042 2305 1205 2343 florebit
1232 2318 1360 2354 vsque
1388 2307 1438 2343 ad
1468 2306 1596 2343 finem
1625 2306 1783 2344 mundi.
1842 2308 1913 2344 An

314 2360 405 2398 ideo
424 2362 538 2398 totus
560 2360 658 2398 ordo
677 2360 813 2398 laesus
829 2363 903 2404 est,
918 2360 1028 2409 quod
1044 2359 1279 2408 scripserim
1294 2372 1382 2397 esse
1402 2360 1564 2409 aliquos
1584 2360 1655 2408 qui
1675 2360 1913 2398 affectarent

235 2422 296 2453 230
315 2415 609 2463 tyrannidem?
665 2414 743 2452 Tot
769 2415 867 2452 estis
893 2413 1010 2452 milia
1036 2414 1396 2460 monasteriorum,
1420 2414 1642 2452 hominum
1670 2414 1913 2453 innumerae

314 2469 547 2517 niyriades;
580 2470 621 2506 et
649 2481 795 2506 omnes
824 2469 1083 2506 vocabuntur
1116 2468 1165 2505 ad
1199 2481 1323 2512 arma,
1355 2469 1391 2506 si
1426 2468 1518 2517 quis
1552 2481 1624 2518 per
1657 2469 1912 2507 occasionem

315 2525 508 2571 queratur
529 2523 577 2560 de
593 2535 674 2560 vno
693 2523 873 2560 alteroue
893 2525 981 2560 eius
1001 2521 1229 2560 sodalitatis
1242 2523 1263 2560 ‘3
1305 2522 1349 2560 Si
1366 2523 1459 2571 quis
1477 2524 1737 2571 compertum
1757 2522 1912 2561 habens

313 2578 563 2615 sacerdotem
584 2577 767 2614 effutisse
792 2578 900 2626 quod
928 2577 1087 2614 dictum
1114 2576 1168 2613 sit
1194 2576 1239 2613 in
1266 2589 1413 2614 arcana
1438 2576 1703 2624 confessione,
1727 2577 1911 2615 sodalem

314 2630 532 2668 admoneat
562 2644 613 2668 ne
642 2644 684 2669 se
713 2633 871 2668 temere
899 2631 1032 2668 cuiuis
1061 2630 1209 2676 credat,
1242 2630 1348 2679 quod
1379 2631 1635 2679 reperiantur
1663 2630 1734 2680 qui
1763 2644 1911 2680 parum

231 2700 295 2731 235
313 2687 476 2722 tenaces
496 2684 582 2722 sint
602 2684 768 2731 silentii,
788 2699 891 2723 num
911 2684 1099 2722 vniuersi
1117 2684 1356 2722 clamabunt
1377 2697 1464 2722 sese
1487 2685 1651 2723 laesos?
1693 2685 1748 2723 Et
1768 2687 1910 2723 tamen

313 2739 391 2776 hoc
412 2738 520 2788 quod
541 2752 565 2777 a
585 2752 651 2776 me
672 2739 873 2788 scriptum
895 2742 967 2787 est,
992 2739 1094 2777 adeo
1114 2741 1317 2777 secretum
1345 2752 1429 2776 non
1456 2741 1519 2777 est
1541 2741 1585 2777 vt
1604 2739 1730 2789 vulgo
1756 2740 1910 2788 passim

359 2847 431 2877 190.
459 2838 509 2868 H:
535 2836 756 2876 disciplicere
769 2839 806 2868 F.
959 2838 1034 2868 206.
1060 2836 1163 2868 Card.
1182 2837 1350 2876 scriptam
1367 2839 1442 2868 add.
1462 2839 1505 2868 H.
1659 2846 1734 2876 207.
1758 2837 1798 2867 vt
1813 2836 1908 2869 FN‘:

312 2891 370 2912 om.
389 2879 458 2911 N²³.
591 2889 665 2918 213.
690 2890 732 2911 ex
754 2883 801 2911 F:
825 2891 843 2910 e
860 2883 902 2911 H.

357 2991 430 3017 204.
459 2980 604 3019 Moriae]
622 2979 670 3010 Cf.
692 2980 752 3019 Ep.
776 2982 864 3018 1164.
882 2990 912 3018 3.
1187 2988 1260 3018 225.
1288 2979 1438 3019 Bernae]
1456 2980 1506 3010 Cf.
1526 2979 1586 3019 Ep.
1610 2988 1703 3018 1033.
1720 2989 1821 3018 25on.

356 3026 430 3055 206.
454 3022 655 3063 epistolam]
670 3023 731 3063 Ep.
756 3033 846 3062 1033.
1187 3032 1259 3061 231.
1286 3023 1478 3063 myriades]
1494 3023 1546 3054 Cf.
1565 3024 1627 3063 Ep.
1645 3024 1720 3062 830.
1739 3024 1803 3063 7‚8.
