1990 3353
130 142 250 197 1142]
582 142 737 183 FROM
777 143 1006 183 GEORGE
1045 142 1260 182 SCHIRN
1643 145 1723 182 343

125 255 256 305 magis
286 268 410 305 quam
439 255 621 304 ipsarum
651 254 789 292 verbis
817 267 885 292 eas
915 254 1147 304 intelligere
1176 267 1220 292 se
1247 253 1419 300 dicebat,
1445 256 1496 301 et,
1529 253 1724 303 quicquid

124 310 171 348 in
190 310 249 348 eis
270 309 408 348 diuine
429 309 510 348 sibi
528 309 715 347 elucebat
726 308 917 346 veritatis
931 312 1003 347 aut
1016 308 1195 354 virtutis,
1211 308 1256 346 in
1277 308 1437 358 primae
1455 308 1533 346 sibi
1554 308 1725 357 originis

124 364 240 402 fonte
260 364 394 414 magis
413 377 537 414 quam
563 364 606 401 in
629 363 945 402 decurrentibus
967 363 1279 412 exposicionum
1309 362 1411 400 riuis
1437 375 1578 412 sapere
1604 364 1725 400 testa-

125 418 256 457 batur.
318 419 491 457 Sanctos
509 420 650 457 tamen
673 417 767 467 <et>
791 417 1045 456 orthodoxos
1063 430 1206 456 earum
1233 417 1487 466 expositores
1512 416 1727 455 humiliter

124 473 281 522 legens,
305 486 566 523 nequaquam
586 472 777 510 sensibus
797 484 939 510 eorum
960 484 1056 510 suos
1077 485 1224 510 sensus
1243 471 1428 520 equabat,
1450 471 1520 509 sed
1543 470 1726 509 subiicie-
1746 483 1788 513 80

127 527 196 566 bat
225 527 476 574 formandos,
505 529 546 565 et
565 525 754 576 vestigiis
781 539 921 564 eorum
952 526 1133 564 fideliter
1160 526 1358 564 inherens
1386 538 1504 576 saepe
1534 526 1584 563 de
1612 525 1727 563 fonte

126 582 236 619 vnde
256 582 320 619 illi
342 582 572 628 hauserant,
595 582 635 618 et
655 580 742 630 ipse
761 579 930 618 bibebat
943 580 953 596 ²
972 582 1048 619 etc.

182 636 420 684 Existimas,
459 636 523 674 vir
559 635 894 685 praeclarissime,
935 634 1216 673 venerabilem
1263 634 1386 672 illum
1432 636 1593 683 patrem
1641 633 1729 671 diui

127 690 357 739 Augustini
394 703 517 739 super
551 690 769 728 Psalmum
806 688 928 727 xlviii
960 689 1168 739 ignorasse
1206 688 1473 735 sentenciam,
1511 702 1590 738 qua
1629 689 1729 726 dicit

132 748 140 763 ⁶
155 745 306 783 Omnia
333 744 478 782 diuina
501 744 664 793 eloquia
688 743 868 782 salubria
891 756 980 782 esse
1004 743 1107 781 bene
1135 742 1479 793 intelligentibus,
1504 743 1731 792 periculosa
1749 755 1788 795 85

126 812 224 837 v·eio
245 799 312 837 his
332 799 403 859 qui
423 812 469 836 ea
488 798 636 837 volunt
655 798 704 836 ad
725 799 790 836 sui
818 798 953 836 cordis
977 797 1292 847 peruersitatem
1319 797 1562 846 detorquere
1591 797 1729 847 potius

128 867 251 903 quam
271 856 394 892 suur'n
415 867 484 891 cor
508 853 558 891 ad
585 866 731 891 eorum
759 852 1053 891 rectitudinem
1081 851 1308 901 corrigere;
1337 852 1524 902 hancque
1550 864 1637 890 esse
1661 851 1730 901 <in

128 908 396 957 hominibus>
421 920 615 957 magnam
635 909 708 945 et
705 907 891 945 sitatam
912 907 1236 956 per-uomitatem.
1313 905 1417 954 Quia
1437 919 1531 944 cum
1553 906 1731 944 debeant

129 963 208 1012 ipsi
229 963 372 1001 viuere
397 962 626 1000 secundum
646 961 906 1000 voluntatem
932 961 1018 1009 Dei,
1043 961 1181 999 Deum
1201 960 1350 999 volunt
1373 960 1568 1010 (viuere)
1592 973 1731 998 secun-

128 1017 229 1055 dum
265 1017 526 1055 voluntatem
555 1029 699 1063 suam;
739 1018 779 1055 et
809 1029 905 1054 cum
934 1016 1014 1066 ipsi
1048 1016 1198 1054 nolunt
1232 1015 1394 1065 corrigi,
1427 1015 1550 1053 illum
1583 1015 1732 1053 volunt
1751 1031 1793 1063 90

129 1071 357 1121 deprauari,
392 1073 554 1109 rectum
592 1084 678 1109 non
717 1070 966 1109 arbitrantes
1004 1071 1110 1120 quod
1150 1070 1221 1108 ille
1258 1069 1362 1117 vult,
1397 1069 1467 1108 sed
1500 1070 1610 1119 quod
1649 1069 1732 1119 ipsi

126 1126 274 1164 volunt
289 1126 309 1174 '‚
332 1128 407 1165 etc,

185 1180 310 1218 Absit
338 1179 650 1218 sanctissimum
679 1182 840 1229 patrem
869 1179 943 1218 tali
963 1192 1087 1217 vsum
1117 1179 1251 1217 forma
1280 1178 1514 1228 Scripturis,
1536 1180 1583 1217 vt
1612 1190 1732 1216 suam

129 1236 266 1284 potius
288 1248 412 1283 quam
434 1234 511 1273 Dei
530 1234 704 1283 probare
718 1234 919 1272 voluisset
939 1234 1208 1272 sentenciam.
1273 1234 1405 1282 Culpa
1424 1233 1605 1283 profecto
1625 1233 1733 1270 esset

130 1289 261 1327 nullis
298 1288 501 1339 expianda
537 1288 733 1336 victimis,
771 1288 879 1326 nulli
913 1291 1151 1338 competens
1181 1288 1402 1326 sanctitati.
1464 1288 1557 1325 Non
1591 1289 1732 1325 tamen
1751 1297 1792 1329 95

131 1344 308 1382 dixerim
333 1344 418 1381 tuis
440 1343 481 1380 id
501 1343 639 1381 verbis
662 1343 712 1381 de
736 1356 783 1381 eo
802 1344 869 1380 vel
899 1343 1076 1381 sensisse
1097 1343 1159 1381 vel
1191 1342 1345 1380 dixisse
1373 1342 1486 1390 (lieet
1514 1341 1618 1379 mihi
1650 1340 1732 1378 fere

131 1398 286 1436 similia
318 1398 631 1448 representent),
668 1397 833 1447 quando
865 1397 1016 1435 Vltima
1054 1410 1148 1447 pars
1181 1399 1276 1434 tuae
1309 1397 1463 1434 ibidem
1498 1395 1732 1434 sentenciae

131 1453 320 1501 amplum
340 1453 440 1490 satis
460 1454 501 1489 et
520 1452 797 1490 honorificum
819 1452 868 1489 de
883 1465 931 1489 eo
947 1452 1102 1490 claudit
1122 1451 1377 1501 preconium.
1438 1452 1498 1488 At
1518 1463 1592 1488 nec
1612 1453 1733 1489 tuum

132 1507 311 1557 quidem,
334 1506 403 1544 sed
434 1519 575 1544 meum
601 1519 746 1544 accuso
772 1506 1001 1555 ingenium,
1032 1519 1169 1544 meam
1196 1506 1407 1555 ignauiam
1432 1508 1473 1543 et
1496 1505 1733 1543 insciciam:

132 1573 212 1611 qua
259 1561 535 1611 praepeditus,
578 1560 677 1610 quid
712 1560 868 1598 eisdem
907 1560 1065 1598 sencias
1103 1560 1255 1607 verbis,
1296 1559 1527 1609 intelligere
1567 1572 1734 1608 possum

132 1615 319 1653 minime.
380 1616 438 1654 Te
472 1628 577 1664 ergo,
615 1628 774 1653 nouum
809 1615 1011 1653 bonarum
1043 1615 1484 1664 sanctissimarumque
1518 1613 1735 1651 literarum

132 1674 291 1719 patrem
321 1672 362 1708 et
392 1669 529 1708 omnis
559 1669 780 1719 discipline
808 1669 1070 1719 magistrum,
1094 1670 1246 1715 hortor,
1271 1669 1439 1707 obsecro
1468 1670 1507 1706 et
1537 1668 1733 1716 obtestor,

133 1724 344 1762 amicabili
377 1723 586 1774 (quamuis
619 1724 754 1762 adhuc
787 1737 871 1762 non
907 1724 1224 1773 promeruerim)
1255 1723 1431 1773 epistola
1460 1723 1735 1771 lucidiorique

133 1779 343 1817 sentencia
364 1792 502 1817 meam
522 1778 625 1817 velis
645 1779 855 1816 illustrare
875 1778 1179 1826 hebitudinem,
1204 1778 1276 1816 vbi
1297 1777 1363 1815 vel
1385 1777 1536 1827 quibus
1555 1778 1599 1815 in
1620 1777 1732 1824 locis,

133 1836 203 1871 aut
234 1837 342 1871 certe
363 1847 444 1882 quo
470 1833 515 1871 in
542 1846 661 1882 opere
689 1835 729 1870 et
750 1832 937 1883 qualiter,
960 1832 1069 1871 idem
1089 1832 1382 1871 sanctissimus
1402 1835 1517 1882 pater
1538 1834 1546 1850 ⁶
1561 1834 1737 1869 venuste

134 1889 267 1938 magis
283 1900 409 1937 quam
425 1887 625 1937 grauiter'
641 1887 786 1926 diuino
798 1900 897 1925 vsus
912 1887 967 1926 sit
980 1888 1163 1937 eloquio,
1186 1890 1390 1937 quatenus
1401 1887 1737 1936 propheticarum

134 1942 437 1992 quodammodo
458 1941 832 1991 coloquintidarum
852 1941 1068 1991 appositus
1088 1942 1195 1980 mihi
1215 1954 1343 1991 sapor,
1366 1941 1616 1978 erudicionis
1643 1944 1738 1982 tuae

135 1996 218 2035 sale
245 1997 448 2044 conditus,
470 1996 542 2034 fiat
562 2009 685 2046 quam
706 1996 997 2035 suauissimus.
1054 1996 1254 2034 Nouicius
1282 1996 1395 2034 enim
1426 2008 1539 2033 sacra
1569 2008 1662 2033 sum
1693 1995 1738 2032 in

136 2051 343 2101 theologia
362 2053 486 2101 atque
505 2051 767 2101 tyrunculus,
788 2051 1069 2100 methodique,
1093 2051 1265 2088 meliora
1292 2050 1337 2088 in
1363 2063 1411 2088 ea
1438 2063 1518 2099 quo
1545 2049 1739 2087 accedun-

135 2108 217 2152 tur,
239 2105 497 2155 percupidus.
557 2105 687 2153 Quem
717 2108 788 2143 tuo
816 2106 851 2143 si
883 2106 1122 2154 magisterio
1151 2105 1316 2143 facilius
1346 2104 1538 2151 habuerO,
1563 2107 1609 2141 vt
1629 2116 1739 2153 prae-

137 2163 358 2209 ceptorem,
382 2161 427 2198 vt
448 2159 679 2206 dominum,
699 2162 746 2198 vt
767 2162 928 2208 patrem
949 2163 1147 2209 perpetuo
1169 2162 1210 2197 et
1235 2172 1373 2197 amare
1398 2165 1439 2195 et
1467 2159 1671 2196 honorare
1698 2160 1738 2195 te

137 2227 221 2252 non
257 2214 466 2252 desistam.
535 2214 733 2252 Maiorem
769 2228 930 2264 quoque
963 2215 1008 2252 in
1044 2215 1217 2252 modum
1257 2217 1372 2251 tuam
1411 2215 1570 2250 oratam
1609 2212 1738 2250 velim

136 2268 480 2316 dominacionem,
511 2271 557 2306 vt
586 2281 757 2306 suorum
786 2269 830 2306 in
860 2268 965 2316 albo,
996 2281 1080 2306 non
1111 2269 1200 2306 dico
1229 2266 1596 2306 amicorum—tale
1626 2267 1740 2304 enim

136 2326 294 2361 sertum
325 2324 467 2361 nostro
496 2322 567 2360 vix
601 2323 797 2361 conuenit
826 2323 1014 2372 capiti—,
1045 2323 1116 2361 sed
1147 2322 1464 2371 discipulorum,
1497 2324 1538 2359 et
1571 2320 1739 2370 quidem

137 2377 472 2424 nouissimorum,
494 2390 561 2414 me
582 2377 788 2427 depingat.

193 2432 235 2470 Si
267 2431 367 2481 quid
401 2431 506 2469 mihi
538 2433 734 2480 responsi,
767 2431 1119 2482 quemadmodum
1153 2433 1223 2469 tua
1257 2430 1305 2468 de
1336 2430 1599 2469 humanitate
1629 2429 1740 2467 haud

138 2486 296 2532 dubito,
322 2485 552 2523 decreueris
573 2486 679 2532 dare,
704 2488 767 2524 fac
795 2499 876 2536 quo
902 2486 1031 2535 possit
1056 2485 1179 2523 modo
1205 2485 1250 2523 in
1277 2485 1577 2523 monasterium
1605 2484 1739 2522 sancti

138 2539 353 2579 Ambrosii
380 2539 686 2578 Mediolanense
713 2540 871 2578 Abbati
890 2541 957 2579 vel
985 2540 1206 2579 Cellerario
1234 2539 1488 2588 presentari:
1519 2552 1593 2576 nec
1615 2539 1740 2576 offen-

1759 1575 1820 1598 100

1761 1842 1821 1874 105

1762 2114 1825 2136 110

1765 2392 1824 2425 115

372 2636 424 2665 90.
453 2626 556 2658 illum
577 2630 659 2665 Auy.
677 2639 683 2658 :

181 2738 234 2774 84.
259 2735 472 2777 Augustini]
490 2738 607 2767 Enarr.
624 2739 660 2766 in
676 2737 725 2767 Ps.
745 2736 797 2774 48.
816 2746 843 2767 1.
892 2736 910 2766 Ι

140 2781 231 2811 have
257 2780 416 2811 restored
436 2780 499 2811 the
524 2782 599 2810 text
623 2779 662 2810 of
682 2781 908 2819 Augustine3

139 2825 246 2855 about
286 2824 406 2854 which
437 2824 540 2854 there
574 2832 689 2854 seems
720 2826 756 2854 to
789 2824 830 2853 be
862 2832 909 2853 no

141 2868 253 2899 doubt
302 2869 341 2898 in
396 2867 472 2898 this
528 2876 683 2906 passage.
750 2866 908 2897 Schirn's

140 2912 302 2942 variants
318 2921 377 2941 are
402 2911 574 2951 probably
598 2920 692 2941 mere
717 2911 906 2950 degenera-

136 2956 243 2986 tions.

188 2999 258 3029 118.
285 2997 434 3039 Abbati]
451 2997 526 3029 The
537 2998 670 3038 abbacy
684 2998 800 3029 ot'San
817 2998 905 3028 Am·

140 3042 260 3082 brogio
285 3045 322 3073 at
348 3042 421 3073 this
449 3041 571 3082 period
600 3051 672 3072 was
700 3051 720 3072 a
748 3043 906 3081 rotator)-

709 2628 827 2667 ipsum
844 2630 913 2659 MS.

1149 2636 1202 2665 91.
1229 2626 1425 2666 deprauare
1441 2629 1510 2657 MS.

979 2735 1083 2773 office,
1127 2735 1213 2766 held
1253 2735 1307 2766 for
1344 2745 1364 2766 a
1402 2735 1472 2765 few
1511 2745 1623 2775 years.
1670 2734 1745 2764 'rho

978 2781 1122 2818 present
1156 2780 1261 2810 abbot
1299 2789 1370 2809 was
1401 2779 1562 2819 Angelus
1594 2778 1744 2817 Plattus,

979 2824 1058 2853 who
1094 2823 1179 2853 held
1210 2824 1272 2853 the
1304 2823 1461 2863 position
1498 2823 1599 2853 three
1630 2823 1743 2859 times,

980 2876 1138 2905 1519-21,
1169 2875 1305 2905 1522—5,
1339 2876 1441 2906 1529;
1480 2866 1552 2896 and
1582 2875 1627 2896 on
1659 2865 1743 2895 vau-h

977 2911 1138 2940 occasion
1170 2920 1242 2940 was
1273 2910 1348 2940 also
1378 2910 1568 2940 President
1611 2910 1649 2940 of
1689 2909 1747 2938 his

977 2954 1230 2993 congregation
1261 2954 1483 2993 throughout
1518 2953 1622 2991 ltaly.
1683 2954 1746 2982 See

981 2997 1102 3027 Barth.
1115 2998 1276 3035 Aresius,
1290 3000 1322 3028 S.
1339 3000 1500 3027 Ambrosii
1515 3020 1522 3027 .
1547 3021 1554 3028 .
1569 3021 1575 3026 .
1591 2999 1748 3026 Amanum

976 3043 1184 3079 clo-orzoloyica
1201 3044 1301 3074 series.
1322 3041 1446 3080 Milan,
1470 3041 1562 3078 1674,
1580 3050 1635 3079 pp.
1648 3040 1746 3069 66-8.
