1990 3353
131 119 254 174 1053]
633 121 704 159 To
742 120 978 160 THoMAs
1015 120 1234 160 LUPSET
1653 123 1728 162 151

128 231 302 280 gelioam
333 231 562 269 doctrinam
596 243 700 279 pene
733 230 924 268 obrutam
956 232 1393 270 commentatiunculis
1423 232 1656 280 hominum,
1688 236 1729 272 et

128 285 256 323 huius
279 285 407 323 libros
435 284 679 323 mendarum
703 285 899 334 vepribus
927 299 973 323 ac
999 285 1170 324 zizaniis
1196 285 1363 324 obsitos
1423 286 1635 324 Nimirum
1663 287 1730 325 hic

127 339 273 388 pietas,
290 353 375 377 non
390 339 616 389 ingenium,
632 352 699 377 me
714 339 1006 377 vehementem
1020 340 1125 378 fecit.
1168 342 1208 378 A
1222 342 1306 378 tam
1319 340 1525 389 profundo
1541 341 1729 390 lethargo
1750 352 1788 385 47
1794 355 1811 386 5

129 406 213 432 non
233 397 396 442 poterat
415 394 500 431 leni
520 393 762 443 placidaque
781 406 881 431 voce
901 394 1085 433 mundus
1097 395 1372 444 expergefieri.
1432 394 1478 433 Si
1491 395 1589 444 quid
1603 395 1730 444 igitur

129 447 198 486 hic
219 448 505 486 stomachatus
524 460 630 494 sum,
656 460 739 485 non
763 447 989 486 admodum
1010 461 1077 486 me
1103 449 1298 497 poenitet.
1361 449 1443 486 Vbi
1466 462 1563 487 vero
1589 449 1730 487 videor

128 502 447 540 immoderatius
467 501 748 549 incanduisse,
769 502 931 551 quoties
950 502 1158 551 priuatam
1178 503 1376 541 iniuriam
1397 516 1421 541 a
1443 516 1511 541 me
1535 503 1696 553 depello
1709 506 1729 542 ⁵?

129 555 276 595 Malim
305 556 383 594 hoc
415 557 558 594 animo
591 555 801 605 praeditus
831 569 918 595 esse
952 570 1077 606 quam
1115 557 1293 595 istorum
1324 557 1528 596 adsimilis
1561 558 1644 607 qui,
1680 558 1729 596 ad

128 610 287 649 Christi
305 611 502 648 iniuriam
523 610 638 648 lenes
653 613 694 648 et
714 610 877 660 placidi,
899 613 1067 649 tantum
1086 624 1171 649 non
1191 611 1421 659 insaniunt,
1439 613 1476 650 si
1496 612 1546 650 de
1566 613 1730 662 priuato
1749 617 1814 656 480

128 664 254 711 lucro,
277 665 314 703 si
333 665 383 703 de
402 665 543 714 gloria,
565 665 631 702 vel
650 664 860 703 vnciolam
881 665 1084 704 detrahas.

183 718 298 757 Haec
326 719 519 768 pluribus
545 719 595 756 ad
619 720 660 756 te
686 719 844 768 scripsi,
872 722 919 757 vt
948 719 1025 758 hac
1053 719 1237 770 epistola,
1260 733 1332 758 ceu
1353 720 1497 770 clypeo
1519 721 1730 770 quopiam,

128 773 516 823 impudentissimas
536 773 712 812 istorum
732 775 903 813 naenias
923 774 1043 812 facile
1062 774 1285 824 propulses.
1348 775 1427 813 Sed
1448 775 1541 824 quis
1560 775 1730 813 tandem

128 827 208 866 erit
239 827 477 866 istiusmodi
507 827 876 877 sycophantiarum
917 831 990 866 aut
1028 829 1177 867 modus
1215 833 1287 866 aut
1321 829 1419 867 finis
1457 833 1528 867 aut
1567 830 1731 878 pudor?

129 882 306 930 Quando
337 882 529 920 desinent
562 881 658 920 huic
690 885 876 921 excetrae
906 882 1088 921 nimium
1119 883 1344 922 foecundae
1376 896 1450 922 sua
1480 884 1731 933 repullulare
1749 889 1812 929 485

129 936 298 986 capita?
354 937 456 984 Quis
490 936 639 974 noxius
677 937 864 984 daemon,
902 950 1005 987 quae
1044 937 1240 988 Erinnys,
1280 938 1374 988 quis
1410 938 1545 976 malus
1583 939 1731 987 genius

129 992 290 1040 pestem
328 991 435 1029 hanc
476 991 641 1029 inuexit
686 991 1022 1030 Christianorum
1061 992 1247 1031 studiis?
1316 992 1425 1030 Nam
1462 993 1570 1031 mihi
1608 993 1732 1042 plane

128 1045 296 1084 videtur
316 1046 438 1084 fatale
466 1046 673 1095 quoddam
693 1058 780 1083 esse
801 1046 959 1084 malum
981 1047 1092 1096 quod
1113 1049 1200 1085 tam
1226 1047 1307 1085 late
1331 1049 1552 1097 grassetur.
1608 1047 1732 1085 Dicas

128 1100 290 1148 Alecto,
314 1113 416 1150 quae
436 1100 559 1149 paulo
579 1102 674 1137 ante
695 1101 899 1150 principes
919 1114 965 1139 ac
985 1101 1160 1150 populos
1179 1101 1322 1150 impiis
1349 1101 1556 1139 bellorum
1578 1102 1732 1140 tumul-

130 1154 243 1193 tibus
266 1154 477 1201 miscebat,
504 1168 592 1193 sese
614 1155 788 1193 vertisse
816 1154 866 1192 ad
896 1156 1130 1193 studiorum
1157 1156 1346 1195 exitium.
1407 1156 1597 1194 Bellatur
1623 1156 1733 1194 inter
1750 1171 1815 1203 490

128 1209 314 1247 eruditos
343 1222 447 1258 pene
477 1208 745 1258 pernitiosius
772 1209 930 1258 lInguis
960 1213 1001 1247 et
1029 1210 1211 1256 calamis,
1242 1223 1367 1260 quam
1398 1211 1597 1248 hactenus
1622 1211 1733 1248 inter

130 1262 337 1312 principes
357 1263 555 1301 bellatum
576 1266 639 1301 est
658 1264 779 1302 ferro.
839 1264 893 1301 Et
919 1278 942 1302 o
967 1265 1103 1302 Deum
1130 1265 1434 1304 immortalem!
1464 1265 1535 1302 vbi
1560 1265 1732 1303 interim

131 1317 273 1356 Musae
292 1319 484 1356 sorores?
523 1318 592 1356 vbi
612 1318 764 1355 harum
790 1317 949 1356 sodales
974 1319 1184 1368 simplices
1211 1319 1410 1357 Gratiae?
1466 1319 1622 1357 Parum
1646 1324 1733 1357 erat

130 1372 166 1410 si
193 1372 283 1410 lues
311 1372 410 1410 haec
439 1372 673 1422 prophanas
702 1373 903 1410 duntaxat
934 1373 1178 1422 disciplinas
1206 1373 1482 1423 corripuisset.
1542 1374 1594 1411 In
1624 1373 1734 1423 ipsas

129 1426 255 1466 etiam
288 1426 444 1464 inuasit
476 1426 630 1473 literas,
661 1439 765 1476 quae
797 1440 873 1464 nos
907 1428 1017 1465 solae
1050 1430 1242 1477 poterant
1275 1428 1419 1466 docere
1449 1427 1732 1466 Christianam
1750 1444 1791 1474 41)

130 1481 400 1529 concordiam,
442 1494 545 1530 quae
584 1483 746 1518 nostros
784 1481 948 1519 animos
987 1481 1037 1519 ab
1069 1483 1184 1520 omni
1228 1482 1504 1532 cupiditatum
1545 1482 1732 1520 tumultu

130 1535 410 1585 tranquillare.
470 1535 552 1573 Hic
580 1535 729 1573 vnicus
757 1539 900 1584 portus
936 1536 1058 1573 nobis
1087 1540 1176 1574 erat
1210 1537 1390 1584 relictus,
1427 1537 1471 1574 in
1503 1550 1627 1586 quem
1657 1550 1732 1574 nos

129 1591 181 1630 ab
201 1591 314 1628 hisce
333 1603 473 1628 rerum
493 1589 773 1628 humanarum
793 1590 917 1628 vndis
937 1603 982 1628 ac
1002 1591 1320 1640 tempestatibus
1340 1590 1624 1641 reciperemus.

185 1645 287 1693 Quis
306 1644 440 1682 nescit
460 1657 585 1694 quam
605 1643 733 1682 variis
752 1644 874 1682 malis
894 1647 984 1682 tota
1005 1645 1189 1683 hominis
1208 1646 1296 1683 vita
1319 1646 1373 1683 sit
1398 1646 1608 1684 obnoxia?
1664 1645 1731 1683 Ab

131 1700 199 1737 his
228 1712 309 1749 quo
335 1712 638 1749 nonnunquam
662 1698 884 1736 refocillari
914 1699 1067 1745 liceret,
1094 1700 1260 1749 patebat
1286 1700 1409 1738 nobis
1436 1700 1603 1738 diuinae
1629 1700 1732 1737 Scri·
1751 1711 1815 1741 500

130 1757 276 1804 pturae
305 1753 532 1802 paradisus.
592 1753 672 1791 Hic
702 1753 880 1791 dabatur
914 1767 988 1803 per
1015 1767 1188 1792 amoena
1217 1755 1350 1792 vireta
1380 1758 1542 1803 reptare
1571 1754 1730 1793 ociosis.

131 1809 213 1847 Hic
230 1822 252 1846 e
273 1808 510 1857 purissimis
536 1808 723 1846 fontibus
744 1808 845 1846 lassi
864 1808 1043 1857 pectoris
1062 1812 1202 1846 aestus
1219 1809 1472 1858 refrigerare.
1533 1809 1612 1847 Hic
1632 1822 1733 1847 aura

130 1863 322 1901 liberiore
342 1862 552 1911 respirare,
576 1862 642 1899 hic
662 1861 924 1900 dulcissimos
940 1863 1072 1900 animi
1087 1864 1247 1901 fructus
1261 1864 1372 1901 vnde
1387 1863 1489 1901 libet
1504 1864 1730 1912 decerpere.

132 1917 214 1956 Hic
233 1917 491 1967 gratissimos
509 1916 701 1954 flosculos
719 1917 850 1966 vngui
870 1917 1044 1966 spiritus
1065 1918 1285 1955 demetere.
1333 1918 1413 1956 Sed
1434 1918 1543 1955 vnde
1562 1931 1732 1967 serpens

131 1972 203 2010 ille
231 1971 381 2010 noxius
409 1971 490 2009 huc
517 1971 646 2009 etiam
674 1971 851 2020 irrepsit,
881 1984 927 2009 ac
954 1972 1271 2010 foelicissimum
1300 1972 1437 2010 ocium
1466 1985 1625 2010 veneno
1655 1972 1734 2010 dis·
1753 1984 1814 2016 505

131 2026 294 2064 cordiae
313 2025 531 2074 corrupit?
587 2025 691 2072 Quis
718 2025 954 2063 salubribus
977 2026 1116 2063 herbis
1146 2027 1317 2064 noxium
1345 2027 1556 2064 aconitum
1583 2026 1732 2065 admis-

131 2080 247 2119 cuit?
304 2079 407 2128 Quis
450 2079 766 2129 limpidissimas
809 2080 1016 2118 scatebras
1053 2080 1164 2118 malo
1200 2080 1335 2118 toxico
1373 2081 1576 2119 viciauit'?
1631 2080 1731 2128 Quis

130 2134 365 2173 salutiferas
388 2134 555 2172 arbores
582 2134 778 2172 letalibus
805 2133 937 2172 sorbis
966 2134 1250 2173 adulterauit?
1305 2135 1388 2173 Pro
1418 2135 1632 2182 charitate,
1660 2148 1733 2185 pro

132 2189 346 2237 modestia,
367 2202 442 2238 pro
461 2188 644 2236 lenitate,
666 2202 739 2237 pro
759 2189 934 2226 candore
954 2188 1202 2237 Christiano,
1225 2189 1344 2234 liuor,
1366 2189 1520 2235 odium,
1543 2190 1614 2235 ira,
1639 2203 1732 2227 con·

132 2244 276 2290 tentio,
298 2242 474 2281 ambitio
492 2243 631 2281 studia
651 2245 896 2292 temperant.
957 2244 1016 2280 At
1035 2243 1206 2280 interim
1220 2243 1290 2280 vbi
1310 2257 1441 2293 purus
1456 2244 1525 2281 ille
1541 2246 1581 2281 et
1598 2243 1732 2282 Euan·
1753 2257 1768 2285 5
1780 2255 1816 2277 ¹0

133 2297 287 2348 gelicus
306 2297 461 2344 oculus,
487 2297 558 2335 vbi
579 2296 733 2335 iudicat
756 2297 897 2335 liuor?
953 2297 1036 2335 Vbi
1056 2297 1246 2341 charitas,
1268 2311 1371 2347 quae
1393 2298 1443 2336 de
1462 2297 1586 2336 malis
1605 2298 1730 2336 etiam

135 2353 236 2391 bene
257 2352 406 2390 mereri
426 2351 578 2399 studet,
601 2351 776 2401 quando,
792 2351 1040 2390 dictaturam
1060 2355 1229 2400 gerente
1251 2352 1353 2397 odio,
1371 2353 1441 2402 qui
1456 2352 1561 2390 bene
1576 2366 1732 2390 meren-

132 2409 214 2456 tur,
242 2419 315 2455 pro
341 2406 473 2444 officio
498 2408 710 2455 reportant
735 2406 1026 2444 maleficium?
1084 2406 1186 2453 Quis
1213 2419 1313 2444 sano
1342 2407 1494 2445 iudicio
1518 2407 1632 2445 locus
1655 2410 1729 2447 est.

133 2461 205 2499 vbi
233 2460 331 2498 bilis
354 2460 493 2508 dictat,
522 2460 741 2509 exequitur
767 2460 890 2506 furor,
921 2462 1040 2509 vrget
1066 2461 1294 2508 temeritas,
1320 2461 1499 2499 absoluit
1529 2462 1733 2499 caecitas?

134 2515 264 2553 Porro
277 2514 370 2564 quis
389 2515 594 2553 malorum
610 2515 718 2562 finis,
738 2515 809 2552 vbi
829 2514 950 2552 litem
971 2527 1021 2552 ex
1041 2514 1115 2552 lite
1135 2515 1244 2562 serit,
1266 2515 1424 2553 malum
1445 2529 1494 2553 ex
1516 2516 1626 2554 malo
1646 2529 1720 2565 pro
1753 2523 1815 2555 5¹5

135 2573 256 2620 pagat
293 2569 502 2607 contentio
517 2570 538 2607 ⁶?
599 2569 813 2616 Quomodo
854 2570 993 2606 vincet
1031 2569 1197 2616 veritas,
1236 2569 1307 2607 vbi
1344 2582 1553 2608 summam
1592 2583 1731 2608 rerum

134 2626 270 2662 versat
302 2623 509 2661 ambitio?
565 2622 672 2671 Quid
699 2626 838 2661 autem
870 2629 976 2660 recte
1001 2623 1159 2660 (lictum
1188 2624 1267 2661 erit
1297 2623 1361 2661 illi
1391 2625 1461 2674 qui
1491 2625 1630 2672 iratus,
1662 2625 1733 2673 qui

134 2677 337 2723 inuidens,
360 2677 432 2727 qui
451 2681 670 2726 corruptus
690 2677 767 2715 hoc
787 2677 929 2715 animo
948 2677 1102 2715 librum
1122 2678 1253 2716 sumit
1273 2678 1317 2716 in
1339 2691 1524 2725 manum,
1548 2681 1595 2716 vt
1614 2691 1733 2716 vene-

134 2736 205 2770 tur
229 2731 338 2782 quod
368 2731 539 2781 carpat?
582 2735 667 2769 imo
693 2732 764 2781 qui
795 2731 1078 2780 praeiudicans
1105 2732 1197 2779 sibi,
1229 2732 1344 2781 prius
1368 2733 1583 2770 damnauit
1609 2746 1733 2782 quam

135 2787 298 2836 legeret.
360 2784 414 2823 Et
433 2786 554 2823 video
575 2798 661 2823 rem
682 2787 802 2833 plane
824 2800 846 2823 a
867 2785 1113 2834 conspiratis
1132 2799 1177 2823 ac
1202 2786 1377 2833 deuotis,
1403 2787 1487 2824 imo
1510 2787 1732 2836 plusquam
1753 2804 1816 2836 520

134 2839 399 2891 gladiatoriis,
423 2839 576 2878 animis
595 2841 694 2889 geri.

179 2926 254 2965 476.
279 2924 355 2955 leni
372 2926 428 2954 H:
452 2923 525 2954 leui
541 2935 572 2955 α.
689 2927 764 2963 482.
792 2936 854 2956 ceu
874 2938 893 2955 α
910 2937 916 2955 :
941 2935 1001 2956 seu
1019 2928 1113 2956 Loml.
1229 2937 1303 2966 501.
1331 2939 1350 2956 α
1366 2929 1419 2958 N:
1445 2928 1578 2957 virecta
1596 2930 1622 2956 F
1635 2929 1730 2957 Lond.

135 2979 209 3008 504.
237 2969 386 3008 spiritus
402 2969 517 2998 NLB:
541 2967 672 3007 spiritu
691 2971 720 2999 H
737 2971 834 3001 Lond.
854 2980 860 2999 :
883 2980 941 2999 om.
962 2981 993 2999 α.
1246 2980 1320 3010 505.
1347 2981 1484 3001 veneno
1500 2983 1519 3000 α
1536 2982 1543 3001 :
1569 2973 1674 3000 vento
1691 2973 1730 3000 H.

135 3021 208 3051 515.
237 3021 280 3042 ex
296 3015 367 3042 ante
383 3011 479 3042 malo
494 3021 536 3042 a:
561 3021 579 3041 e
596 3014 631 3042 F.
