1990 3353
304 141 381 180 144
769 136 1017 176 LETTERS
1057 135 1124 173 OF
1163 133 1427 173 ERASMUS
1772 131 1896 186 [1519

223 257 282 288 160
302 251 434 300 operis
468 262 719 299 prouocasse,
754 261 837 286 non
873 246 1132 285 deterruisse.
1203 245 1297 283 Imo
1332 257 1415 282 non
1452 244 1503 282 ob
1541 244 1653 283 aliud
1692 243 1737 281 in
1774 245 1898 284 illum

301 306 513 354 tantopere
532 303 898 342 stomachabantur
916 301 1037 339 amici
1059 300 1150 345 mei,
1171 299 1251 337 nisi
1272 299 1379 348 quod
1400 302 1486 337 tam
1507 299 1737 338 insolenter
1749 299 1899 350 vbique

302 359 468 398 iactaret
489 371 612 397 suum
632 357 800 404 librum,
823 369 898 394 nec
918 355 1080 393 aederet
1100 356 1252 392 tamen.

359 413 502 462 Neque
516 426 615 450 vero
636 425 702 449 me
724 410 871 448 fefellit
889 423 970 459 qua
989 409 1138 447 techna
1157 408 1223 446 hic
1238 407 1344 445 Leus
1364 407 1419 445 sit
1435 420 1544 445 vsus.
1585 408 1690 446 Cum
1711 409 1898 447 nondum

303 470 409 505 esset
442 467 544 505 satis
583 467 811 504 instructus
850 465 899 501 ad
939 463 1201 508 aeditionem,
1236 461 1372 500 voluit
1410 462 1486 499 hoc
1533 462 1704 500 interim
1750 462 1901 512 gloriae

224 530 282 571 165
305 521 551 566 lucrifacere,
577 519 695 570 quasi
715 519 759 556 in
780 518 955 568 gratiam
976 530 1112 555 meam
1138 518 1342 565 premeret
1371 529 1482 565 opus.
1541 517 1701 554 Rursus
1718 517 1790 555 vbi
1815 517 1900 555 iam

304 576 475 625 gestiret
501 575 667 612 animus
693 574 846 620 aedere,
871 572 1033 621 sibique
1057 571 1264 609 videretur
1283 573 1492 619 vtcunque
1518 571 1754 619 adornatus,
1777 571 1902 621 quiri-

305 629 387 667 tari
420 629 554 678 coepit
585 642 627 667 se
658 641 732 677 per
761 640 827 664 me
858 627 1070 676 prouocari
1106 625 1155 662 ad
1188 624 1435 671 aedendum,
1468 638 1520 662 ne
1549 625 1649 674 qnid
1679 625 1902 664 offenderet

306 697 402 722 suos
421 684 576 721 amicos
596 683 668 732 qui
689 684 901 731 tantopere
923 679 1184 719 deterrebant
1209 678 1259 716 ab
1279 678 1472 717 aedendo.
1535 679 1716 717 Proinde
1742 680 1778 717 si
1799 693 1904 729 quos

306 738 476 787 posthac
513 737 694 776 audieris
731 736 875 774 eadem
912 734 1150 784 garrientes,
1187 733 1250 770 dic
1288 732 1372 771 illis
1411 733 1516 771 meis
1549 734 1688 771 verbis
1725 746 1794 772 eos
1831 737 1903 773 aut

230 806 288 839 170
307 793 576 830 vehementer
595 791 684 829 falli
704 793 776 829 aut
806 788 1170 839 impudentissime
1195 786 1376 825 mentiri.
1436 787 1624 837 Denique
1651 789 1686 826 si
1710 788 1777 826 cui
1804 788 1904 827 haec

310 860 414 896 quae
460 846 545 884 dixi
592 845 779 883 nondum
824 843 1084 894 persuadent,
1125 842 1169 880 in
1212 845 1408 890 promptu
1452 844 1513 879 est
1556 842 1900 892 experimentum.

308 901 449 939 Etiam
483 913 593 938 nunc
624 899 756 937 tradat
787 898 895 937 Leus
924 898 1090 944 librum,
1125 898 1164 934 et
1195 895 1277 934 nisi
1307 909 1450 933 curaro
1479 896 1546 933 vel
1575 896 1759 934 Basileae
1787 910 1904 935 excu-

309 955 505 1001 dendum,
539 954 662 1003 idque
696 953 815 992 nullo
849 953 980 1002 ipsius
1014 952 1196 1000 sumptu,
1230 950 1397 988 credant
1431 963 1574 988 omnes
1607 963 1674 988 me
1706 950 1907 990 hactenus

309 1009 519 1047 obstitisse
540 1022 619 1058 quo
639 1009 783 1046 minus
802 1008 1025 1045 aederetur.

230 1080 265 1113 17
271 1082 287 1112 5
364 1064 504 1113 Atque
519 1065 564 1101 vt
577 1062 851 1101 manifestum
868 1060 1130 1099 mendacium
1143 1059 1306 1096 fortiter
1320 1058 1468 1104 reiicio,
1484 1058 1542 1097 ita
1556 1060 1663 1108 quod
1679 1073 1823 1098 verum
1842 1061 1905 1098 est

309 1117 488 1167 ingenue
508 1117 677 1155 fatebor.
736 1117 842 1155 Cum
862 1115 978 1153 facile
1005 1114 1234 1162 suspicarer
1254 1113 1445 1151 futurum
1463 1114 1510 1151 vt
1538 1113 1613 1151 hoc
1641 1127 1746 1163 opus
1775 1127 1907 1163 asper-

310 1185 405 1211 sum
444 1173 549 1209 esset
583 1171 708 1209 variis
748 1168 1148 1212 contumeliis,-—vel
1183 1168 1291 1217 quod
1331 1168 1479 1205 scirem
1518 1167 1665 1212 Leum‚
1698 1170 1906 1218 vtcunque

311 1240 422 1264 nunc
451 1226 623 1264 affectus
651 1228 723 1274 est,
745 1237 916 1274 prorsus
945 1223 1115 1261 inimico
1144 1222 1283 1260 animo
1312 1221 1530 1271 negocium
1560 1222 1636 1260 hoc
1666 1223 1904 1272 suscepisse,

311 1281 353 1318 id
379 1281 498 1330 quod,
522 1281 593 1318 vbi
623 1293 686 1317 res
716 1278 954 1328 postulabit.
984 1276 1226 1315 clarissimis
1256 1276 1514 1325 argumentis
1543 1277 1812 1324 euincemus3
1842 1279 1907 1316 vel

232 1345 290 1374 180
311 1335 421 1384 quod
442 1335 528 1384 ipse
549 1335 712 1384 saepius
731 1332 971 1382 efflagitanti
999 1334 1122 1381 atque
1141 1330 1316 1380 111-801111,
1341 1343 1414 1368 cur
1434 1332 1647 1380 tantopere
1669 1334 1829 1370 caueret
1855 1345 1908 1370 ne

309 1389 415 1427 liber
436 1402 559 1439 quem
580 1389 621 1426 in
643 1401 708 1426 me
735 1387 973 1437 scripsisset,
999 1386 1105 1423 mihi
1125 1385 1316 1423 omnium
1336 1384 1408 1422 vni
1434 1384 1565 1423 nollet
1591 1386 1908 1430 communicare,

312 1457 406 1482 eum
437 1445 523 1481 eius
554 1442 712 1491 copiam
735 1443 884 1480 faceret
909 1443 996 1479 tam
1023 1439 1180 1483 multis,
1202 1440 1370 1477 tandem
1397 1440 1609 1488 respondit
1637 1440 1771 1479 inesse
1792 1453 1909 1490 quae-

310 1499 406 1536 dam
426 1511 528 1547 quae
549 1497 656 1535 mihi
677 1496 800 1534 bilem
821 1497 957 1534 essent
976 1497 1163 1541 motura;
1193 1493 1311 1543 quasi
1329 1506 1426 1531 vero
1446 1507 1529 1531 non
1555 1494 1768 1543 indignius
1787 1498 1909 1539 esset,

312 1552 346 1590 si
365 1552 458 1590 aliis
479 1552 529 1590 de
554 1564 619 1589 me
646 1551 851 1597 scriberet,
877 1563 979 1599 quae
1004 1549 1109 1586 mihi
1133 1561 1269 1586 coram
1301 1560 1385 1586 non
1412 1548 1583 1586 auderet
1609 1549 1812 1597 proferre;
1841 1549 1908 1588 vel

234 1618 291 1657 185
312 1607 421 1657 quod
452 1619 533 1644 vna
561 1609 684 1655 atque
713 1605 843 1643 altera
871 1603 1097 1650 annotatiO,
1121 1616 1246 1652 quam
1275 1602 1383 1640 mihi
1412 1603 1516 1640 forte
1546 1603 1720 1653 contigit
1749 1603 1910 1642 interci-

312 1674 418 1711 pere,
443 1661 544 1698 satis
571 1660 793 1698 declararet
813 1658 934 1708 quale
954 1658 1141 1696 futurum
1166 1659 1271 1694 esset
1292 1656 1499 1706 reliquum
1520 1670 1687 1706 opus-,
1712 1658 1911 1696 admonui

312 1717 358 1754 vt
379 1714 647 1764 argumentis,
663 1726 747 1752 non
767 1711 1045 1759 contumeliis,
1063 1711 1310 1757 rationibus,
1324 1724 1408 1748 non
1429 1711 1628 1750 conuiciis
1648 1725 1735 1749 rem
1750 1716 1908 1761 ageret:

313 1769 371 1807 ita
400 1771 492 1807 tum
523 1769 587 1806 illi
615 1769 701 1806 fore
730 1767 963 1816 simplicem
991 1766 1036 1804 in
1065 1765 1281 1804 scribendo
1311 1765 1508 1813 laborem,
1530 1768 1623 1804 tum
1652 1766 1758 1804 mihi
1782 1767 1827 1805 in
1853 1780 1910 1804 re-

314 1824 567 1873 spondendo.
630 1823 855 1872 Nunquam
885 1822 999 1859 enim
1030 1820 1232 1859 offensum
1264 1819 1316 1857 iri
1345 1833 1422 1866 me,
1454 1820 1579 1858 etiam
1610 1821 1644 1858 si
1671 1821 1784 1858 mille
1808 1821 1909 1860 locis

236 1899 296 1929 190
315 1891 337 1915 a
357 1891 424 1915 me
444 1877 701 1916 dissentiret:
733 1876 818 1914 imo
846 1876 1021 1924 gratiam
1051 1874 1295 1912 habiturum
1317 1874 1425 1923 quod
1454 1876 1638 1912 nostram
1663 1874 1912 1913 industriam

313 1945 387 1970 sua
406 1932 613 1970 industria
633 1931 859 1970 adiuuaret.
920 1929 994 1968 Sin
1020 1929 1266 1967 admisceret
1292 1928 1489 1973 conuicia,
1511 1928 1726 1976 geminum
1746 1929 1913 1979 vtrique

314 1987 400 2024 fore
420 1988 513 2024 tum
532 1986 715 2024 laborem
735 1987 827 2023 tum
852 1983 1190 2029 incommodum3
1220 1982 1428 2031 siquidem
1456 1983 1579 2021 illum
1609 1983 1653 2021 111
1681 1983 1912 2033 periculum

313 2043 549 2088 venturum,
573 2053 624 2078 ne
653 2040 718 2078 vir
745 2052 892 2088 parum
921 2037 1134 2075 modestus
1161 2050 1205 2075 ac
1235 2037 1375 2085 grauis
1404 2037 1616 2085 habeatur,
1649 2051 1716 2075 me
1744 2051 1912 2076 rursum

313 2095 480 2144 gemino
509 2094 619 2132 malo
649 2093 920 2132 constrictum
948 2092 1010 2139 iri,
1040 2091 1110 2141 qui
1139 2092 1174 2129 si
1203 2090 1491 2139 responderem
1521 2091 1729 2139 conuiciis,
1752 2092 1913 2130 viderer

237 2166 293 2197 195
315 2149 377 2188 illi
407 2163 491 2187 non
520 2147 751 2195 dissimilis,
774 2147 841 2185 sin
870 2146 1023 2193 minus,
1046 2146 1218 2184 fortasse
1245 2145 1478 2195 plaerisque
1503 2144 1665 2184 viderer
1692 2159 1912 2195 agnoscere

316 2217 419 2254 quae
440 2203 512 2241 ille
531 2203 576 2240 in
597 2216 663 2240 me
684 2201 966 2249 congessisset.

370 2258 526 2307 Opinor
546 2257 623 2295 1100
643 2256 863 2294 0011011111111
884 2255 991 2293 1111111
1007 2254 1134 2304 probo
1151 2267 1236 2292 non
1252 2253 1383 2291 videri
1403 2256 1444 2291 et
1460 2254 1641 2303 prudens
1661 2256 1701 2293 et
1715 2254 1908 2293 amicum.

316 2312 371 2349 Et
391 2313 533 2349 tamen
561 2312 638 2349 hoc
665 2312 805 2348 animo
835 2322 998 2358 semper
1026 2309 1087 2346 fui
1116 2310 1176 2352 vt,
1197 2308 1330 2358 qualis
1350 2308 1484 2357 qualis
1514 2310 1620 2346 esset
1649 2308 1762 2356 liber,
1786 2322 1912 2359 quam

316 2365 499 2414 primum
537 2365 646 2403 exire
684 2365 727 2402 in
766 2364 903 2402 lucem
942 2364 1137 2413 optarem,
1178 2361 1346 2412 quiduis
1383 2375 1580 2411 passurus
1627 2362 1751 2401 citius
1789 2376 1913 2413 quam

236 2444 296 2465 200
316 2420 575 2470 quorundam
609 2418 910 2456 insulsissimas
949 2417 1153 2467 gloriolas,
1216 2416 1299 2453 Nec
1338 2416 1450 2454 enim
1489 2429 1582 2454 sum
1616 2418 1702 2455 tam
1741 2416 1912 2467 iniquus

317 2474 399 2512 Leo
430 2487 554 2523 quam
585 2473 754 2522 quidam
784 2471 1039 2510 existimant.
1099 2470 1191 2509 Scio
1223 2471 1321 2520 quid
1352 2470 1480 2519 possit
1514 2470 1667 2519 gloriae
1700 2471 1909 2519 stimulus,

318 2540 441 2578 quam
463 2528 693 2565 violentum
723 2527 854 2565 calcar
883 2526 1033 2563 habeat
1061 2523 1235 2563 ambitio
1263 2524 1408 2572 laudis,
1431 2524 1529 2574 quid
1556 2524 1690 2563 valeat
1718 2525 1915 2564 iuuentae

317 2582 438 2629 calor,
454 2582 695 2630 praesertim
715 2581 759 2619 in
779 2594 826 2618 00
843 2580 914 2629 qui
934 2593 1046 2618 1111110
1065 2579 1249 2629 primum
1262 2578 1397 2616 famae
1416 2578 1598 2616 stadium
1618 2579 1672 2616 sit
1687 2579 1910 2628 ingressus.

316 2636 384 2674 Ad
406 2636 503 2684 quid
525 2634 636 2673 enim
659 2648 742 2673 non
763 2634 901 2684 adigat
920 2634 1106 2671 nominis
1126 2633 1436 2678 immortalitas,
1457 2646 1552 2670 011111
1575 2646 1657 2671 11011
1678 2633 1914 2672 fabulosum

238 2708 297 2739 205
317 2691 371 2728 sit
403 2690 511 2740 quod
551 2689 599 2727 de
633 2689 848 2727 Erostrato
886 2687 1097 2738 proditum
1135 2686 1347 2736 legimus?
1402 2687 1535 2725 Adest
1573 2686 1791 2736 ingenium
1828 2700 1913 2725 non

364 2793 435 2823 181.
461 2791 574 2822 nollet
590 2793 854 2823 communicare
871 2804 889 2821 α
904 2803 911 2822 :
936 2792 1261 2823 communicaretur
1271 2793 1314 2822 II.
1420 2791 1491 2830 189.
1516 2793 1549 2821 N
1560 2793 1612 2820 LB
1627 2800 1636 2821 x
1660 2790 1880 2821 offensurum
1894 2800 1912 2819 α

317 2839 413 2867 Loml.

367 2966 438 3004 185.
465 2964 692 3004 intercipere]
721 2965 771 2996 Cf.
794 2966 856 3004 Ep.
875 2966 950 3004 998.
970 2976 1044 3006 1711.
1150 2965 1188 2996 of
1201 2966 1316 2996 Diana
1333 2967 1369 2996 at
1386 2965 1546 3005 Ephesus
1570 2965 1608 2995 in
1632 2963 1742 2996 order‘
1759 2965 1795 2995 to
1812 2962 1913 2994 make

364 3018 438 3048 205.
456 3008 652 3049 Erostrato]
666 3009 746 3039 who
758 3009 865 3040 burnt
880 3010 940 3040 the
956 3009 1086 3049 temple
1150 3010 1207 3040 his
1225 3018 1328 3040 name
1346 3008 1492 3040 famous.
