1990 3353
71 127 192 182 1006]
532 129 600 168 TO
639 128 817 167 JACOB
858 128 1200 168 HOCHSTRAT
1613 129 1664 165 47

67 250 90 275 a
127 238 245 276 Noua
282 237 418 287 aquila
456 237 650 274 dictitant
688 236 760 274 abs
799 238 840 274 te
878 236 1100 286 plusquam
1140 236 1277 274 odiose
1315 236 1582 286 perstrictum
1622 238 1666 275 in

67 292 321 341 praefatione
349 294 430 333 tua,
452 304 526 329 nec
554 291 636 328 alia
664 290 715 328 de
745 303 866 329 causa
896 304 960 328 me
989 303 1151 339 quoque
1181 289 1362 329 voluisse
1389 290 1594 340 attingere
1623 291 1666 329 in

67 346 220 385 libellis
255 359 357 396 quos
386 345 581 383 aduersus
611 344 805 383 Cabalam
830 345 1032 384 aedidisti.
1093 344 1235 394 Neque
1265 344 1380 382 enim
1408 358 1474 382 me
1501 358 1666 394 magno-

67 414 163 450 pere
198 401 390 439 subleuat
423 413 471 437 ea
504 399 693 446 ciuilitas,
727 413 807 448 qua
841 412 995 437 nomen
1028 399 1193 437 Erasmi
1227 399 1466 448 supprimis,
1499 413 1591 437 cum
1627 403 1668 437 et

68 455 204 505 operis
232 455 406 493 titulum
434 456 475 492 et
503 453 641 491 locum
671 453 931 502 expresseris,
957 454 1007 491 ad
1035 453 1210 491 verbum
1240 454 1419 491 recitans
1449 467 1552 503 quae
1580 453 1666 491 illic

67 509 315 559 scripserim.
393 508 473 546 Sed
511 507 616 546 illud
656 508 784 545 miror
818 507 861 545 in
900 507 1059 557 primis,
1101 521 1173 546 cur
1212 520 1288 545 nos
1324 507 1592 546 admiscueris
1631 507 1667 545 ei

70 564 240 613 negocio
260 563 368 612 quod
399 565 439 600 et
469 565 514 600 tu
535 563 599 600 vis
627 562 939 600 odiosissimum
960 562 1093 600 videri
1121 564 1162 600 et
1191 575 1214 600 a
1235 575 1315 611 quo
1344 575 1438 600 sum
1467 562 1668 600 alienissi-

68 631 174 657 mus.
233 618 404 656 Vtinam
436 616 542 654 mihi
570 618 658 654 tam
689 616 894 665 propitius
922 616 977 654 sit
1007 616 1199 655 Christus
1228 629 1354 666 quam
1388 630 1462 666 ego
1494 617 1669 656 Cabalae

69 685 163 710 sum
183 685 330 722 parum
359 671 587 721 propitius!
646 671 701 708 Et
731 671 781 708 ad
805 671 934 709 huius
960 671 1020 708 rei
1046 670 1305 708 mentionem
1333 684 1417 709 non
1444 671 1668 709 admodum

68 726 274 765 inuitabat
294 725 590 775 disputationis
610 738 765 770 cursus,
789 725 858 763 sed
880 725 1044 763 obtorto
1070 725 1176 763 collo
1197 724 1352 763 videris
1377 726 1591 763 affectasse
1624 738 1668 763 ac

69 795 142 819 ceu
158 794 344 830 pannum
361 780 467 818 male
482 779 773 817 cohaerentem
789 779 1092 818 intertexuisse.
1136 779 1296 817 Deinde
1313 792 1437 829 quam
1453 780 1669 818 exacerbas

69 835 218 882 omnia,
251 848 375 885 quam
406 834 602 872 seditiose
633 834 852 883 detorques
887 847 989 884 quae
1027 833 1301 883 scripsimus?
1359 834 1476 882 Quod
1511 847 1586 884 ego
1620 835 1670 871 de

71 903 138 928 me
166 892 329 939 meique
358 888 568 927 similibus
596 888 692 933 dixi,
726 888 769 926 id
803 890 848 926 tu
882 891 1079 938 perpetuo
1111 888 1397 937 interpretaris
1431 888 1589 926 dictum
1627 889 1669 925 in

71 943 324 989 Ecclesiam;
354 946 395 981 et
420 956 553 980 vnum
583 943 784 980 duntaxat
813 943 981 981 adducis
1010 943 1147 981 locum
1174 943 1244 992 qui
1273 942 1352 981 tibi
1372 943 1591 981 videbatur
1619 943 1669 981 ad

71 998 323 1036 calumniam
355 1011 441 1035 esse
478 1011 572 1035 cum
604 997 752 1046 primis
785 997 968 1043 idoneus,
1003 1011 1099 1035 cum
1136 1010 1210 1046 ego
1244 997 1530 1046 compluribus
1569 997 1669 1035 locis

69 1053 158 1091 eius
183 1052 244 1091 rei
263 1052 540 1090 meminerim.
612 1052 675 1089 Ex
702 1051 851 1090 horum
879 1052 1095 1090 collatione
1119 1051 1372 1100 deprehendi
1398 1054 1558 1102 poterat
1589 1066 1669 1101 quo

69 1107 212 1145 animo
238 1106 495 1155 scripsissem
518 1119 620 1155 quae
646 1106 925 1155 reprehendis,
986 1106 1092 1144 Nam
1122 1106 1223 1144 alibi
1252 1109 1380 1144 testor
1409 1120 1475 1144 me
1504 1107 1669 1145 misere-

70 1175 182 1199 scere
220 1161 480 1210 quorundam
519 1160 678 1198 infelici
723 1161 989 1199 matrimonio
1039 1161 1144 1198 male
1183 1160 1518 1206 cohaerentium;
1569 1175 1669 1210 quos

71 1219 212 1254 tamen
233 1216 268 1254 si
285 1215 465 1258 dirimas,
483 1228 576 1264 spes
597 1228 679 1252 non
701 1215 757 1253 sit
776 1215 859 1253 fore
874 1217 920 1254 vt
937 1229 978 1253 se
994 1215 1235 1254 contineant
1254 1228 1277 1253 a
1297 1217 1453 1264 stupro.
1507 1215 1669 1253 Horum

70 1270 195 1308 saluti
216 1269 405 1307 volebam
437 1270 573 1319 aliqua
602 1270 760 1307 ratione
789 1270 960 1317 consuli,
994 1270 1029 1307 si
1060 1270 1149 1307 fieri
1179 1272 1342 1318 posset;
1373 1283 1446 1307 nec
1478 1270 1517 1308 id
1550 1270 1670 1307 aliter

72 1327 169 1374 opto
202 1325 292 1363 fieri
326 1324 407 1362 nisi
445 1324 482 1362 si
515 1325 561 1361 in
595 1324 671 1361 hoc
710 1325 940 1362 consentiat
973 1324 1167 1362 Ecclesia.
1231 1323 1324 1362 Non
1362 1338 1436 1374 ego
1475 1325 1670 1374 cuiquam

70 1392 215 1429 praeeo
233 1394 241 1427 ;
271 1392 358 1416 rem
379 1391 546 1416 omnem
566 1378 616 1416 ad
638 1378 863 1416 Ecclesiam
885 1380 1026 1417 refero.

131 1435 212 1472 ‘At
243 1446 328 1471 non
359 1433 517 1482 potest'
551 1431 692 1481 inquis
732 1433 934 1471 ‘Ecclesia
968 1432 1079 1483 quod
1114 1434 1232 1482 optas
1246 1433 1265 1470 ³.
1342 1432 1546 1480 Primum,
1586 1446 1669 1471 non

71 1501 146 1538 ego
165 1488 317 1526 definio
338 1486 436 1537 quid
458 1486 588 1536 possit
608 1487 792 1525 Ecclesia
810 1502 818 1534 ;
848 1488 956 1537 quod
979 1488 1015 1526 si
1042 1487 1222 1525 maxime
1243 1489 1403 1525 constet
1432 1501 1516 1525 non
1537 1500 1666 1537 posse.

72 1545 212 1581 tamen
241 1555 265 1580 a
293 1555 360 1579 me
390 1541 497 1580 nihil
527 1540 639 1579 aliud
669 1542 787 1580 audis
816 1555 939 1591 quam
967 1544 1111 1580 votum
1140 1542 1365 1580 charitatis.
1427 1542 1523 1579 Non
1550 1542 1669 1580 faueo

73 1596 262 1643 diuortio,
285 1597 356 1635 sed
387 1596 553 1634 miseret
581 1596 871 1645 pereuntium;
902 1599 942 1634 et
972 1599 1088 1646 optat
1117 1609 1413 1645 saepenumero
1434 1596 1670 1635 Christiana

72 1651 251 1690 charitas
271 1664 373 1700 quae
395 1650 485 1688 fieri
505 1663 589 1688 non
609 1653 795 1701 possunt,
819 1653 861 1688 et
881 1664 1000 1701 saepe
1020 1651 1137 1701 pium
1158 1652 1222 1688 est
1241 1653 1381 1699 optare
1401 1663 1504 1700 quae
1530 1653 1670 1689 tamen

72 1719 155 1744 non
177 1705 308 1755 fossis
328 1705 495 1743 efficere.
557 1704 605 1743 Id
627 1718 702 1755 ego
721 1719 814 1743 cum
835 1706 976 1754 paucis
996 1705 1133 1743 verbis
1159 1705 1450 1743 admonuerim
1471 1706 1671 1744 duntaxat

73 1762 119 1799 vt
147 1762 376 1807 annotator,
402 1773 487 1797 non
516 1762 563 1797 vt
593 1759 873 1809 dogmatistes,
904 1762 950 1798 tu
980 1759 1158 1798 subinde
1187 1760 1394 1808 dogmatis
1422 1760 1670 1798 vocabulum

73 1815 265 1862 inculcas,
298 1827 381 1863 quo
411 1814 517 1852 mihi
547 1814 740 1852 concilies
768 1814 985 1853 inuidiam.
1046 1814 1100 1852 Et
1129 1814 1230 1853 adeo
1259 1816 1346 1853 toto
1380 1827 1547 1863 corpore
1582 1828 1672 1853 con-

74 1869 288 1916 tremiscis,
321 1869 674 1918 quemadmodum
707 1869 864 1915 scribis,
897 1869 947 1907 ad
986 1882 1129 1907 meum
1168 1882 1404 1907 sermonem
1438 1871 1485 1907 vt
1524 1882 1670 1918 parum

72 1923 253 1962 abfuerit
272 1923 374 1972 quin
400 1936 496 1972 prae
524 1923 696 1961 horrore
723 1923 968 1971 concideres,
992 1926 1033 1962 et
1052 1924 1442 1961 annotatiunculam
1463 1923 1671 1962 Ecclesiae

74 1978 226 2017 iudicio
247 1978 432 2016 relictam
454 1976 584 2016 totius
604 1977 810 2016 Ecclesiae
830 1991 952 2016 vocas
973 1977 1322 2028 suggillationem.

129 2032 383 2071 Huiusmodi
403 2032 520 2071 iactis
539 2032 832 2079 fundamentis,
852 2032 1036 2071 multum
1057 2032 1232 2070 diuersis
1250 2045 1273 2070 a
1295 2034 1434 2070 nostra
1451 2033 1667 2081 sententia,

74 2088 118 2126 in
137 2087 309 2136 longum
332 2087 542 2136 protrahis
570 2087 907 2137 disputationem,
933 2087 1039 2125 nihil
1066 2100 1150 2124 non
1180 2087 1389 2125 adducens
1415 2100 1495 2136 quo
1527 2087 1671 2126 doceas

74 2156 98 2181 a
131 2141 312 2179 diuortio
343 2154 426 2179 non
459 2154 547 2179 esse
580 2141 642 2179 fas
673 2141 905 2179 instaurare
938 2140 1281 2179 matrimonium:
1319 2142 1436 2190 quasi
1467 2154 1560 2178 vero
1596 2155 1671 2179 nos

122 2281 191 2310 155.
220 2271 258 2301 111
283 2272 504 2311 praefatione
524 2270 602 2311 tua]
620 2271 667 2301 To
684 2271 747 2301 the
764 2272 842 2302 first

75 2317 224 2353 Apoloqia
242 2315 282 2354 (Nl.
300 2315 385 2354 5011)
404 2326 412 2345 ;
436 2314 478 2346 cf.
498 2315 562 2354 Ep.
579 2315 654 2353 877.
672 2323 752 2346 2111.

122 2361 193 2398 156.
220 2369 275 2389 me
293 2358 450 2399 quoque]
468 2358 532 2390 Bk.
547 2358 585 2397 ii,
605 2359 659 2389 ch.
678 2368 709 2398 5,
729 2358 767 2389 of
780 2359 841 2389 the

76 2405 170 2434 Destr.
179 2405 288 2433 Gabale
300 2403 329 2433 is
341 2402 504 2442 headed,‘
517 2403 649 2433 Contra
660 2402 841 2442 quendam

903 2282 984 2310 que,
1025 2272 1087 2310 qui
1128 2271 1274 2302 fortasse
1318 2272 1493 2303 disiuncti
1536 2275 1674 2304 seruari

904 2314 1078 2355 possent'.
1126 2315 1170 2345 In
1199 2325 1281 2354 1522
1308 2316 1355 2356 (p.
1381 2316 1460 2355 381)
1486 2316 1531 2346 he
1555 2317 1672 2349 added

904 2361 940 2389 at
968 2359 1121 2389 another
1146 2360 1249 2399 point
1276 2360 1316 2390 in
1343 2359 1406 2390 the
1437 2369 1534 2391 same
1565 2363 1672 2392 note:

906 2405 913 2418 ‘
928 2403 1118 2433 Miserebat
1145 2413 1199 2433 1110
1224 2403 1370 2434 illorum
1396 2413 1483 2443 quos
1507 2404 1672 2436 videbam

76 2447 256 2477 doctorem
295 2446 454 2477 ostendit
496 2446 841 2485 inseparabilitatem

76 2490 299 2521 matrimonii
331 2500 402 2521 non
434 2500 508 2521 esse
539 2500 582 2520 ex
610 2490 842 2521 institutione

78 2532 279 2571 Ecclesie'3
309 2533 379 2564 and
406 2543 489 2564 over
515 2534 577 2564 the
606 2543 692 2573 page
718 2534 776 2572 (s0.
795 2533 843 2564 (ld

77 2578 132 2618 νο)
157 2577 294 2608 follows
318 2588 338 2608 a
362 2587 505 2617 passage
533 2578 571 2607 of
594 2587 690 2608 some
719 2578 841 2617 length

77 2621 208 2661 quoted
226 2620 318 2652 from
337 2621 513 2652 Erasmus'
526 2621 662 2652 Annot.
681 2631 725 2651 on
740 2621 842 2653 Matt.

80 2674 128 2704 19.
154 2665 176 2695 8
201 2664 312 2704 (1516,
340 2665 375 2702 ii,
403 2675 436 2704 p.
454 2665 537 2703 276:
562 2664 781 2696 withdrawn
805 2665 843 2695 111

82 2709 191 2748 1519).
241 2708 292 2739 On
311 2708 352 2739 f0.
371 2708 433 2748 qq⁴
450 2711 488 2739 νο
507 2708 676 2740 Erasmus
699 2709 728 2739 is
748 2718 845 2739 men-

79 2752 201 2783 tioned
218 2753 264 2790 by
282 2762 399 2783 name.

125 2797 195 2827 162.
224 2795 388 2837 cabalae]
407 2795 458 2827 Cf.
476 2796 563 2836 Epp.
582 2797 657 2835 967.
677 2805 727 2835 71,
750 2805 842 2835 1033.

130 2892 199 2921 171.
227 2882 331 2924 alibi]
358 2883 404 2914 In
421 2892 467 2914 an
488 2885 600 2914 Annot.
621 2893 664 2914 on
686 2893 697 2913 1
719 2883 796 2914 Cor.
817 2893 845 2922 7.

81 2936 124 2965 39
144 2926 275 2965 (adchd
300 2927 338 2957 in
360 2936 453 2966 1519,
472 2936 504 2966 p.
522 2927 626 2965 325):
653 2927 846 2957 ‘Videmus

80 2972 199 3001 autem
217 2972 269 3001 tot
285 2969 475 3001 hominum
493 2970 594 3001 milia
610 2970 747 3001 infelici
765 2980 846 3001 con-

81 3013 176 3053 iugio
193 3014 261 3045 sibi
278 3014 475 3053 cohaerere,
493 3023 573 3046 cum
590 3014 700 3045 exitio
716 3015 846 3045 vtrius·

905 2446 1113 2477 huiusmodi
1155 2446 1313 2477 vinculis
1361 2448 1672 2479 inextricabilibus

905 2489 1123 2530 implicatos:
1160 2500 1247 2528 quos
1274 2491 1428 2522 sciebam
1460 2501 1533 2522 esse
1564 2492 1673 2532 pluri-

905 2544 993 2572 mos,
1011 2534 1220 2573 praesertim
1240 2534 1333 2574 apud
1352 2535 1557 2575 Britannos,
1577 2536 1671 2575 apud

905 2587 992 2617 quos
1009 2578 1075 2608 hoc
1091 2587 1178 2617 opus
1196 2578 1355 2617 primum
1372 2579 1614 2610 deformabam
1627 2580 1645 2610 '.

953 2631 1023 2660 173.
1051 2621 1217 2662 dirimas]
1241 2632 1280 2653 sc.
1298 2623 1377 2652 sine
1393 2622 1560 2655 diuortio.

954 2666 1024 2728 1283.
1052 2664 1242 2705 dogmatis]
1283 2668 1454 2697 Destructz‘o
1482 2668 1601 2705 Gabale,
1630 2666 1668 2696 f0.

907 2708 954 2739 dd
973 2733 980 2739 .

955 2752 1024 2791 184.
1052 2753 1313 2794 contremiscis]
1345 2753 1419 2784 The
1444 2756 1529 2784 next
1555 2753 1672 2783 words

910 2797 1052 2836 suggest
1078 2796 1157 2827 that
1177 2797 1252 2827 this
1274 2798 1459 2836 quotation
1486 2798 1517 2828 is
1540 2797 1671 2834 verbal,

910 2840 974 2870 but
991 2840 1018 2870 it
1036 2840 1066 2870 is
1083 2841 1169 2879 only
1186 2850 1222 2870 so
1243 2843 1279 2871 at
1305 2841 1366 2871 the
1391 2841 1461 2871 end
1479 2852 1487 2872 ε
1510 2844 1517 2857 ⁴
1535 2841 1671 2871 dictum

911 2883 1008 2914 istud
1023 2907 1031 2914 .
1053 2907 1060 2914 .
1079 2908 1087 2916 .
1105 2886 1205 2914 artus
1241 2894 1337 2915 meos
1376 2886 1473 2915 metu
1505 2884 1669 2924 perculit,

911 2927 1011 2957 velut
1048 2927 1158 2958 totius
1198 2927 1356 2958 Beck-sie
1387 2928 1498 2958 ferme
1537 2938 1598 2967 pre
1638 2938 1672 2955 s«-

911 2970 1030 3001 ferens
1065 2971 1352 3011 suggillationem
1368 2971 1385 3011 ',
1422 2974 1519 3003 Dcstr.
1551 2973 1670 3007 Gabale,

910 3013 949 3046 f0.
969 3013 1041 3046 dd2.
1059 3016 1125 3055 5,6.

1690 251 1747 282 155

1694 514 1751 544 160

1692 785 1749 825 165

1694 1067 1752 1097 ¹10

1699 2154 1756 2185 ¹9³
