1990 3353
93 140 106 164 1
118 141 136 165 2
145 126 214 180 38]
536 129 606 168 ΤΟ
645 129 935 169 NICHOLAS
973 129 1244 170 EVERARD
1610 134 1689 172 593

88 238 254 285 summi,
282 238 341 276 ita
363 238 544 283 iuuenes,
570 239 784 288 magisque
812 238 942 276 animi
970 240 1261 289 magnitudine
1282 242 1437 280 feroces
1461 255 1584 292 quam
1609 257 1686 281 vsu

87 305 227 330 rerum
247 292 398 339 callidi,
422 293 584 331 deuotis
604 293 757 331 animis
777 293 882 330 alter
902 293 947 330 in
967 293 1140 332 alterius
1160 295 1385 344 perniciem
1405 297 1684 344 imminentes,

87 346 228 384 orbem
250 359 388 384 secum
409 347 454 384 in
476 347 558 384 fata
584 347 785 392 trahunt;
815 350 939 395 atque
968 348 1149 395 interim,
1175 362 1196 386 o
1224 349 1359 387 Deum
1390 350 1684 391 immortalem.
1707 356 1748 397 65

85 400 159 438 vbi
197 401 376 438 Romani
409 400 629 439 Pontificis
666 401 899 438 autoritas?
956 400 1026 447 Ea,
1070 415 1199 451 quum
1238 407 1430 453 quaestus
1469 406 1687 455 negocium

87 455 412 499 commendatur,
441 457 574 504 potest
604 458 642 492 et
671 455 830 504 angelis
856 457 896 492 et
923 455 1196 494 daemonibus
1220 457 1450 507 imperare;
1480 459 1548 497 hic
1578 460 1687 498 nihil

85 511 223 558 potest
243 509 351 558 apud
372 508 479 547 filios
499 522 598 547 suos
617 522 640 546 a
659 511 745 547 tam
766 508 996 558 pernicioso
1012 509 1121 547 bello
1142 513 1420 551 coercendos?
1479 514 1558 551 Vbi
1575 527 1686 552 nunc

85 563 156 601 isti
176 563 360 600 nimium
379 563 541 601 vocales
561 563 852 601 ecclesiastae?
909 562 991 601 Hic
1011 566 1084 602 aut
1102 563 1289 614 linguam
1316 580 1399 605 non
1427 567 1593 614 habent,
1617 571 1688 606 aut

86 617 240 655 habent
278 617 557 655 adulati-icem.
630 616 834 655 Fortassis
872 616 973 654 olim
1013 617 1125 656 dicet
1163 618 1332 658 Carolus
1370 625 1519 669 noster,
1567 622 1684 660 ‘Non
1709 631 1749 663 70

86 674 274 720 putaram
305 671 463 709 bellum
493 684 580 709 rem
611 684 698 709 esse
727 672 814 709 tam
838 670 1076 720 pestiferam
1093 672 1113 710 ⁹.
1174 673 1251 711 Sed
1277 675 1354 712 hoc
1375 675 1532 713 dictum
1557 676 1688 714 nimio

86 726 206 764 nobis
239 725 454 763 constabit.
516 725 732 763 Caeterum
765 738 841 763 nos
870 724 936 762 his
967 725 1010 762 in
1040 726 1163 764 rebus
1191 728 1299 765 nihil
1327 728 1439 767 aliud
1469 743 1690 778 possumus

86 793 209 829 quam
237 793 260 818 a
286 779 446 828 superis
474 782 613 829 optare
643 779 825 817 meliora.
887 779 932 817 Si
962 784 1105 818 nostra
1134 782 1228 820 aula
1256 783 1398 820 decem
1427 784 1595 821 haberet
1625 785 1688 822 tui

87 834 256 881 similes,
283 834 433 872 melius
454 847 548 871 cum
570 833 691 872 rebus
711 833 908 871 humanis
928 837 1128 883 ageretur.

133 889 220 926 'Sed
253 891 299 927 vt
329 889 377 926 ad
413 889 648 926 studiorum
680 901 845 926 causam
879 888 1054 935 redeam,
1097 893 1365 940 posteaquam
1399 891 1748 936 Luthe1·anun175

87 943 303 992 negocium
337 943 571 980 confectum
611 945 672 980 est
711 943 834 992 (quod
873 942 1035 980 vtinam
1076 946 1185 982 recte
1224 945 1455 984 confectum
1496 947 1603 995 sibl).
1641 960 1688 984 eo

86 998 261 1035 redeunt
276 997 383 1034 vnde
404 999 629 1046 coeperant.
690 996 837 1034 Palam
852 997 896 1034 in
909 998 1175 1036 concionibus
1188 1002 1227 1036 et
1244 999 1494 1038 lectionibus
1510 1001 1689 1050 publicis

85 1052 287 1089 damnant-
308 1051 472 1100 linguas
492 1064 536 1089 ac
557 1051 767 1101 politiores
786 1051 937 1096 1110135,
959 1051 1001 1089 111
1021 1052 1243 1090 Erasmum
1256 1055 1508 1092 nominatim
1526 1056 1689 1104 magnis

85 1105 284 1144 conuiciis
304 1105 610 1143 debacchantur
629 1106 811 1155 quidam.
830 1112 833 1117 “
876 1105 958 1142 Nec
981 1107 1102 1144 video
1124 1108 1304 1156 profecto
1326 1109 1426 1157 quid
1448 1109 1526 1147 sibi
1546 1123 1687 1159 propo-

85 1160 254 1198 suerint.
315 1159 480 1198 Etenim
502 1160 537 1197 si
556 1160 633 1197 1100
654 1163 794 1210 agunt,
812 1162 858 1197 vt
879 1161 1058 1208 populus
1078 1162 1288 1211 intelligat
1304 1163 1348 1200 in
1362 1162 1454 1200 istis
1470 1164 1687 1202 ordinibus
1708 1167 1748 1197 80

84 1227 172 1252 esse
198 1214 389 1252 homines
419 1214 682 1263 impudenter
706 1214 938 1259 maledicos,
969 1215 1046 1253 1100
1074 1216 1156 1253 13111
1182 1217 1416 1265 persuasius
1446 1220 1508 1255 est
1532 1219 1686 1267 populo

84 1282 209 1318 quam
231 1278 277 1306 vt
302 1268 404 1318 ipsis
428 1268 630 1318 expediat.
691 1269 765 1306 Sin
794 1268 897 1306 illud
925 1272 1066 1318 agunt,
1092 1273 1139 1308 vt
1165 1270 1336 1309 iuuenes
1362 1285 1384 1309 a
1410 1271 1530 1310 bonis
1557 1273 1688 1311 literis

84 1323 242 1361 alienos
261 1323 312 1361 ad
333 1336 429 1361 suae
448 1323 680 1372 theologiae
701 1323 884 1361 studium
901 1322 1109 1366 allectent,
1133 1337 1217 1362 non
1246 1328 1437 1374 poterant
1461 1340 1529 1364 eos
1555 1327 1686 1375 inagis

83 1378 291 1416 deterrere
319 1390 443 1426 quam
474 1377 715 1415 huiusmodi
746 1377 942 1416 moribus,
1004 1378 1197 1417 Luteciae
1229 1380 1593 1430 Cantabrigiaeque
1626 1382 1684 1419 sic

84 1432 205 1469 floret
227 1432 458 1480 theologiae
483 1432 667 1470 studium
688 1434 734 1469 vt
765 1443 978 1480 nunquam
1008 1432 1108 1471 alias
1131 1447 1269 1482 aeque.
1332 1434 1437 1482 Quid
1466 1436 1508 1472 in
1537 1437 1687 1474 causa'?
1707 1440 1745 1478 85

86 1485 296 1524 Nimirum
318 1486 426 1535 quod
458 1499 544 1524 sese
573 1487 888 1524 accommodant
919 1487 1056 1525 seculo
1082 1487 1162 1525 alio
1192 1501 1234 1526 se
1258 1488 1449 1527 flectenti.
1477 1490 1583 1538 quod
1612 1490 1686 1528 has

89 1540 277 1578 meliores
305 1540 447 1578 literas
460 1540 528 1577 vel
545 1541 586 1578 vi
603 1541 830 1590 irrumpere
851 1544 1046 1580 conantes
1064 1555 1146 1579 non
1164 1543 1369 1591 repellunt
1383 1546 1427 1581 vt
1444 1543 1594 1584 hostes,
1615 1544 1684 1581 sed

84 1597 128 1632 vt
140 1595 326 1644 hospites
341 1596 511 1632 comiter
523 1595 841 1644 amplectuntur.
903 1596 1018 1644 Quod
1035 1595 1213 1633 Louanii
1228 1597 1381 1646 frigent
1397 1598 1684 1647 theologorum

85 1649 404 1687 scholae—nam
431 1650 509 1687 hoc
536 1652 768 1698 queruntur
792 1650 1029 1699 quidam—,
1052 1650 1158 1688 mihi
1179 1664 1264 1689 non
1285 1652 1443 1701 possint
1465 1653 1682 1701 imputare,

85 1705 156 1753 qui
204 1704 418 1742 neminem
470 1717 654 1753 vnquam
705 1703 831 1742 verbo
884 1705 964 1743 sim
1017 1705 1284 1744 dehortatus:
1342 1707 1408 1743 sed
1459 1719 1683 1755 paucorum
1705 1719 1746 1749 90

84 1757 245 1796 rabiosa
273 1758 426 1807 pariter
454 1760 578 1807 atque
616 1758 783 1796 indocta
812 1759 1103 1797 maledicentia
1140 1760 1289 1808 probos
1322 1761 1484 1798 animos
1522 1761 1682 1799 alienat.

83 1811 215 1850 Porro
247 1813 355 1862 quod
394 1825 417 1850 a
454 1812 594 1861 paucis
631 1813 690 1859 fit,
729 1814 924 1851 omnibus
962 1813 1140 1863 imputat
1178 1815 1339 1864 vulgus,
1381 1828 1510 1864 quum
1551 1816 1687 1853 videat

84 1867 184 1904 haec
220 1866 344 1905 toties
379 1868 465 1904 tam
499 1867 670 1916 impune
709 1867 824 1914 fieri;
865 1881 994 1918 quum
1038 1870 1174 1906 tantas
1205 1869 1423 1906 excitarint
1456 1870 1686 1919 tragoedias

84 1921 135 1959 ob
156 1933 283 1958 vnam
307 1921 501 1959 voculam
525 1934 548 1959 a
575 1921 752 1960 Graecae
781 1922 946 1971 linguae
969 1922 1200 1971 professore
1227 1923 1392 1962 dictam.
1421 1937 1523 1973 quae
1543 1928 1685 1962 tamen

82 1975 133 2013 ad
155 1975 312 2013 nullius
333 1975 629 2013 contumeliam
650 1976 892 2025 pertinebat.
1705 1990 1744 2021 95

137 2029 414 2068 Vehementer
446 2029 574 2079 probo
614 2030 721 2079 quod
762 2030 977 2069 maledicis
1007 2030 1164 2068 libellis
1202 2032 1467 2080 opposuerint
1506 2033 1686 2071 Caesaris

82 2083 264 2122 edictum
280 2099 288 2122 z
307 2084 472 2122 etiamsi
483 2084 626 2122 nullus
641 2085 818 2123 istorum
831 2085 1018 2135 queritur
1030 2085 1079 2123 de
1091 2085 1241 2123 libellis
1254 2086 1347 2135 plus
1365 2100 1489 2135 quam
1502 2088 1683 2131 famosis,

84 2151 197 2187 quos,
220 2140 267 2177 vt
295 2137 432 2183 audio,
452 2138 627 2177 subinde
657 2151 788 2177 nouos
817 2139 1009 2179 Coloniae
1038 2139 1193 2188 profert
1221 2139 1520 2189 Peffercornus,
1553 2154 1686 2191 neque

83 2193 190 2230 clam
230 2194 292 2230 est
330 2205 509 2241 quorum
545 2192 731 2242 impulsu
769 2194 811 2232 id
849 2194 981 2232 faciat.
1041 2194 1102 2231 At
1140 2194 1351 2243 oportebat
1387 2195 1529 2233 eadem
1564 2208 1687 2245 opera

84 2246 238 2296 linguis
270 2246 521 2294 huiusmodi,
559 2247 891 2286 sceleratioribus
924 2247 1050 2286 etiam
1087 2261 1211 2297 quam
1244 2249 1329 2287 sint
1359 2249 1491 2288 libelli
1522 2250 1681 2292 famosi,
1710 2259 1768 2281 100

83 2301 267 2340 Caesaris
295 2301 480 2340 edictum
515 2301 682 2351 aliquod
715 2315 931 2352 opponere.
992 2301 1163 2352 Alioqui
1197 2303 1400 2352 praeclare
1438 2317 1530 2342 cum
1567 2304 1688 2342 bonis

83 2355 183 2393 viris
203 2358 358 2404 agetur,
378 2355 414 2394 si
429 2355 586 2394 talibus
597 2356 762 2403 scurris,
780 2356 930 2406 quibus
946 2360 1106 2405 praeter
1122 2357 1427 2406 impudentiam
1446 2360 1487 2396 et
1499 2358 1685 2407 linguam

84 2409 328 2448 maledicam
348 2409 457 2448 nihil
477 2413 551 2455 est,
572 2411 745 2460 impune
765 2411 842 2449 erit
861 2411 1087 2461 publicitus
1102 2411 1307 2450 incessere
1324 2413 1477 2451 famam
1494 2413 1683 2459 alienam,

83 2467 124 2501 et
154 2463 247 2502 aliis
269 2463 330 2502 fas
360 2477 443 2502 non
473 2465 552 2502 erit
577 2463 696 2503 libris
721 2466 879 2513 aeditis,
904 2479 985 2515 qua
1011 2464 1118 2510 licet,
1142 2478 1239 2504 suae
1260 2466 1394 2505 famae
1423 2467 1682 2516 patrocinari.

87 2518 367 2568 Indignantur
400 2518 435 2556 si
469 2519 563 2568 quis
593 2519 637 2557 in
672 2519 845 2569 epistola
879 2521 1072 2569 queratur
1103 2520 1211 2569 apud
1245 2520 1427 2559 amicum
1463 2522 1568 2571 quod
1608 2521 1687 2570 ipsi
1712 2531 1769 2561 105

83 2571 245 2622 publice
268 2572 485 2622 designant
513 2573 620 2622 apud
647 2573 861 2623 populum.
919 2574 1122 2624 Equidem
1147 2575 1311 2624 cupiam
1338 2575 1396 2614 sic
1421 2576 1526 2613 tueri
1547 2589 1614 2614 me
1643 2579 1689 2615 vt

129 2792 179 2819 70.
207 2781 285 2811 Non
303 2780 484 2822 putaram]
510 2780 560 2812 Cf.
582 2780 643 2820 Ep.
661 2781 754 2811 1161.
773 2790 848 2819 14n.
965 2792 1018 2821 97.
1045 2781 1220 2821 edictum]
1247 2782 1298 2813 Cf.
1318 2782 1382 2822 Ep.
1403 2793 1493 2824 1192.
1514 2786 1593 2816 6611.

128 2827 179 2863 84.
207 2824 543 2865 Cantabrigiaeque]
577 2823 627 2855 Cf.
661 2824 723 2864 Ep.
757 2834 850 2855 1111.
965 2826 1017 2864 98.
1043 2824 1304 2866 Peffercornus]
1331 2827 1395 2857 See
1420 2827 1481 2868 Ep.
1509 2830 1583 2867 487.
1608 2839 1686 2859 2011.

83 2870 160 2899 2811.
924 2868 992 2899 His
1011 2871 1101 2898 most
1119 2871 1240 2899 recent
1256 2870 1353 2900 work
1372 2880 1443 2901 was
1467 2874 1531 2902 Είνι
1554 2875 1691 2909 milleyd-

127 2913 178 2943 88.
205 2910 353 2952 frigent]
379 2911 432 2942 Cf.
449 2911 511 2951 Ep.
536 2911 628 2942 1166.
652 2912 722 2942 106.
924 2915 997 2942 liche
1010 2913 1690 2957 Claeq...9eyen...11·euchlm‚(c‹>logn‹·>‚

127 2967 178 2995 94.
204 2953 418 2996 professore]
454 2954 650 2994 Evidently
686 2954 854 2992 Rescins3
924 2966 961 2986 21
983 2955 1105 2986 March
1129 2965 1207 2994 1521
1225 2967 1232 2994 ς
1250 2966 1306 2987 see
1323 2957 1409 2988 Eov.
1428 2959 1464 2997 ii,
1484 2969 1541 2998 pp.
1566 2969 1689 2998 114,r5.

84 3000 126 3030 cf.
147 3001 205 3039 Ep.
233 3007 326 3036 1240.
344 2998 418 3038 8-9.
968 3009 1019 3038 99.
1046 2999 1213 3040 quorum]
1239 3000 1312 3030 'l'he
1331 3001 1575 3032 Domina-am.

148 3065 223 3087 ⁴52·4
860 3073 883 3105 Q
904 3073 928 3109 q
