1990 3353
308 157 389 195 254
779 155 1031 195 LETTERS
1071 155 1140 194 OF
1177 154 1442 194 ERASMUS
1782 153 1909 208 [1520

262 309 265 311 .
304 269 460 320 aliquid
494 269 719 308 innouetur
747 282 797 307 ex
825 282 905 317 me,
937 269 1158 319 possimus,
1189 269 1274 307 imo
1309 268 1441 318 possis
1467 268 1606 318 potius
1636 269 1724 318 ipse
1753 269 1906 316 tecum,

305 325 485 362 statuere
505 323 605 374 quid
625 336 648 362 a
667 336 735 361 me
754 323 860 362 velis
878 322 981 362 fieri.

361 378 638 426 Quamobrem
665 379 755 416 tute
780 390 903 424 nunc,
925 377 986 415 mi
1011 377 1193 424 Erasme,
1219 376 1347 415 etiam
1375 378 1496 426 atque
1524 376 1651 415 etiam
1681 375 1834 427 dispice
1863 376 1908 414 in

225 448 285 478 125
306 431 395 471 eius
428 432 553 470 amici
586 445 708 470 causa
740 431 839 482 quid
877 433 1045 480 statuas,
1081 431 1152 483 qui
1190 430 1386 481 quiequid
1425 433 1586 469 statues
1624 430 1909 480 obtemperare

306 486 535 525 constituit.
594 486 701 524 Nam
735 486 844 536 quod
879 486 1036 534 suades,
1067 489 1114 524 vt
1143 485 1340 535 quicquid
1369 484 1414 522 in
1445 485 1637 523 Brixium
1667 485 1909 534 scripseram

305 541 529 585 omittatur,
553 554 681 590 quum
701 540 1014 590 Epigrammata
1033 553 1126 578 mea
1150 541 1287 578 denuo
1307 539 1518 589 continget
1539 538 1697 586 excudi,
1720 541 1844 589 atque
1863 541 1909 577 vt

306 595 555 633 Antimorus
574 594 708 632 Brixii
724 594 909 634 vicissim
930 607 1015 632 non
1035 595 1284 644 propagetur
1302 593 1509 643 amplius:
1540 606 1625 642 ego,
1645 592 1704 631 mi
1723 592 1906 640 Erasme,

307 649 414 699 quod
437 649 487 687 ad
509 649 702 687 Brixium
727 649 919 698 pertinet,
944 648 1090 687 multis
1118 648 1223 686 mihi
1248 648 1394 686 videor
1422 647 1671 686 coniecturis
1700 646 1904 697 colligere,

228 721 289 752 130
307 703 439 752 magis
459 704 652 741 tenerum
672 703 761 741 eius
781 703 826 741 in
846 716 944 742 suos
963 716 1109 741 versus
1128 703 1317 741 animum
1339 715 1463 751 quam
1484 704 1531 740 vt
1556 701 1702 739 abduci
1727 701 1910 751 patiatur

305 757 358 796 ab
377 771 426 796 eo
445 757 583 796 studio
603 770 657 806 se,
673 771 755 807 quo
775 757 1042 796 charissimae
1061 757 1245 795 foeturae
1262 769 1369 803 suae,
1388 756 1520 806 quoad
1537 756 1625 793 eius
1648 755 1739 793 fieri
1758 757 1905 805 potest,

306 813 497 861 procuret
518 811 821 850 aeternitatem.
877 811 969 850 Mea
986 825 1087 850 vero
1107 809 1420 860 Epigrammata
1440 823 1656 859 nunquam
1682 809 1908 848 admodum

305 866 446 904 animo
473 865 720 915 placuerunt
748 878 851 913 meo,
882 865 925 903 id
955 865 1064 915 quod
1093 867 1133 903 et
1162 865 1250 914 ipse
1280 864 1393 911 mihi,
1418 864 1599 911 Erasme,
1624 864 1810 902 conscius
1839 877 1908 902 es:

306 917 372 958 cui
405 922 447 958 et
480 920 730 969 quibusdam
763 920 857 959 aliis
890 920 973 958 nisi
1006 919 1111 958 liber
1142 919 1214 957 ille
1243 918 1449 957 arrisisset
1477 918 1661 968 amplius
1690 931 1814 968 quam
1842 918 1907 956 ad-

226 988 285 1020 135
306 973 520 1013 blanditus
550 977 613 1013 est
639 974 758 1019 mihi,
780 987 986 1024 nusquam
1014 973 1201 1012 fortassis
1228 974 1387 1011 extaret
1412 972 1545 1011 hodie.
1607 972 1729 1010 Nunc
1748 972 1844 1011 vide
1862 975 1908 1010 vt

306 1042 446 1066 rerum
476 1029 587 1067 vices
616 1029 808 1068 inuersae
838 1031 946 1068 sunt.
1006 1028 1051 1067 Si
1081 1028 1319 1066 conditione
1351 1033 1520 1065 cautum
1551 1028 1659 1065 esset
1692 1027 1803 1064 inter
1831 1039 1909 1066 nos

305 1085 351 1120 vt
375 1096 425 1120 ex
449 1082 760 1132 epigrammatis
785 1083 890 1122 meis
918 1082 995 1121 tibi
1023 1082 1168 1121 liceret
1198 1094 1468 1132 quaecunque
1496 1081 1625 1120 velles
1652 1080 1906 1131 transfigere.

306 1137 429 1175 modo
453 1151 504 1175 ne
527 1137 593 1175 ius
619 1138 664 1174 in
690 1151 818 1186 pauca
844 1137 1063 1187 quaepiam
1088 1137 1143 1175 sit
1170 1149 1271 1186 quae
1297 1135 1405 1174 mihi
1430 1135 1579 1173 liberet
1605 1135 1802 1184 excipere,
1824 1134 1908 1173 iam

307 1204 409 1241 quos
442 1191 487 1229 in
513 1204 658 1229 versus
691 1191 801 1230 solos
832 1193 880 1230 tu
909 1204 960 1229 ex
988 1193 1108 1241 pacto
1137 1191 1293 1229 ferrum
1324 1190 1562 1240 stringereS,
1594 1203 1664 1228 eos
1693 1202 1767 1239 ego
1798 1189 1908 1228 solos

226 1260 287 1292 140
306 1245 546 1295 exceptione
566 1245 839 1284 defenderem.
899 1246 1017 1284 Adeo
1042 1245 1149 1283 mihi
1175 1247 1397 1294 coeperunt
1422 1243 1668 1292 adblandiri,
1688 1245 1907 1293 postquam

305 1313 373 1338 eos
401 1299 523 1338 video
553 1299 701 1338 multis
729 1299 1010 1338 commendari
1037 1299 1249 1338 virulenta
1281 1301 1405 1348 atque
1439 1299 1579 1347 inepta
1607 1297 1909 1336 versificatione

305 1354 448 1392 Brixii.
508 1353 593 1392 Nec
613 1356 755 1393 tamen
774 1354 886 1392 istud
907 1354 997 1392 dico
1019 1367 1098 1404 quo
1125 1354 1267 1392 minus
1291 1353 1369 1391 tibi
1393 1352 1558 1403 quiduis
1583 1351 1705 1391 liceat
1731 1351 1776 1389 in
1803 1364 1907 1400 mea,

307 1409 372 1447 cui
392 1408 559 1458 quiduis
579 1409 703 1446 etiam
724 1409 821 1447 licet
840 1408 886 1446 in
907 1421 985 1447 me.

360 1463 452 1501 Iam
473 1463 582 1513 quod
601 1464 661 1501 ais
681 1476 776 1501 eum
798 1476 885 1501 esse
905 1462 1107 1511 Brixium,
1133 1475 1255 1512 quem
1276 1461 1312 1500 si
1331 1474 1571 1511 pernossem
1590 1459 1792 1509 intimius,
1811 1474 1908 1498 eum

225 1534 283 1565 145
307 1517 503 1555 sentirem
542 1517 670 1555 talem
708 1530 789 1567 quo
827 1530 953 1555 nemo
990 1517 1046 1556 sit
1078 1530 1217 1556 amore
1250 1529 1343 1554 meo
1377 1516 1567 1565 dignior:
1611 1515 1813 1564 equidem,
1849 1515 1909 1553 mi

306 1571 491 1615 Erasme,
522 1584 607 1609 non
640 1585 714 1621 ego
748 1584 815 1609 me
843 1584 917 1621 pro
946 1573 1065 1610 tanto
1093 1571 1182 1609 viro
1210 1583 1306 1619 gero
1334 1572 1380 1609 vt
1408 1571 1495 1608 tam
1525 1569 1642 1607 tenui
1672 1582 1908 1619 quenquam

308 1626 544 1664 conditione
572 1625 748 1672 videam,
777 1639 900 1675 quem
930 1625 1152 1675 indignum
1181 1638 1369 1663 censeam
1398 1637 1538 1662 amore
1565 1637 1670 1669 meo,
1702 1623 1825 1662 modo
1855 1636 1907 1661 ne

307 1680 363 1718 sit
384 1680 597 1728 improbus
616 1680 688 1729 qui
708 1693 794 1718 non
813 1679 943 1718 amari
963 1679 1108 1718 debeat
1127 1693 1150 1718 a
1171 1691 1377 1729 quoquam
1395 1692 1403 1726 ;
1431 1688 1559 1728 eoque
1575 1678 1772 1716 Brixium
1787 1677 1907 1716 facile

306 1734 511 1772 assentior
531 1747 614 1772 non
634 1734 857 1783 indignum
876 1747 965 1772 esse
985 1734 1055 1784 qui
1073 1733 1279 1772 maiorum
1299 1733 1354 1771 sit
1377 1746 1517 1771 amore
1538 1733 1726 1770 virorum
1753 1731 1909 1781 dignus

228 1807 288 1839 150
307 1802 430 1838 quarn
458 1788 543 1838 ipse
573 1801 679 1827 sum.
741 1788 850 1826 Nam
878 1788 1049 1826 omnino
1073 1787 1239 1826 videtur
1264 1786 1478 1836 aliquanto
1507 1786 1602 1836 plus
1631 1786 1791 1834 habere,
1822 1799 1908 1824 non

306 1842 396 1881 dico
412 1842 638 1892 superbiae,
656 1843 725 1881 sed
741 1842 865 1892 plane
879 1843 1065 1893 generosi
1080 1843 1294 1880 cuiusdam
1310 1842 1480 1890 spiritus
1500 1843 1541 1878 et
1560 1840 1904 1889 magnificentiae,

308 1910 432 1946 quam
464 1899 510 1936 vt
545 1898 593 1935 ad
628 1896 823 1947 pusillam
858 1897 966 1936 hanc
997 1899 1121 1947 atque
1154 1896 1361 1935 humilem
1393 1894 1577 1933 indolem
1610 1908 1747 1933 meam
1778 1895 1906 1944 possit

308 1965 598 2001 vsquequaque
618 1964 854 2001 congruere,
878 1951 957 1990 nisi
979 1951 1023 1989 in
1043 1951 1227 1990 amicitia
1246 1953 1334 1989 tam
1354 1950 1462 1988 male
1483 1948 1666 1999 copulari
1685 1948 1839 1987 vellem

508 2021 642 2070 Quam
673 2022 783 2060 male
810 2021 1049 2072 inaequales
1077 2021 1255 2061 veniunt
1284 2021 1334 2059 ad
1363 2023 1498 2059 aratra
1527 2019 1704 2058 iuuenci.

228 2102 287 2134 155
308 2092 393 2130 Nec
419 2095 563 2131 tamen
587 2106 689 2141 eam,
712 2094 772 2131 mi
801 2094 984 2141 Erasme,
1006 2095 1047 2131 te
1077 2091 1317 2130 consulente
1345 2103 1542 2138 recusem,
1566 2090 1639 2140 qui
1668 2103 1735 2128 me
1760 2090 1827 2128 vel
1855 2090 1906 2128 ad

307 2147 541 2196 parendum
560 2147 932 2196 praestantioribus
951 2146 1069 2185 facile
1090 2159 1256 2196 possum
1274 2158 1530 2195 componere.
1589 2145 1708 2183 Certe
1728 2144 1835 2194 quod
1854 2144 1906 2183 ad

308 2199 586 2240 eruditionem
608 2202 695 2240 eius
724 2202 886 2249 attinet,
909 2201 1143 2240 studiosum
1174 2213 1261 2238 esse
1290 2200 1419 2247 credo,
1443 2201 1485 2238 et
1514 2212 1598 2236 non
1627 2199 1798 2236 omnino
1824 2200 1906 2237 stu-

309 2255 466 2304 pidum,
484 2257 577 2293 tum
594 2269 720 2306 quem
735 2255 958 2306 aliquando
973 2255 1101 2293 alium
1118 2254 1260 2293 reddet
1275 2266 1385 2292 Vsus.
1427 2253 1643 2292 Caeterum
1660 2253 1705 2290 in
1721 2252 1788 2291 his
1804 2265 1907 2302 quae

307 2309 463 2348 aedidit
483 2309 694 2357 hactenus,
718 2312 764 2348 vt
783 2323 879 2348 vere
900 2310 1045 2357 dicam,
1070 2309 1111 2347 id
1133 2308 1243 2358 quod
1263 2309 1389 2346 etiam
1410 2307 1554 2346 docere
1571 2319 1751 2356 possum,
1774 2319 1905 2357 neque

230 2377 290 2407 100
310 2363 566 2402 soloecismis
599 2366 710 2402 caret
745 2377 876 2414 neque
911 2363 1098 2402 numeris
1138 2362 1348 2410 satisfecit,
1384 2364 1425 2400 et
1462 2361 1630 2410 ingenio
1670 2361 1907 2411 frequenter

312 2417 442 2468 magis
463 2417 618 2456 labitur
638 2431 760 2468 quam
781 2422 827 2457 vt
847 2432 972 2468 puero
993 2416 1163 2456 concedi
1181 2417 1322 2467 possit.
1383 2416 1439 2454 Et
1458 2417 1598 2454 tamen
1619 2415 1751 2464 qualis
1771 2414 1906 2465 qualis

312 2473 385 2520 est,
424 2484 508 2509 non
541 2473 647 2510 tanti
680 2475 836 2511 memet
868 2473 971 2511 facio
1004 2474 1050 2510 vt
1088 2484 1155 2509 me
1193 2470 1257 2508 illi
1294 2483 1413 2520 posse
1452 2482 1642 2508 censeam
1676 2469 1905 2508 eruditione

311 2525 500 2573 conferri,
523 2539 653 2575 quum
672 2528 729 2573 tu,
752 2527 812 2564 mi
833 2527 1013 2575 Erasme,
1032 2525 1098 2564 vel
1118 2538 1257 2564 amore
1277 2524 1519 2571 caecutiens,
1536 2523 1603 2563 vel
1625 2524 1750 2573 (quod
1767 2523 1906 2562 verius

312 2581 419 2617 certe
453 2579 569 2628 puto)
605 2579 780 2629 quadam
816 2594 911 2631 erga
944 2594 1011 2618 me
1044 2579 1253 2627 ciuilitate,
1286 2579 1502 2628 praeferas.
1562 2578 1617 2615 Et
1649 2580 1696 2616 vt
1728 2577 1906 2628 ingenue

232 2643 288 2684 165
312 2633 456 2682 dicam,
481 2634 581 2672 adeo
600 2634 720 2672 illum
742 2648 827 2673 non
848 2636 926 2683 odi,
950 2637 995 2672 vt
1014 2636 1231 2684 postquam
1250 2633 1390 2671 animo
1410 2646 1521 2671 nunc
1541 2631 1783 2670 defecatiore
1810 2644 1904 2670 sum

311 2687 453 2735 factus,
478 2687 667 2726 adamem
689 2689 814 2727 etiam
834 2690 1049 2727 literarum
1068 2687 1208 2737 gratia.

366 2742 524 2780 Verum
554 2742 597 2779 in
628 2755 748 2781 causa
777 2743 875 2793 quid
904 2743 993 2781 fieri
1021 2742 1136 2790 velis,
1169 2741 1352 2791 expende
1386 2739 1626 2790 diligentius
1660 2739 1902 2790 priusquam

361 2865 431 2887 122.
459 2855 597 2894 aliquid
613 2858 665 2887 F:
689 2855 787 2887 aliud
804 2859 844 2888 N.
1003 2856 1072 2895 146.
1099 2866 1160 2896 ego
1177 2865 1235 2887 om.
1252 2859 1296 2887 H.
1450 2856 1519 2885 161.
1548 2855 1663 2893 qualis
1679 2853 1795 2893 qualis
1808 2851 1901 2885 FN²z

310 2900 426 2939 qualis
441 2898 486 2930 Ν1
497 2898 522 2930 ³.

309 3031 415 3061 suade
435 3031 540 3072 ,More
568 3033 601 3061 to
634 3040 799 3071 suppl-ess
824 3032 853 3063 it
877 3031 1078 3073 altogether
1190 3041 1263 3070 134.
1289 3031 1378 3062 liber
1396 3030 1472 3071 ille]
1490 3031 1554 3061 See
1572 3031 1634 3070 Ep.
1653 3039 1718 3069 550
1734 3030 1867 3061 introd-

310 3074 387 3114 (Ep.
409 3084 499 3114 1131.
522 3074 653 3115 14—16).
1187 3084 1256 3114 154.
1284 3075 1395 3114 Quam
1413 3073 1519 3114 male]
1547 3073 1599 3104 Cf.
1615 3074 1675 3106 Ov.
1693 3076 1766 3105 Her.
1784 3084 1815 3113 9.
1835 3083 1889 3113 29.
