1990 3353
125 156 139 181 1
153 156 167 180 1
178 141 245 196 39]
1653 143 1728 181 335

419 324 617 367 ¹0⁰⁵1139.
679 324 744 365 To
775 323 1054 365 WILLIBALD
1088 324 1436 366 PIRCKHEIMER.

170 432 362 478 Epistol-ae
380 433 428 468 ad
446 433 611 469 diuersos
628 445 665 478 p.
683 434 764 476 481.
861 473 869 483 ·
1415 431 1597 468 Louvain.

169 490 264 526 HN:
292 491 411 526 Lond.
430 490 495 528 xii.
517 502 584 535 13:
611 490 685 526 LB.
707 499 786 536 527.
1134 505 1137 508 ⁴
1315 501 1331 536 5
1353 490 1576 536 September
1597 500 1698 536 1520.

272 599 480 630 ERASMVS
513 598 850 629 ROTERODAMVS
880 597 1158 629 CLARISSIMO
1191 598 1300 627 VIRO
1333 598 1584 629 BILIBALDO

725 666 1066 697 PERCHEYMERO
1098 667 1130 696 S.

177 766 270 805 Non
291 767 471 815 deerant,
495 765 703 804 Bilibalde
723 764 964 813 clarissime,
987 764 1060 814 qui
1081 763 1188 802 mihi
1208 764 1355 802 darent
1375 764 1486 802 idem
1509 764 1731 803 consilium

121 822 232 872 quod
252 823 300 860 tu
321 835 433 860 nunc
454 820 679 871 prudenter
699 819 869 869 quidem
889 821 929 857 et
948 818 1090 866 amice,
1114 819 1184 857 sed
1205 820 1348 857 tamen
1369 832 1460 857 sero
1482 819 1566 857 das.
1618 819 1732 856 Deus

120 877 281 914 auertat
300 878 347 914 vt
366 875 494 914 vllius
517 874 702 913 hominis
722 873 948 912 virulentia
967 873 1026 912 sic
1050 886 1117 911 me
1141 886 1166 912 a
1192 875 1306 911 statu
1335 873 1491 912 mentis
1519 873 1733 911 dimoueat

121 933 168 969 vt
189 930 340 969 laxatis
359 929 675 968 maledicentiae
700 928 874 967 habenis
892 928 1120 967 debaccher
1144 928 1190 966 in
1214 927 1370 966 famam
1390 928 1572 967 alterius.
1625 928 1732 976 Quid

121 985 236 1023 enim
269 985 347 1023 hoc
375 984 488 1023 aliud
518 984 574 1022 sit
601 997 725 1034 quam
754 996 851 1021 cum
880 982 1115 1021 insaniente
1145 982 1364 1021 insanire?
1393 984 1435 1021 et
1465 982 1524 1021 sic
1550 982 1732 1021 alienam
1757 998 1767 1002 ·

122 1039 266 1078 vlcisci
286 1039 496 1078 maliciam
517 1040 563 1077 vt
584 1039 671 1088 ipse
691 1038 766 1077 fias
786 1037 921 1076 malus
934 1038 954 1076 ‘3
1011 1039 1150 1087 Atque
1170 1037 1333 1075 vtinam
1361 1037 1396 1075 is
1422 1037 1502 1075 sim
1525 1037 1598 1087 qui
1618 1037 1734 1075 iuxta

122 1094 356 1132 doctrinam
386 1093 671 1143 Apostolicam
700 1091 929 1131 benefactis
958 1092 1175 1131 malefacta
1199 1091 1391 1131 vincam!
1450 1091 1571 1130 Certe
1600 1092 1733 1130 decre-

122 1162 266 1187 ueram
305 1148 563 1196 obticescere,
598 1147 668 1186 sed
707 1147 759 1185 ab
797 1160 845 1185 eo
879 1147 1092 1197 proposito
1126 1146 1230 1185 duae
1261 1148 1398 1184 tresue
1430 1146 1633 1196 quaedam
1669 1160 1734 1184 res

120 1203 362 1241 auocabant.
425 1202 618 1241 Primum
639 1202 810 1240 verebar
834 1215 888 1240 ne
914 1201 950 1239 si
975 1201 1064 1250 ipse
1092 1200 1433 1247 dissimulassem,
1456 1214 1532 1250 pro
1559 1214 1642 1239 vno
1667 1215 1734 1239 me

124 1257 252 1296 multi
266 1257 505 1305 existerent,
527 1256 599 1306 qui
614 1257 747 1294 Leum
767 1256 902 1294 multo
922 1255 1218 1294 inclementius
1236 1256 1491 1304 accepissent
1512 1269 1637 1306 quam
1657 1269 1732 1305 ego

123 1312 272 1361 accepi.
333 1312 414 1360 Qui
434 1311 563 1350 etiam
584 1311 619 1349 si
639 1310 784 1349 durius
802 1313 875 1349 aut
889 1310 1093 1348 eruditius
1112 1310 1293 1359 aggressi
1308 1310 1488 1348 fuissent
1503 1310 1729 1356 hominem,

124 1368 264 1404 tamen
294 1366 403 1405 haud
434 1366 518 1404 scio
546 1379 599 1404 an
629 1379 718 1403 rem
744 1378 872 1415 aeque
896 1365 1081 1415 apposite
1101 1365 1258 1402 fuerint
1286 1364 1530 1410 tractaturi3
1559 1365 1733 1403 fortasse

123 1420 296 1470 quidam
314 1420 451 1470 ignari
470 1433 595 1470 quam
618 1419 726 1457 nihil
746 1419 890 1469 sapiat.
914 1432 1121 1469 quamque
1146 1421 1187 1457 et
1213 1419 1321 1469 apud
1342 1432 1439 1457 suos
1467 1421 1732 1469 contemptus

124 1475 180 1513 sit
213 1475 338 1522 Leus,
366 1475 460 1524 plus
494 1474 559 1512 illi
593 1474 839 1512 tribuissent
863 1487 991 1524 quam
1021 1476 1215 1513 meretur.
1278 1473 1332 1512 Et
1366 1476 1412 1511 vt
1451 1476 1512 1512 est
1546 1474 1732 1512 hominis

122 1530 353 1579 ingenium,
371 1530 449 1567 hoc
469 1530 608 1579 ipsum
627 1529 879 1578 palmarium
899 1541 944 1566 ac
961 1528 1214 1578 triumphale
1233 1527 1470 1576 iudicasset,
1488 1528 1522 1566 si
1542 1528 1732 1578 pluribus
1758 1559 1765 1562 .

122 1583 354 1622 celebribus
373 1584 414 1622 et
436 1583 610 1622 eruditis
629 1583 732 1621 viris
751 1583 951 1621 mouisset
973 1583 1249 1621 stomachum.
1311 1582 1418 1620 Mihi
1438 1584 1525 1621 tota
1544 1583 1731 1621 hominis

123 1641 272 1677 natura
291 1640 333 1676 et
353 1651 497 1676 omnes
516 1637 677 1688 negocii
697 1637 1017 1676 circunstantiae
1037 1637 1206 1687 penitus
1227 1639 1345 1675 erant
1365 1638 1565 1687 cognitae.

178 1693 338 1731 Deinde
358 1694 447 1731 toto
467 1692 636 1730 biennio
656 1692 774 1730 miris
794 1691 1001 1730 cuniculis
1026 1694 1165 1742 egerat
1189 1692 1280 1737 hoc,
1304 1691 1437 1730 mirus
1457 1691 1525 1730 his
1544 1691 1591 1730 in
1609 1691 1732 1730 rebus

119 1747 270 1786 artifex
290 1747 409 1793 Leus,
432 1749 480 1784 vt
498 1749 607 1785 esset
625 1746 964 1785 Annotationum
987 1759 1158 1785 suarum
1182 1746 1437 1784 incredibilis
1456 1747 1566 1796 apud
1587 1759 1732 1784 omnes

121 1802 364 1852 expectatio.
424 1801 637 1840 Scribebat
667 1803 884 1840 sexcentas
915 1801 1124 1850 epistolas,
1158 1801 1209 1840 ad
1249 1802 1360 1839 hunc
1393 1814 1517 1839 vsum
1554 1801 1732 1839 habebat
1754 1816 1766 1836 2

122 1869 397 1895 amanuenses
416 1855 588 1906 aliquot.
649 1856 821 1894 Primus
835 1856 1065 1906 excipiebat
1079 1855 1128 1893 ad
1136 1869 1272 1904 uenas,
1289 1856 1532 1905 praesertim
1552 1855 1727 1906 Anglos,

121 1924 192 1949 eos
215 1910 422 1949 conuiuiis
447 1910 622 1949 faciebat
650 1923 772 1948 suos:
811 1924 909 1949 mox
936 1913 1024 1949 arte
1051 1910 1240 1948 confictis
1267 1910 1493 1948 mendaciis
1515 1910 1727 1959 implebat,

123 1965 194 2004 sed
214 1965 366 2002 miram
386 1965 558 2003 interim
577 1964 827 2004 modestiam
846 1965 1063 2013 simulans,
1087 1979 1169 2015 quo
1189 1965 1344 2003 maiore
1364 1978 1459 2002 cum
1475 1965 1558 2003 fide
1577 1965 1731 2003 lederet

123 2020 279 2058 famam
307 2018 499 2069 proximi.
559 2019 775 2058 Abeuntes
807 2019 924 2057 omni
958 2019 1269 2058 mendaciorum
1301 2032 1450 2068 genere
1489 2019 1731 2058 dimittebat

121 2076 310 2113 onustos.
370 2073 629 2121 Quibusdam
648 2073 892 2112 ostendebat
910 2074 1047 2123 etiam,
1071 2075 1107 2112 si
1127 2074 1225 2124 quid
1246 2076 1354 2113 esset
1374 2074 1416 2110 in
1433 2073 1730 2112 Annotationi-
1752 2088 1766 2108 2

121 2129 202 2166 bus
230 2127 364 2177 specie
393 2128 610 2178 fronteque
639 2128 915 2182 plausibilius.
976 2129 1326 2167 Monasteriorum
1356 2128 1543 2166 fauorem
1577 2128 1729 2174 xeniis,

123 2183 214 2221 cibo
234 2182 417 2232 vinoque
435 2182 677 2231 redimebat,
699 2184 941 2233 praesertim
962 2183 1114 2222 horum
1134 2196 1237 2233 quae
1257 2183 1381 2221 sciret
1399 2183 1506 2232 apud
1526 2182 1729 2232 populum

122 2236 321 2286 opinione
341 2237 641 2276 sanctimoniae
660 2238 959 2276 commendata.
1011 2238 1204 2276 Habebat
1219 2237 1418 2276 omnibus
1437 2237 1539 2274 locis
1559 2237 1605 2275 in
1625 2251 1730 2287 quos

125 2291 250 2330 huius
269 2291 431 2329 fabulae
449 2304 591 2330 scenas
615 2292 749 2330 fuerat
775 2292 962 2342 partitus,
987 2306 1164 2342 quorum
1191 2305 1314 2330 nemo
1341 2305 1425 2329 non
1454 2295 1624 2330 strenue
1644 2294 1730 2330 erat

1753 1008 1769 1027 D

1756 1270 1794 1291 10

126 2346 169 2383 in
191 2345 372 2395 negocio.
425 2345 506 2383 His
525 2346 649 2385 rebus
670 2346 840 2384 tandem
861 2347 1054 2385 effectum
1074 2349 1138 2385 est
1153 2349 1199 2385 vt
1214 2346 1260 2384 hi
1280 2359 1442 2397 quoque
1457 2346 1730 2384 redderentur
1750 2360 1791 2391 30

123 2400 279 2438 soliciti
299 2399 372 2449 qui
392 2413 459 2437 me
483 2400 608 2450 probe
635 2403 784 2439 norant
815 2403 857 2439 et
886 2414 928 2439 se
959 2402 1089 2440 Leum
1110 2415 1229 2440 nosse
1250 2401 1464 2450 putabant.
1524 2400 1671 2451 Itaque
1692 2401 1729 2439 si

125 2454 234 2492 nihil
266 2454 582 2503 respondissem,
614 2455 846 2504 periculum
877 2457 964 2494 erat
996 2469 1048 2494 ne
1076 2456 1127 2494 ad
1158 2469 1322 2494 menses
1349 2455 1508 2505 aliquot-
1535 2455 1730 2493 alienatis

123 2508 403 2558 complurium
432 2509 583 2547 animis
610 2510 762 2559 periret
792 2510 997 2548 nonnulla
1025 2524 1118 2560 pars
1147 2511 1308 2549 fructus
1335 2524 1460 2560 quem
1484 2512 1545 2548 tot
1570 2509 1730 2560 vigiliis

124 2562 314 2601 venabar.
375 2562 483 2600 Nam
507 2576 621 2601 meae
650 2565 804 2614 gloriae
825 2564 983 2603 iactura
1011 2578 1109 2603 sane
1135 2565 1284 2603 leuiter
1313 2564 1513 2605 mouisset
1538 2565 1729 2603 animum

125 2630 279 2655 meum.
340 2616 426 2655 Cur
446 2617 560 2655 enim
584 2631 725 2656 verear
748 2618 929 2668 aliquam
959 2619 1092 2657 famae
1120 2622 1280 2668 partem
1307 2619 1555 2659 Christianis
1578 2618 1730 2657 studiis

124 2671 377 2720 impendere,
411 2671 484 2720 qui
511 2672 620 2710 vitae
649 2672 800 2710 bonam
830 2676 988 2721 partem
1014 2674 1256 2722 impendam
1273 2675 1294 2713 ἶ)
1350 2674 1533 2713 Proinde
1555 2673 1614 2711 sic
1645 2674 1728 2712 Leo

125 2724 415 2775 respondimus
435 2727 481 2763 vt
507 2727 548 2763 et
572 2726 636 2764 illi
662 2726 910 2766 stultissime
935 2730 1139 2777 speratam
1165 2729 1339 2777 gloriam
1369 2729 1668 2768 detraxerimus
1688 2729 1729 2766 et

124 2782 307 2818 veterem
328 2781 514 2817 nostram
535 2781 760 2819 modestiae
778 2782 945 2820 laudem
960 2785 1183 2820 tueremur.

171 2907 236 2929 τη.
256 2907 460 2929 cLAmssmo
475 2908 559 2930 vnto
576 2910 634 2931 om.
653 2903 694 2931 H.
787 2911 979 2933 BILIBALDO
994 2905 1026 2932 H
1044 2913 1051 2933 :
1074 2911 1197 2933 IOANNI
1214 2913 1402 2935 BtLlBALno
1418 2908 1452 2936 F.
1547 2913 1728 2936 PERKMEY-

126 2951 220 2973 ixi-:Ro
237 2941 314 2973 ΗΝ3
329 2953 337 2973 z
361 2951 640 2975 Pmnnmzrumeo
657 2943 712 2975 N2.
870 2946 902 2977 8.
928 2947 998 2976 duo
1015 2949 1054 2976 N.
1188 2949 1240 2978 26.
1268 2950 1321 2979 H:
1345 2949 1482 2988 speciae
1499 2951 1534 2979 F.

639 3048 665 3076 7.
689 3038 948 3080 Apostolicam]
968 3041 1067 3071 Rom.
1089 3049 1138 3071 12.
1157 3051 1209 3072 21.

1749 2634 1787 2664 35
