1990 3353
91 138 220 194 1015]
512 141 667 179 FROM
705 122 972 178 WILLIAM
1011 139 1284 178 BUDAEUS
1642 141 1694 178 69

89 249 134 287 δέ
161 266 231 289 τινι
259 255 331 289 τῶν
359 254 489 289 ἑαυτοῦ
517 251 709 303 γνωρίμων
738 251 798 287 καὶ
827 251 966 298 φίλων·
994 249 1032 289 ὃς
1052 249 1096 297 δὴ
1123 250 1166 287 τὸ
1195 249 1435 298 αἰτόγραφον
1461 250 1605 298 ἔπεμψέ
1632 266 1696 297 μοι

90 303 257 355 ἔναγχος.
314 305 369 344 Et
388 319 518 355 quum
539 305 640 343 haec
656 307 697 343 et
717 304 1006 342 huiuscemodi
1024 317 1095 353 per
1098 303 1233 341 multa
1252 303 1420 341 silentio
1440 316 1488 351 p1
1491 305 1599 341 aeter
1602 302 1695 340 mit

85 359 213 397 tenda
244 360 443 406 duxerim
479 363 604 408 atque
634 359 762 397 etiam
799 358 1020 405 obliuione,
1055 360 1101 396 tu
1136 357 1243 395 mihi
1273 357 1458 395 dolorem
1493 370 1605 395 nunc
1638 369 1695 395 r·e

88 412 267 452 fricuisti
287 427 332 452 ac
352 427 456 464 pene
472 414 711 463 opinionem
727 426 776 451 ex
796 412 1027 462 suspitione
1045 412 1204 451 fecisti:
1235 411 1316 449 nisi
1328 424 1427 449 vero
1448 411 1696 459 supradictis

87 467 224 505 verbis
245 468 484 518 exemplum
504 468 549 506 in
568 470 609 506 te
626 467 714 516 ipse
734 468 928 505 statuisse
946 466 1194 511 inficiabere,
1219 466 1262 504 id
1283 466 1333 504 de
1360 466 1401 503 te
1426 465 1696 504 existimandi

85 522 201 571 quod
221 523 299 560 tibi
318 523 362 561 in
377 525 564 560 mentem
578 523 745 561 venisse
759 522 830 569 ais,
849 523 896 560 vt
915 521 964 559 de
979 534 1048 559 me
1062 521 1205 559 eadem
1226 520 1271 558 in
1287 533 1407 558 causa
1422 521 1693 558 existimares.

144 576 286 625 Neque
314 577 406 615 ideo
429 577 557 615 velim
583 579 629 614 vt
658 577 871 614 existimes
898 589 982 614 non
1012 575 1269 625 gratissimas
1298 575 1404 612 mihi
1432 574 1574 612 literas
1601 574 1697 613 illas

87 632 181 668 tuas
200 631 329 669 fuisse
355 632 508 670 Graece
534 631 736 680 scriptas:
765 630 918 681 quibus
943 630 1025 668 iam
1051 629 1203 668 Graece
1230 629 1434 696 respondi,
1458 629 1530 667 sed
1554 632 1696 667 tamen

85 687 301 735 ἀμφιλαφῆ
320 703 385 736 μοι
403 686 581 726 ἐνεδωκας
599 686 781 724 ὑπόθεσιν
806 685 1113 736 ἀντικατηγορίας
1131 684 1240 729 τινός,
1260 685 1313 733 μὴ
1333 684 1390 722 ὅτι
1409 701 1453 734 ’γε
1474 685 1692 735 ἀπολογίας-

89 742 177 780 Πῶς
205 741 278 792 ’γὰρ
306 757 376 789 OU7
406 758 446 781 Ος
473 758 517 793 γε
545 741 667 779 πάντα
694 742 741 778 Τὰ
769 757 820 777 1171·
856 742 946 789 ἐμοὶ)
974 739 1215 791 γεγραμμένα
1231 741 1468 807 ἀνακυκλῶν,
1496 741 1625 776 πᾶσαν
1651 738 1696 787 δη

82 795 284 844 ῥητορικὴν
303 796 516 845 ἐπιμέλειάν
532 812 573 833 τε
593 796 654 833 καὶ
670 795 883 846 περιεργίαν
901 794 1204 844 ὖπερηκόντισας,
1225 795 1245 832 ὃ
1264 794 1394 831 πολλα
1414 810 1462 830 σι
1482 810 1525 844 γε
1545 794 1698 842 φράσας

86 852 151 887 ε’ἃν
170 867 230 887 και
248 850 302 899 μὴ
321 851 445 902 λεγειν
463 853 535 888 τῶν
553 849 615 888 ὑπ
635 852 724 899 ἐμοῦ
743 849 1132 899 πεπλημμελημένων,
1154 851 1244 898 ἐμοῦ
1262 865 1307 899 ’γε
1326 848 1371 885 αὖ
1390 851 1428 885 ἐν
1442 849 1490 898 τῇ
1513 851 1584 898 ἐμη
1608 850 1695 885 (ἰπο-

86 905 200 955 λογίᾳ
220 905 387 954 ἐπίτηδες
412 906 542 943 πολλὰ
569 905 759 954 παρέντος.
816 903 927 942 ΝΟ111
952 904 1078 943 enim.
1108 903 1208 941 110111
1230 916 1277 940 ea
1300 902 1385 940 fele
1410 903 1696 940 tlanSlnittere

86 958 131 996 in
152 972 245 997 mea
263 959 515 1007 defensione,
535 959 579 997 in
600 959 752 1008 quibus
778 957 1072 1008 proloquendis
1098 957 1279 1006 stiloque
1304 957 1603 1007 piosequendis
1624 959 1697 994 aut

87 1013 422 1063 indignationem
443 1014 670 1063 obrepsisse
697 1013 867 1062 ingenio
888 1026 980 1050 meo
1003 1012 1148 1059 sentio,
1171 1014 1243 1050 aut
1268 1011 1576 1049 vehementiam
1602 1024 1695 1049 con-

87 1068 290 1106 tentionis
316 1072 602 1107 transuersum
628 1081 695 1106 me
720 1067 915 1117 rapuisse.
976 1066 1177 1116 Intelligo
1203 1080 1270 1104 me
1296 1079 1602 1115 nonnunquam
1622 1065 1695 1104 im·

86 1122 298 1161 modicum
314 1125 437 1172 atque
451 1122 619 1163 ἐκπαθῶς
635 1122 862 1172 διακείμενον
878 1122 1017 1159 fuisse.
1054 1121 1189 1169 Quare
1204 1134 1335 1170 aequo
1350 1121 1490 1158 animo
1505 1120 1696 1169 castigari

86 1189 155 1214 me
188 1178 240 1215 ab
270 1178 402 1215 amico
435 1191 582 1226 passus
611 1190 730 1224 sum;
772 1176 881 1226 quod
912 1176 1081 1225 quidem
1109 1176 1159 1213 ad
1189 1188 1237 1213 ea
1265 1176 1354 1213 loca
1382 1176 1562 1224 pertinet
1592 1188 1695 1224 quae

85 1233 265 1270 tractata
298 1232 513 1270 mitescere
546 1234 767 1282 nequeunt.
828 1232 891 1269 Tu
923 1238 1065 1268 autem
1098 1231 1289 1268 animum
1328 1243 1471 1267 meum
1506 1230 1695 1267 nondum

85 1288 355 1335 pertrectasse
375 1286 527 1334 videre⁷
551 1286 587 1325 si
613 1289 753 1324 tamen
779 1299 829 1324 ex
853 1285 1061 1323 sententia
1086 1284 1217 1323 animi
1242 1284 1306 1323 tui
1333 1283 1472 1334 potius
1499 1297 1625 1333 quam
1645 1297 1695 1322 ex

84 1340 265 1379 aliorum
285 1341 476 1390 loqueris.

142 1395 235 1433 lam
258 1395 445 1444 primum
472 1395 581 1444 quod
606 1395 703 1442 dixi,
741 1394 978 1443 ‘Catapotia
1007 1393 1205 1443 epistolae
1231 1406 1345 1431 meae
1369 1393 1462 1440 iam,
1493 1395 1540 1430 vt
1566 1406 1693 1442 spero,

85 1450 269 1496 vorasti,'
299 1450 395 1488 vide
423 1450 549 1488 etiam
577 1451 699 1498 atque
728 1449 853 1487 etiam
883 1461 935 1486 110
964 1451 1005 1486 te
1035 1447 1295 1486 commodius
1323 1447 1589 1496 interpretari
1619 1447 1697 1484 hoc

87 1504 210 1542 modo
241 1517 316 1553 ego
349 1504 529 1553 possim:
573 1517 733 1541 amaras
767 1503 936 1553 quidem
969 1502 1111 1541 literas
1145 1515 1258 1540 meas
1291 1502 1420 1540 fuisse
1450 1501 1697 1549 (identidem

84 1558 199 1596 enim
220 1558 328 1596 mihi
347 1559 495 1608 πικρίαν
515 1558 662 1596 obiicis
681 1560 721 1596 et
742 1558 926 1606 ἀτοπίαν),
950 1557 1021 1595 sed
1038 1561 1178 1595 tamen
1200 1569 1266 1594 me
1285 1569 1448 1605 sperare
1463 1556 1698 1594 concoxisse

87 1616 129 1651 te
157 1616 230 1651 aut
259 1615 368 1651 certe
396 1613 455 1651 ita
483 1613 700 1651 deuorasse
729 1626 897 1650 omnem
925 1611 1258 1661 indignationem
1287 1611 1407 1648 illam
1432 1613 1478 1648 vt
1507 1611 1591 1648 iam
1620 1610 1696 1647 im·

86 1680 247 1706 memor
260 1681 369 1706 esses
383 1668 558 1706 iniuriae
570 1668 618 1715 (si
633 1669 774 1705 tamen
789 1667 941 1705 iniuria
954 1669 1027 1715 est,
1043 1666 1113 1703 vbi
1128 1665 1294 1703 animus
1308 1679 1393 1703 non
1406 1665 1487 1703 fuit
1498 1665 1698 1703 iniuriam

87 1722 334 1772 inferendi);
358 1721 601 1772 praesertim
621 1735 718 1759 cum
738 1724 779 1759 et
805 1724 851 1759 tu
872 1722 916 1759 in
939 1734 1007 1758 me
1034 1720 1134 1758 satis
1158 1720 1495 1758 destomachatus
1513 1732 1634 1765 esses,
1657 1722 1697 1757 et

85 1789 138 1814 ex
167 1777 317 1825 pagina
344 1778 552 1826 postrema
582 1777 799 1814 literarum
828 1780 995 1814 tuarum
1025 1775 1211 1813 viderere
1239 1775 1347 1812 mihi
1376 1774 1696 1812 amarulentiam

86 1831 206 1869 illam
226 1844 363 1869 meam
383 1832 453 1879 (sit
474 1831 587 1868 enim
614 1844 723 1878 sane,
747 1831 911 1880 quando
936 1830 994 1868 ita
1013 1829 1093 1867 tibi
1112 1828 1293 1878 videtur)
1313 1828 1532 1878 placidiore
1555 1828 1697 1866 animo

1718 264 1757 285 10

1717 804 1758 825 20

1717 1074 1756 1105 25

1717 1345 1756 1375 30

1717 1616 1757 1647 35

85 1886 192 1924 ferre
225 1887 266 1923 et
300 1886 504 1924 recordari
537 1886 659 1930 nolle,
696 1886 846 1935 quippe
881 1884 952 1934 qui
986 1886 1026 1922 te
1059 1884 1269 1922 dictitares
1302 1883 1519 1932 ingenium
1553 1895 1696 1921 meum
1715 1888 1758 1918 40

85 1954 171 1978 lam
190 1953 319 1979 nosse.

144 1994 304 2033 Deinde
325 2007 450 2044 quan]
470 1994 574 2032 lllud
595 1994 858 2044 δυσφοροῦντά
883 2010 929 2043 με
950 1993 1011 2031 καὶ
1035 1993 1209 2042 δυσπαθῆ
1237 1991 1404 2036 διεξιέναι
1431 1993 1563 2040 putas.
1585 1992 1693 2040 quod

86 2049 385 2101 παρατραγωδῶν
413 2049 462 2087 σὺ
492 2050 554 2087 καὶ
583 2050 686 2089 θεοῑς
715 2049 776 2087 καὶ
809 2048 1021 2098 ἀνθρωπους
1054 2048 1345 2097 ἐπικαλούμενος
1372 2046 1502 2084 τοῦτόν
1535 2062 1600 2095 μοι
1631 2046 1696 2084 τὸν

84 2105 205 2156 λόγον
233 2104 435 2154 προφέρεις
460 2105 508 2144 ὡς
533 2104 781 2154 ἐφύβριστον,
810 2104 870 2141 καὶ
893 2103 1004 2141 αὐτὸν
1029 2102 1073 2151 δη
1100 2103 1237 2140 ὧσανει
1263 2101 1486 2140 δεσποτικὸν
1504 2100 1694 2151 βδελύττη

86 2160 149 2197 καὶ
169 2158 497 2205 &gova-taffnxdm‘
510 2158 611 2197 iocis
637 2158 794 2196 scilicet
820 2171 986 2196 mecum
1011 2157 1450 2205 358110500115ἲΠρὸς
1474 2172 1540 2204 της
1560 2157 1695 2202 φιλαν-
1714 2159 1755 2190 45

85 2214 251 2264 θρωπίας
277 2215 343 2263 τῆς
371 2215 454 2263 σῆς,
486 2213 513 2250 ὦ
542 2214 708 2262 φιλτάτη
740 2230 805 2262 μοι
839 2213 999 2261 κεφαλη
1029 2213 1121 2261 πρὸς
1153 2214 1219 2260 τῆς
1251 2211 1480 2259 φιλοκαλίας
1510 2227 1576 2258 της
1607 2210 1696 2259 ἡμῖν

83 2269 322 2321 ἀγχωμάλως
347 2269 394 2308 ὡς
419 2268 522 2317 οἶμαι
550 2268 890 2317 περισπουδάστοῑ,
916 2268 968 2317 μή
997 2284 1062 2316 μοι
1089 2267 1317 2315 τηλικαύτην
1345 2266 1455 2311 δόξαν
1479 2266 1696 2311 ἀλαζονείας

85 2325 279 2374 περιάψῃς,
302 2324 400 2361 ὥστε
420 2322 688 2372 συμφερεσθαι
703 2339 766 2361 σοι
786 2322 906 2360 δοκεῖν
923 2323 975 2372 μὴ
1002 2323 1043 2367 ἐξ
1069 2338 1153 2359 ισου
1182 2338 1242 2358 και
1269 2322 1523 2369 φιλοπρεπῶς.
1579 2320 1695 2358 Audi

134 2437 185 2458 11.
209 2427 252 2458 ab
269 2438 276 2457 :
301 2426 512 2457 huiusmodi
528 2427 571 2456 H.
747 2426 797 2456 18.
823 2426 866 2456 b:
896 2424 1042 2455 ἑνέδοκας
1058 2434 1088 2454 a.
1224 2421 1361 2462 μήοτνγε
1378 2434 1408 2454 ει.
1583 2433 1632 2462 19.
1657 2422 1696 2460 δὴ

87 2472 131 2503 ab
148 2482 155 2502 ε
180 2469 212 2501 δὲ
230 2473 327 2501 Loml.
431 2479 484 2500 21.
511 2469 566 2500 ἐᾶν
582 2472 640 2500 H:
664 2468 718 2509 ἑᾷν
734 2470 776 2499 ab
793 2480 800 2499 ε
824 2469 880 2499 ἐᾶν
897 2479 935 2506 με
951 2471 991 2499 N.
1095 2469 1147 2499 26.
1172 2468 1216 2497 ab
1234 2478 1242 2498 ε
1266 2467 1437 2506 castigare
1453 2469 1548 2498 Lond.
1640 2468 1693 2498 28.

86 2516 263 2546 nitescere
281 2515 312 2544 b.
448 2523 501 2553 29.
527 2514 570 2543 ab
585 2525 592 2543 :
616 2515 851 2552 pertractasse
868 2515 911 2543 H.
1038 2521 1090 2550 32.
1119 2514 1153 2541 te
1171 2511 1394 2542 commodius
1410 2522 1428 2541 a
1444 2521 1451 2540 :
1475 2511 1697 2541 commodius

84 2569 195 2599 quam
214 2561 254 2590 tu
272 2559 305 2589 b.
397 2567 451 2596 35.
478 2556 766 2596 indignationem
783 2559 904 2593 scripsi,
923 2559 1096 2586 secundnm
1116 2565 1140 2585 r.
1154 2565 1196 2593 24
1214 2559 1241 2586 εί
1256 2558 1314 2592 Ep.
1331 2555 1404 2584 810.
1423 2564 1487 2594 323
1504 2565 1511 2584 :
1536 2554 1696 2594 indigni-

86 2605 199 2634 tatem
219 2612 249 2633 a.
352 2612 404 2638 42.
430 2600 515 2632 alF:
539 2600 741 2639 δυσφοροῦτα
756 2599 800 2631 32.
892 2603 940 2630 F:
957 2599 1089 2638 διεξέναι
1105 2608 1133 2629 a.
1216 2609 1268 2638 43.
1292 2601 1341 2629 F:
1365 2598 1622 2638 παρατμαγωδῶν
1637 2599 1691 2628 ab.

86 2657 139 2685 44.
165 2644 265 2677 αὐτὸν
281 2644 319 2684 δὴ
336 2648 411 2676 add.
429 2645 461 2676 b.
555 2645 576 2674 b
592 2655 599 2674 :
621 2643 783 2683 βδελύττη
795 2654 815 2674 3
830 2655 836 2674 ;
861 2645 1025 2683 βδελυπτη
1044 2645 1140 2673 Lond.
1275 2643 1328 2679 48.
1354 2643 1403 2672 F'b
1420 2653 1427 2672 :
1450 2640 1604 2682 περιάψης
1619 2645 1682 2673 aN.

88 2767 270 2798 reference
284 2765 393 2806 toEp.
403 2767 468 2804 648
478 2765 533 2807 (cf.
544 2765 613 2796 vol.
626 2765 856 2805 iii‚p.xxvii).
922 2766 976 2795 for
993 2765 1069 2795 him
1087 2767 1123 2795 to
1140 2774 1206 2795 sec.

89 2811 126 2841 It
146 2820 219 2841 was
239 2810 397 2850 through
420 2809 562 2841 Grolier
584 2809 667 2839 that
691 2809 859 2840 Budaeus
965 2818 1017 2839 21.
1043 2808 1113 2849 ἐᾶν]
1139 2808 1190 2839 Cf.
1210 2809 1273 2848 Ep.
1294 2819 1386 2847 1004.
1408 2819 1478 2847 107.

77 2854 254 2885 'renowed
264 2852 636 2892 hiscorrospondenee
646 2853 859 2893 withEgna—
966 2862 1019 2891 31.
1045 2851 1246 2892 Catapotia]
1271 2852 1334 2892 Ep.
1356 2863 1430 2891 915.
1455 2854 1560 2891 106‚7.

87 2898 162 2929 tius
194 2898 232 2928 in
261 2898 350 2928 Nov.
373 2898 455 2936 1518
483 2895 587 2938 (ΒΕ.4
609 2896 690 2936 24);
724 2897 796 2927 and
821 2906 859 2926 as
966 2906 1017 2935 34.
1043 2895 1184 2937 πικρίαν]
1209 2897 1271 2936 Ep.
1296 2906 1387 2935 1004.
1408 2906 1460 2936 59.

89 2941 275 2981 Egnatius*
306 2940 416 2971 letter
453 2942 489 2971 to
521 2939 663 2970 Οτι-01101·
694 2940 860 2971 contains
1010 2949 1212 2970 concoxisse
1254 2939 1304 2971 Cf.
1326 2940 1388 2979 Ep.
1408 2941 1482 2971 810
1500 2948 1619 2978 323-5.

84 2994 232 3016 excuses
253 2985 309 3015 for
332 2987 396 3015 not
416 2984 552 3024 having
578 2985 640 3023 yet
661 2983 798 3023 replicd
822 2985 859 3013 to
966 2994 1017 3021 44.
1044 2939 1229 3024 προφέρεις]]
1251 2984 1315 3023 Ep.
1336 2992 1429 3021 1004.
1448 2992 1544 3023 92-5.

88 3027 266 3068 Budaeus,
286 3029 315 3059 it
340 3037 423 3067 may
439 3027 522 3058 well
549 3027 640 3058 have
665 3028 754 3057 been
778 3034 858 3058 sent
965 3037 1018 3066 45.
1046 3026 1146 3067 iocis]
1172 3026 1236 3066 Ep.
1252 3035 1327 3067 915.
1350 3036 1420 3066 109.
