1990 3353
102 93 224 148 1225]
578 95 649 135 ΤΟ
686 95 871 135 PETER
908 95 1229 135 BARBIRIUS
1622 96 1702 134 559

154 206 294 254 Vides,
310 207 464 256 optime
483 205 657 253 Barbiri,
675 219 742 244 me
761 219 1023 256 nequaquam
1042 205 1248 255 spreuisse
1268 205 1471 244 iudicium
1491 205 1701 255 theologo-

98 274 194 300 rum
215 261 567 299 Louaniensium:
608 260 771 298 tametsi
794 273 877 297 non
903 262 991 298 erat
1020 273 1130 309 quur
1151 259 1247 298 illos
1275 260 1414 309 potius
1444 273 1569 309 quam
1597 259 1701 298 alios

97 315 234 365 operis
252 315 335 352 mei
356 315 529 353 facerem
554 327 752 353 censores.
812 313 941 353 Vides
967 327 1040 364 per
1057 327 1125 352 me
1151 327 1236 352 non
1263 314 1430 352 stetisse
1450 327 1531 363 quo
1557 313 1700 352 minus

95 369 206 408 inter
233 382 310 408 nos
339 369 574 407 constiterit
603 367 786 406 amicitia
812 368 1058 407 Christiana.
1118 368 1279 406 Deinde
1303 381 1432 417 quum
1459 367 1699 406 Lutherana

94 423 304 473 tragoedia
337 436 499 472 semper
528 423 572 460 in
604 422 722 472 peius
753 422 954 472 glisceret,
988 422 1092 460 mire
1123 422 1294 472 quidam
1330 422 1467 460 conati
1497 423 1596 460 sunt
1630 435 1697 460 me

95 477 160 515 illi
190 477 424 516 admiscere.
485 476 573 526 Ego
602 477 772 526 vulgato
804 477 932 515 etiam
963 477 1115 525 scripto
1146 478 1242 515 ante
1271 476 1491 515 biennium
1522 478 1698 515 testatus

95 544 188 570 sum
222 531 332 570 nihil
362 531 534 569 omnino
565 530 623 569 rei
658 530 765 568 mihi
796 543 884 569 esse
916 543 1011 568 cum
1045 530 1241 578 Luthero,
1277 530 1436 569 nullam
1476 544 1696 580 agnoscere

95 585 320 624 factionem
347 585 429 623 nisi
449 585 744 631 Christianam,
767 585 802 622 si
829 588 971 623 tamen
997 597 1043 623 ea
1071 585 1243 623 dicenda
1272 588 1336 622 est
1364 585 1495 623 factio.
1554 586 1694 635 Atque

92 639 264 678 interim
299 640 405 678 mira
439 639 551 678 rabie
584 639 795 688 lapidabar
824 639 870 677 in
908 639 1085 687 publicis
1119 639 1399 686 concionibus,
1436 639 1480 677 in
1518 639 1696 688 publicis

90 694 430 744 professionibus,
463 707 487 732 a
517 693 740 732 Carmelita
772 695 813 732 et
845 692 1177 731 Dominicalibus
1211 693 1471 743 quibusdam,
1503 706 1694 732 nonnun-

91 761 219 798 quam
248 748 374 787 etiam
405 748 672 786 nominatim.
729 747 844 786 Haec
874 747 1033 797 perpeti
1061 747 1244 786 indicaui
1276 747 1415 797 potius
1443 760 1569 797 quam
1598 761 1693 786 cum

88 804 206 842 tanto
225 803 417 841 examine
437 802 664 841 colluctari.

144 857 276 896 Porro
292 857 402 907 quod
419 856 568 896 scribis
584 856 708 895 isthic
722 857 1000 906 suspicionem
1017 857 1242 895 extinctam
1257 869 1322 893 me
1338 856 1476 894 fauere
1492 856 1687 905 Luthero,

89 923 173 949 non
196 911 351 959 miror;
381 911 449 950 sed
472 911 601 949 miror
620 924 806 961 vnquam
827 914 961 950 ortam
983 911 1119 949 fuisse.
1179 910 1352 950 Vtinam
1374 912 1459 947 tam
1487 910 1692 950 immunis

87 978 220 1004 essem
254 966 304 1004 ab
339 965 535 1004 omnibus
567 965 682 1004 viciis
711 979 836 1016 quam
865 979 958 1004 sum
987 965 1039 1004 ab
1068 965 1146 1003 hoc
1174 965 1335 1003 alienus
1370 964 1564 1013 negocio!
1606 978 1690 1003 non

88 1019 322 1059 dubitarem
353 1021 416 1058 vel
451 1020 553 1058 citra
592 1021 896 1059 confessionem
935 1021 1077 1058 emori.
1137 1019 1270 1058 Initio
1311 1019 1392 1057 dici
1431 1032 1515 1057 non
1554 1022 1689 1069 potest

87 1087 212 1124 quam
231 1075 357 1113 multi
377 1074 598 1125 qualesque
615 1075 699 1114 viri
719 1075 902 1113 Luthero
921 1075 1113 1113 fauerint.
1157 1075 1245 1124 Ego
1266 1088 1287 1112 e
1307 1074 1495 1122 pauculis
1514 1073 1689 1122 pagellis

83 1129 312 1179 degustatis
338 1129 454 1168 visus
484 1142 577 1167 sum
608 1129 716 1168 mihi
746 1129 988 1168 subodorari
1018 1142 1106 1167 rem
1134 1129 1179 1167 in
1206 1128 1436 1167 tumultum
1465 1129 1682 1169 exituram.

84 1183 140 1222 Et
173 1183 281 1222 mihi
311 1196 411 1222 sane
443 1183 544 1222 adeo
573 1186 637 1222 est
664 1183 803 1222 inuisa
831 1183 1033 1222 discordia
1062 1186 1109 1222 vt
1135 1183 1263 1221 etiam
1293 1183 1507 1232 displiceat
1535 1183 1686 1222 veritas

84 1237 290 1277 seditiosa.
350 1238 520 1276 Primus
540 1238 732 1276 omnium
749 1238 950 1277 admonui
969 1238 1187 1276 hominem
1217 1237 1350 1275 literis
1369 1241 1416 1275 vt
1442 1250 1530 1275 rem
1552 1237 1686 1276 Euan-

84 1292 260 1341 gelicam
300 1292 551 1342 Euangelica
586 1293 907 1331 mansuetudine
945 1292 1306 1341 moderationeque
1356 1294 1561 1330 tractaret.
1630 1293 1685 1331 Et

83 1346 184 1385 adeo
204 1346 269 1385 illi
289 1360 373 1386 non
393 1347 533 1386 addidi
551 1347 727 1395 animos,
751 1349 796 1386 vt
823 1347 976 1385 crebris
1001 1347 1189 1397 epistolis
1219 1353 1259 1385 et
1279 1347 1513 1385 Lutherum
1544 1346 1684 1396 ipsum

82 1402 124 1438 et
162 1400 337 1439 Lutheri
374 1401 528 1440 amicos
566 1401 836 1440 deterruerim
875 1415 926 1439 ne
970 1403 1189 1451 pergerent
1228 1415 1308 1451 qua
1347 1404 1564 1450 coeperant
1600 1401 1680 1441 via.

79 1457 220 1506 Atque
247 1455 322 1495 hac
352 1456 397 1494 in
428 1469 469 1493 re
498 1458 585 1494 tam
614 1456 676 1494 fui
706 1456 895 1506 diligens,
918 1459 963 1494 vt
990 1456 1252 1506 quorundam
1282 1456 1413 1494 literis
1443 1456 1683 1495 admonitus

79 1509 173 1557 sim,
195 1509 231 1549 si
259 1510 366 1548 mihi
391 1523 476 1549 non
502 1510 680 1560 placeret
700 1511 871 1549 Lutheri
897 1511 1129 1560 negocium,
1152 1512 1258 1549 certe
1285 1510 1605 1558 dissimularem,
1630 1524 1682 1549 ne

80 1565 142 1602 t-ot
160 1564 366 1603 nobilium
388 1567 511 1615 atque
538 1564 796 1603 eruditorum
825 1565 992 1603 animos
1019 1578 1063 1603 ac
1091 1565 1238 1603 stilum
1260 1566 1304 1603 in
1325 1578 1393 1603 me
1414 1564 1677 1604 concitarem.

79 1618 124 1657 Si
152 1618 363 1658 Lutherus
389 1619 641 1668 Euangelico
670 1619 819 1669 spiritu
850 1620 1025 1669 scripsit,
1049 1620 1157 1670 quod
1188 1619 1324 1658 adhuc
1352 1620 1560 1658 affirmant
1589 1620 1679 1669 plu-

77 1672 188 1722 rimi,
219 1675 358 1711 metus
386 1675 530 1712 tamen
559 1686 677 1712 meus
705 1687 789 1712 non
823 1674 903 1712 fuit
937 1673 1103 1724 impius,
1137 1674 1208 1724 qui
1241 1673 1459 1712 timuerim
1491 1673 1681 1723 publicae

78 1727 341 1767 concordiae:
371 1728 435 1767 sin
464 1740 592 1776 secus,
624 1728 786 1778 primus
815 1728 1006 1767 omnium
1035 1728 1182 1767 obstiti
1210 1742 1283 1778 pro
1312 1729 1472 1766 viribus
1503 1742 1554 1766 ne
1583 1728 1680 1766 libri

78 1781 194 1821 illius
213 1782 522 1832 euulgarentur.
581 1783 626 1821 Si
644 1783 721 1821 tibi
742 1796 908 1821 narrem
928 1796 952 1821 a
971 1783 1124 1833 quibus
1143 1786 1184 1821 et
1205 1783 1356 1832 quibus
1377 1782 1513 1821 modis
1533 1783 1677 1821 sollici·

77 1838 189 1875 tatus
218 1836 299 1875 sim
322 1839 368 1874 vt
391 1837 636 1886 adiungerer
664 1837 833 1887 negocio
863 1836 1115 1885 Lutherano,
1136 1838 1286 1888 quibus
1316 1837 1480 1876 technis
1509 1838 1678 1887 quidam

76 1891 216 1929 conati
253 1892 338 1930 sint
375 1904 442 1929 me
473 1891 677 1941 pellicere,
712 1891 863 1941 quibus
897 1892 1004 1930 odiis
1036 1892 1207 1942 quidam
1245 1892 1327 1930 huc
1365 1892 1447 1930 nisi
1486 1893 1572 1930 sint
1610 1905 1676 1930 me

77 1945 314 1995 propellere,
340 1947 432 1984 tum
453 1945 621 1984 demum
650 1945 906 1996 intelligeres
926 1960 1051 1996 quam
1079 1946 1185 1984 mihi
1212 1946 1458 1996 displiceant
1490 1947 1672 1985 dissidia.

75 1998 279 2038 Videbam
300 2013 367 2039 me
387 2001 590 2039 iacturam
608 2001 814 2039 facturum
841 2001 1083 2048 amicorum,
1108 2014 1210 2051 quos
1230 2004 1271 2039 et
1298 2001 1500 2050 plurimos
1527 2004 1567 2039 et
1591 2014 1675 2040 non

75 2053 304 2104 vulgariter
331 2055 517 2093 eruditos
544 2055 747 2093 habebam
780 2055 824 2093 in
855 2055 1090 2094 Germania.
1151 2055 1244 2093 Non
1280 2055 1521 2104 ignorabam
1552 2069 1675 2106 quam

74 2108 353 2158 pertinacibus
373 2109 480 2147 odiis
498 2122 566 2147 me
591 2110 894 2148 insectarentur
913 2110 1081 2160 quidam
1107 2110 1214 2159 apud
1236 2113 1412 2156 nostros,
1438 2110 1532 2147 odio
1552 2111 1674 2149 bona-

73 2175 169 2202 rum
206 2162 436 2202 literarum.
513 2163 821 2213 Perspiciebam
858 2177 946 2202 esse
993 2164 1129 2202 tutius
1176 2164 1219 2202 in
1266 2164 1441 2202 alteram
1488 2165 1674 2203 secedere

72 2216 306 2256 factionem.
365 2219 426 2256 At
453 2217 561 2256 mihi
590 2220 672 2256 stat
700 2231 946 2269 semperque
975 2219 1101 2257 stabit
1134 2219 1341 2257 sententia
1374 2219 1439 2256 vel
1471 2219 1672 2258 membra-

117 2375 187 2406 150.
213 2375 372 2397 censores
387 2366 543 2397 facerem
558 2369 594 2398 F.
734 2377 805 2407 157.
832 2369 868 2398 et
885 2367 1172 2398 Dominicalibus
1187 2379 1207 2397 α
1223 2379 1230 2398 ;
1256 2368 1612 2406 Dominicalibusque
1629 2371 1669 2400 N.

72 2411 143 2449 163.
169 2410 279 2441 Initio
297 2413 370 2441 add.
388 2412 424 2442 F.
564 2412 635 2449 165.
661 2412 840 2442 exituram
859 2412 898 2442 in
915 2412 1116 2442 tumultum
1132 2414 1166 2442 F.
1318 2413 1387 2442 166.
1416 2412 1546 2442 veritas
1560 2412 1670 2443 etiam

69 2453 259 2494 displiceat
275 2456 311 2485 F.
425 2455 497 2494 169.
523 2455 656 2485 crebris
671 2457 720 2486 F:
745 2456 867 2486 crebro
884 2467 915 2486 α.
1034 2465 1104 2493 170.
1132 2455 1268 2486 amicos
1284 2454 1433 2486 Lutheri
1450 2458 1485 2487 F.
1596 2465 1667 2495 175.

71 2507 171 2529 meus
186 2499 311 2528 tamen
326 2498 443 2528 metus
458 2501 494 2529 F.
632 2508 702 2538 179.
727 2500 801 2529 nisi
818 2499 893 2529 sint
910 2509 966 2529 me
984 2510 1004 2529 α
1021 2510 1028 2530 :
1053 2509 1109 2530 me
1126 2499 1244 2530 conati
1262 2499 1336 2529 sint
1350 2502 1387 2531 F.
1525 2499 1595 2538 183.
1619 2502 1669 2531 F:

65 2543 154 2581 aput
170 2552 202 2572 α.
293 2543 434 2572 nostros
451 2552 470 2570 α
486 2552 494 2571 :
518 2551 583 2572 nos
597 2544 633 2573 F.
752 2543 822 2581 184.
850 2543 1043 2573 factionem
1064 2543 1226 2574 secedere
1243 2545 1277 2573 F.

67 2664 76 2677 ⁴
89 2661 194 2702 copy'
211 2663 291 2693 sent
304 2662 354 2692 off
366 2663 402 2692 to
413 2660 517 2692 Basle
534 2671 542 2699 3
567 2661 638 2692 and
650 2662 830 2693 consider·
902 2665 997 2695 1166.
1015 2663 1111 2704 26n).

68 2707 130 2745 ing
154 2705 304 2736 himself
325 2705 476 2744 thereby
498 2705 712 2736 exonerated
739 2706 829 2737 from
948 2709 1017 2746 167.
1046 2707 1177 2749 literis]
1196 2708 1257 2747 Ep.
1277 2709 1353 2748 980.
1372 2709 1414 2748 38
1432 2720 1501 2748 seq.

65 2758 139 2788 any
155 2749 283 2788 charge
300 2749 338 2779 of
350 2749 525 2788 violating
541 2749 603 2780 the
620 2752 791 2781 concordia.
949 2761 1018 2789 170.
1047 2751 1195 2792 amicos]
1213 2751 1263 2783 Cf.
1286 2752 1348 2793 Ep.
1373 2763 1465 2793 1143.
1486 2762 1565 2784 2211.

113 2802 183 2832 153.
210 2791 358 2832 scripto]
378 2792 440 2832 Ep.
464 2802 555 2830 1041.
950 2804 1019 2833 171.
1046 2795 1176 2835 literis]
1196 2795 1246 2826 Cf.
1267 2795 1329 2835 Ep.
1353 2807 1444 2836 1135.
1469 2798 1506 2827 16
1523 2807 1594 2837 seq.

113 2845 183 2875 157.
210 2835 418 2876 Carmelita]
458 2835 736 2875 Egmondanus3
774 2847 831 2867 see
948 2840 1017 2876 176.
1044 2839 1185 2879 obstiti]
1205 2839 1257 2870 Cf.
1278 2840 1339 2879 Ep.
1364 2850 1456 2880 1033.
1476 2851 1555 2879 47¹1-

65 2878 130 2919 Ep.
149 2880 225 2918 878.
247 2889 322 2918 1311.
948 2892 1017 2920 177.
1043 2883 1257 2913 sollicitatus
1288 2882 1372 2923 siin]
1401 2885 1450 2915 Cf.
1478 2885 1539 2924 Ep.
1571 2894 1661 2922 1217.

153 2922 457 2964 Dominicalibus]
497 2923 597 2954 Vinc.
638 2923 830 2954 Theodori·
903 2926 999 2956 10611.

60 2966 95 2996 ci
121 2966 168 3007 (p.
201 2967 280 3007 463)
304 2967 376 2997 and
401 2966 504 2997 Laur.
533 2967 720 2998 Laurentii
747 2968 827 3007 (Ep.
946 2970 1015 3000 181.
1044 2970 1232 3011 iacturam]
1253 2970 1302 3001 (tf.
1325 2970 1517 3011 11.279-82.

1722 331 1782 363 ¹50

1716 602 1776 634 155

1715 870 1776 902 160

1710 1142 1768 1182 165

1704 1693 1761 1728 175

1701 1959 1760 1990 180

1698 2227 1754 2266 185
