1990 3353
258 1437 295 1458 10

258 1972 297 1993 20

314 118 364 156 10
783 117 1032 158 LETTERS
1071 119 1140 157 OF
1179 119 1442 159 ERASMUS

1785 119 1910 173 [1519
1952 105 1955 118 ³

312 225 359 264 by
376 226 437 257 the
454 226 621 267 enlarged
637 227 778 258 volume
795 227 883 257 with
904 226 965 257 the
982 228 1053 256 two
1072 226 1196 257 letters
1212 227 1338 266 added,
1353 227 1424 257 and
1442 227 1585 258 further
1602 227 1681 259 that
1694 227 1768 258 this
1784 227 1911 259 ‘office-

312 278 400 309 copy
411 268 419 281 ‘
436 280 508 301 was
524 271 630 301 taken
648 281 686 301 as
701 271 762 300 the
780 270 873 301 basis
891 270 943 300 sor
960 270 998 309 F,
1017 269 1079 300 the
1098 270 1276 300 variation
1292 271 1331 300 in
1348 271 1452 301 order
1465 271 1496 301 is
1507 271 1620 311 easily
1632 270 1830 302 accounted
1846 271 1910 302 for.

312 313 395 343 And
412 313 473 344 the
489 324 585 345 same
602 314 831 353 explanation
850 323 976 353 serves,
997 314 1028 343 if
1045 323 1097 343 we
1113 323 1263 352 suppose
1288 314 1367 344 that
1384 314 1411 344 F
1428 324 1499 345 was
1515 315 1662 355 printed
1680 315 1773 345 from
1789 324 1808 344 a
1824 323 1912 355 copy

313 355 349 386 of
370 356 397 387 E
423 358 560 388 revised
586 358 632 396 by
648 358 777 388 Beatus
804 357 998 387 Rhenanus
1012 367 1020 394 ;
1045 357 1124 386 who
1148 357 1186 387 of
1206 367 1326 388 course
1349 358 1510 388 received
1533 368 1600 389 one
1625 358 1663 389 of
1681 358 1744 389 the
1768 357 1911 389 earliest

312 400 428 439 copies
444 401 482 431 of
495 402 532 432 E.
580 401 700 432 When
715 401 777 431 the
794 402 964 431 omission
981 410 1053 431 was
1067 400 1285 441 discovered,
1300 400 1434 441 during
1448 402 1510 432 the
1526 402 1691 441 printing
1707 401 1744 432 of
1756 401 1818 432 the
1830 411 1912 432 new

312 443 456 482 portion
483 445 521 475 in
547 445 582 484 F,
610 445 638 475 it-
662 454 734 475 was
757 446 793 474 at
818 454 903 475 once
928 443 1114 482 rectified3
1146 445 1209 474 but
1235 445 1279 483 by
1303 454 1324 474 a
1347 454 1425 475 new
1449 446 1631 486 oversight
1654 446 1718 486 Ep.
1743 454 1806 484 307
1838 455 1912 476 was

312 487 458 526 printed
475 498 558 519 over
574 488 690 527 again,
709 488 872 528 together
888 487 981 518 with
997 488 1058 517 the
1075 489 1146 518 two
1161 487 1288 518 letters
1303 488 1465 519 omitted.

356 531 489 570 Except
506 532 559 563 for
574 532 649 562 this
666 531 795 562 second
807 531 1000 570 over-sight.
1019 531 1049 561 it
1063 531 1178 570 might
1189 532 1230 561 be
1242 532 1428 571 suggested
1441 532 1522 563 that
1538 533 1626 573 Epp.
1647 533 1741 572 1006,
1755 532 1821 571 998
1837 531 1911 562 had

313 573 400 604 been
416 574 579 606 deferred
597 577 632 606 to
649 575 710 606 the
726 575 797 605 end
815 575 853 604 of
872 575 898 605 F
914 584 952 605 as
967 577 1134 612 apoloyiae,
1150 584 1169 604 a
1187 575 1276 605 class
1292 576 1331 605 of
1343 575 1449 606 letter
1463 576 1586 607 which
1604 577 1772 607 Erasmus
1794 576 1911 606 subse-

313 617 465 656 quently
489 619 688 658 recognizes
714 618 771 658 (cf.
798 627 822 657 1,
850 627 906 657 pp.
932 619 981 649 26.
1009 619 1127 657 38-27.
1152 618 1201 657 3),
1227 617 1299 648 and
1323 618 1361 648 of
1381 620 1500 649 which
1524 620 1628 650 other
1651 619 1829 659 examples
1852 628 1911 649 are

313 661 424 691 found
441 662 479 692 in
496 661 588 692 close
608 662 936 702 proximity—Epp.
959 671 1052 701 1053,
1076 672 1086 691 1
1098 671 1168 701 175,
1192 663 1285 701 1196,
1305 671 1386 701 1217
1406 678 1431 688 =
1451 663 1562 694 Lond.
1582 664 1653 696 xvi.
1669 674 1716 702 14,
1731 662 1815 694 xvii.
1831 672 1861 702 2,
1877 671 1909 702 3,

317 714 364 743 19.
413 705 484 735 But
501 716 546 736 on
564 706 627 736 the
645 705 758 736 whole
777 706 795 736 Ι
812 705 947 736 incline
960 707 997 736 to
1014 705 1123 736 think
1140 706 1203 735 the
1219 705 1353 736 former
1365 706 1593 745 explanation
1609 717 1707 738 more
1722 706 1890 747 probable
1904 717 1910 737 :

312 748 450 788 though
468 749 486 779 I
502 749 590 779 have
608 751 669 779 not
685 758 766 780 seen
784 759 856 788 any
873 759 960 789 copy
977 750 1014 780 of
1028 749 1055 779 E
1073 749 1165 779 with
1181 749 1243 779 the
1260 750 1330 779 two
1346 749 1434 780 final
1449 750 1575 781 letters
1591 751 1768 791 missing]

578 852 783 883 ERAsMVs
813 853 1146 884 ROTERODAMVS
1178 854 1394 885 EDVARDO
1427 855 1512 886 LEO
1542 856 1574 886 S.
1608 856 1650 884 D.

369 932 488 981 QVOD
507 948 531 972 a
550 947 617 972 me
638 934 837 972 dissentis
857 935 1020 982 alicubi,
1038 948 1122 972 non
1141 935 1367 973 admodum
1383 948 1502 985 aegre
1518 935 1603 973 fero
1623 950 1632 983 ;
1656 948 1819 984 semper
1832 934 1910 972 hoc

313 986 432 1024 licuit
444 987 552 1025 inter
565 989 748 1027 eruditos
764 989 964 1027 incolumi
978 989 1170 1027 amicitia.
1232 989 1348 1037 Quod
1366 990 1457 1028 istis
1477 989 1710 1028 rationibus
1728 1001 1818 1027 rem
1831 990 1911 1027 tra-

315 1043 417 1088 ctas,
433 1042 664 1081 demirabor
679 1042 715 1081 si
734 1044 954 1093 quisquam
970 1043 1036 1081 vir
1050 1044 1187 1092 grauis
1207 1043 1362 1093 probet⁷
1381 1044 1547 1093 quando
1567 1057 1642 1082 nec
1657 1043 1746 1093 ipse
1764 1043 1911 1093 probat

315 1094 363 1133 D.
381 1095 558 1134 Ioannes
573 1097 766 1135 Briareus
782 1100 926 1144 Ateus,
947 1097 1026 1145 tui,
1039 1100 1086 1135 vt
1099 1110 1172 1146 par
1187 1100 1259 1145 est,
1275 1097 1603 1136 amantissimus.
1645 1097 1696 1135 In
1717 1099 1780 1136 tot
1800 1097 1911 1135 mili-

315 1149 391 1186 bus
419 1151 769 1197 Annotationum‚
800 1153 843 1190 in
870 1154 987 1190 tanta
1016 1152 1318 1190 sententiarum
1345 1153 1387 1189 et
1412 1152 1678 1201 ingeniorum
1697 1152 1907 1199 varietate,

315 1203 413 1252 quid
435 1217 591 1242 nouum
611 1207 683 1243 aut
707 1206 863 1243 mirum
883 1205 1014 1243 sicubi
1040 1206 1215 1244 vidisses
1242 1206 1350 1256 quod
1379 1219 1446 1244 me
1466 1206 1717 1244 fefellisset?
1744 1208 1816 1244 aut
1833 1205 1912 1244 tibi

314 1257 456 1295 minus
470 1258 649 1307 placeret
669 1260 775 1309 quod
796 1260 901 1297 mihi
921 1273 1005 1297 non
1026 1260 1336 1309 displicuisset?
1383 1260 1484 1308 Quis
1503 1263 1642 1298 autem
1663 1260 1913 1309 probaturus

313 1313 375 1349 est
396 1313 502 1361 quod
518 1313 655 1351 subito
670 1327 718 1351 ex
734 1315 867 1352 amico
882 1315 1014 1352 factus
1027 1314 1158 1352 hostis
1174 1314 1217 1352 in
1233 1315 1448 1352 absentem
1460 1314 1674 1364 scripseris
1686 1316 1706 1353 ‘?
1726 1328 1821 1352 cum
1836 1327 1911 1352 nec

314 1364 400 1404 vlla
419 1366 633 1406 lacessitus
654 1381 763 1406 esses
783 1369 935 1406 iniuria
952 1382 1025 1406 nec
1041 1382 1225 1418 vnquam
1243 1369 1548 1418 expostulasses
1564 1382 1659 1407 cum
1675 1370 1910 1418 praesente:

315 1420 424 1468 quod
439 1420 483 1458 in
496 1423 678 1460 veterem
691 1423 943 1461 aeditionem
957 1423 1178 1472 scripseris,
1195 1436 1289 1461 cum
1302 1423 1429 1461 scires
1441 1424 1642 1462 adornare
1652 1436 1720 1461 me
1732 1423 1912 1461 nouam?

315 1474 422 1523 quod
445 1488 547 1523 opus
566 1477 686 1514 tuum
703 1490 774 1525 per
790 1477 930 1515 onmia
946 1478 1196 1515 monasteria
1210 1477 1418 1526 sparseris,
1436 1478 1684 1527 praesertim
1699 1478 1769 1516 vbi
1786 1477 1910 1516 scires

315 1541 403 1566 esse
423 1529 495 1578 qui
516 1529 621 1567 mihi
642 1543 790 1579 parum
806 1531 910 1569 bene
925 1532 1080 1569 vellent
1093 1533 1113 1570 ⁵?
1141 1532 1250 1581 quod
1265 1531 1316 1570 iis
1331 1532 1456 1570 modo
1471 1531 1791 1570 communicaris
1807 1544 1909 1582 quos

315 1595 489 1621 noueras
509 1584 738 1633 iniquiores
757 1585 963 1624 Erasmo'?
993 1586 1101 1634 quod
1129 1599 1342 1636 nunquam
1370 1586 1584 1635 prouocari
1614 1586 1807 1635 potueris,
1837 1598 1910 1624 nec

314 1637 487 1674 Atensis
507 1640 742 1687 autoritate,
765 1642 809 1677 vt
830 1639 936 1677 mihi
956 1640 1183 1678 voluminis
1204 1640 1267 1678 tui
1287 1641 1442 1678 faceres
1471 1640 1642 1693 copiam,
1667 1639 1753 1678 imo
1781 1653 1833 1678 ne
1859 1640 1910 1678 ad

315 1690 391 1728 hoc
412 1691 593 1740 quidem,
617 1696 661 1730 vt
682 1706 780 1731 voce
799 1694 867 1732 vel
888 1707 1020 1732 vnum
1035 1694 1236 1744 proferres
1252 1695 1390 1732 locum
1407 1708 1528 1745 quem
1545 1694 1879 1744 reprehendisses
1891 1694 1911 1732 ’.Ρ

316 1746 424 1794 quod
448 1746 670 1785 virulentis
693 1748 903 1795 conuiciis,
931 1748 1016 1786 imo
1039 1749 1276 1795 mendaciis,
1299 1762 1402 1798 opus
1428 1749 1583 1798 passim
1611 1749 1833 1798 asperseris
1853 1747 1910 1797 (id

314 1799 428 1837 enim
451 1800 654 1838 affirmant
667 1802 738 1851 qui
752 1802 957 1848 viderunt,
974 1815 1106 1852 neque
1122 1804 1348 1841 reclamant
1359 1805 1533 1853 paginae
1548 1816 1649 1853 quas
1665 1803 1878 1852 intercepi)
1891 1804 1912 1841 ⁶?

315 1854 422 1902 quod
444 1867 649 1903 nusquam
670 1869 753 1893 non
774 1857 982 1905 praedicas
1011 1870 1056 1895 ac
1085 1857 1246 1895 iactitas
1272 1860 1463 1896 sexcenta
1494 1858 1580 1895 loca
1604 1857 1677 1895 abs
1707 1859 1748 1895 te
1779 1870 1911 1906 repre-

315 1907 455 1955 hensa,
491 1921 567 1946 nec
606 1910 730 1948 vnius
767 1911 935 1948 interim
974 1911 1072 1949 facis
1106 1911 1265 1960 copiam
1279 1912 1299 1949 ‘?
1369 1912 1526 1959 Quaeso
1562 1914 1613 1960 te,
1654 1911 1763 1949 vnde
1800 1912 1910 1950 istud

315 1962 555 2011 exemplum
577 1964 643 2001 vel
663 1965 879 2014 grauitatis
899 1965 965 2003 vel
985 1966 1117 2003 animi
1138 1966 1397 2004 Christiani?

369 2017 413 2054 Si
439 2017 631 2066 prodesse
660 2018 723 2056 vis
753 2019 958 2065 omnibus,
991 2033 1064 2057 cur
1094 2033 1178 2057 11011
1202 2021 1350 2059 aedis?
1406 2021 1451 2058 Si
1479 2033 1546 2058 me
1573 2020 1715 2058 docere
1742 2020 1818 2065 vis,
1839 2031 1913 2057 cur

315 2070 428 2108 solus
451 2083 533 2108 non
554 2071 730 2120 impetro
753 2075 797 2110 vt
817 2074 949 2122 legam
965 2074 984 2111 ⁵?
1041 2074 1084 2111 Si
1110 2074 1187 2111 tibi
1213 2075 1424 2125 scripsisti,
1449 2088 1522 2113 cur
1545 2076 1633 2112 tam
1661 2074 1743 2112 late
1762 2073 1910 2112 volitat

316 2123 453 2163 liber?
510 2124 550 2162 Si
573 2125 722 2164 diffidis
743 2128 851 2175 operi
873 2130 955 2175 tuo,
980 2141 1053 2165 cur
1073 2129 1130 2166 sic
1151 2128 1304 2178 vbique
1324 2130 1451 2167 iactas
1467 2130 1486 2167 ⁸?
1543 2128 1586 2166 Si
1607 2128 1713 2176 fidis,
1733 2141 1805 2166 cur
1825 2129 1912 2166 tam

316 2179 465 2216 anxius
484 2192 527 2216 es
548 2193 600 2217 ne
621 2181 713 2229 quis
733 2181 853 2230 legat.
878 2182 960 2219 nisi
985 2182 1055 2231 qui
1081 2182 1186 2220 mihi
1211 2196 1356 2232 parum
1384 2184 1440 2222 sit
1468 2195 1624 2232 aequus
1640 2184 1660 2220 :³
1717 2182 1783 2220 Ita
1811 2182 1910 2220 dum

784 2287 813 2314 4.
839 2277 879 2307 D.
899 2287 955 2307 om.
974 2279 1011 2307 F.

358 2390 390 2417 4.
416 2379 581 2412 Briareus
617 2379 744 2420 Ateus]
785 2380 946 2420 Possibly
980 2390 1077 2411 mere

315 2422 503 2462 misprints
520 2423 571 2452 for
583 2424 742 2453 Bra‘ardzcs
755 2427 861 2454 Ateus.
878 2424 946 2464 (for
959 2425 1078 2454 whom

316 2475 371 2496 see
406 2466 466 2504 Ep.
492 2466 557 2504 670
581 2466 755 2505 intr0d.]i;
787 2477 825 2497 or
856 2468 1007 2507 perhaps
1031 2478 1078 2498 an

316 2511 469 2549 attempt
492 2511 528 2539 at
552 2509 707 2548 disguise
726 2510 783 2549 (cf.
803 2510 867 2550 Ep.
887 2521 962 2550 993.
980 2513 1076 2549 3711),

315 2553 434 2583 which
466 2553 634 2583 Erasmus
665 2553 768 2584 could
793 2557 854 2585 not
878 2554 1018 2585 trouble
1043 2558 1079 2586 to

317 2596 405 2635 keep
422 2605 470 2635 up
487 2596 547 2635 (cf.
566 2595 588 2626 l.
612 2598 674 2635 14).

363 2649 411 2678 17.
438 2639 627 2679 intercepi]
660 2640 704 2670 In
737 2640 800 2670 the
832 2643 921 2678 Apol.
948 2652 1009 2678 qna
1032 2651 1077 2672 re-

313 2686 438 2720 spondet
457 2683 496 2713 f0.
523 2682 576 2720 13²,
602 2683 720 2713 Jortin
746 2685 782 2715 ii.
807 2694 882 2724 501,
910 2685 1078 2716 Erasmus

315 2726 435 2756 makes
451 2736 497 2756 no
512 2729 624 2757 sceret
642 2726 679 2756 of
693 2727 750 2757 his
768 2728 932 2758 methods
950 2740 956 2758 :
983 2731 989 2745 ⁸
1005 2729 1078 2768 Ego

315 2770 461 2799 interim
476 2770 616 2799 technis
627 2771 792 2801 omnibus
806 2781 915 2801 venor
929 2771 1075 2810 librum,

316 2813 433 2843 nullas
456 2823 527 2843 non
553 2814 706 2844 tendens
730 2815 892 2852 insidias,
909 2815 1077 2845 videlicet

316 2866 386 2895 quo
404 2857 560 2896 paratior
583 2867 694 2887 essem
718 2858 763 2888 ad
788 2858 1074 2897 respondendum

315 2901 345 2931 si
376 2900 520 2939 quando
552 2901 611 2931 illc
647 2910 707 2930 sua
739 2902 948 2940 euulgasset.
1010 2902 1079 2932 Sed

316 2945 449 2974 frustra
481 2944 626 2982 omnia;
659 2954 742 2975 iiam
776 2945 836 2975 ille
870 2955 940 2976 non
974 2947 1077 2985 paulo

317 2988 526 3026 vigilantior
541 2990 611 3017 crat
630 2988 666 3018 in
681 2988 828 3018 celando
841 2998 944 3026 quain
962 2999 1023 3029 ego
1041 2990 1078 3019 in

1172 2281 1220 2309 E:
1244 2279 1391 2310 Atensis
1408 2281 1443 2310 F.

1147 2381 1367 2421 vestigando.
1412 2382 1586 2414 Tentatus
1617 2385 1670 2414 est
1701 2383 1817 2414 scriba
1849 2383 1911 2414 ille

1147 2425 1278 2455 tercius
1309 2426 1486 2464 promissa
1514 2426 1676 2466 pecunia.
1740 2427 1911 2466 Coeperat

1148 2469 1240 2509 apud
1256 2469 1430 2499 Atensem
1444 2470 1607 2501 describi.
1650 2470 1858 2509 Olfeceram,
1875 2472 1910 2501 et

1147 2512 1219 2542 iani
1237 2511 1326 2542 duas
1337 2512 1491 2552 pagellas
1504 2514 1786 2553 intercepe1·am;
1811 2513 1911 2544 habi-

1147 2557 1251 2586 turus
1267 2557 1302 2586 et
1320 2559 1485 2590 caeteras,
1505 2557 1543 2586 ni
1566 2566 1610 2587 ex
1631 2566 1709 2587 meo
1734 2557 1911 2597 colloquio

1146 2599 1362 2629 suboluisset
1393 2600 1520 2630 Atensi
1558 2601 1711 2631 scribam
1750 2610 1823 2631 non
1856 2603 1910 2632 sat

1147 2643 1239 2672 bona
1265 2642 1333 2672 fide
1357 2643 1487 2673 celasse
1512 2653 1598 2674 rem.
1646 2644 1690 2674 Id
1713 2644 1773 2674 vbi
1797 2645 1910 2675 sensit

1147 2685 1249 2725 Lens,
1265 2686 1307 2716 ab
1325 2686 1454 2716 Atensi
1468 2688 1596 2727 repetit
1609 2687 1790 2718 codicem.'
1839 2687 1910 2718 But

1146 2729 1185 2760 in
1204 2729 1267 2769 Ep.
1293 2739 1374 2768 1053
1392 2730 1435 2760 he
1453 2731 1482 2759 is
1500 2730 1568 2761 less
1585 2730 1742 2770 explicit.

1193 2773 1240 2803 18.
1270 2773 1452 2813 sexcenta]
1471 2774 1557 2804 This
1572 2775 1662 2804 term
1677 2775 1706 2805 is
1719 2775 1805 2814 only
1821 2774 1909 2805 used

1146 2816 1314 2855 vagucly:
1347 2817 1388 2846 cf.
1414 2820 1505 2853 Apol.
1531 2827 1593 2854 qua
1620 2821 1778 2854 respondet
1798 2818 1839 2848 f0.
1864 2816 1908 2848 E*

1144 2862 1192 2897 νο,
1211 2859 1331 2889 Jortin
1349 2860 1386 2890 ii.
1405 2869 1479 2899 517.
1529 2860 1574 2891 In
1599 2860 1662 2900 Ep.
1686 2861 1760 2892 886.
1785 2870 1824 2900 72
1847 2861 1910 2892 the

1147 2903 1255 2941 figure
1273 2904 1414 2942 isgiven
1429 2913 1466 2933 :is
1480 2913 1558 2942 200,
1576 2904 1615 2934 in
1630 2905 1692 2944 Ep.
1712 2914 1803 2944 1053.
1819 2914 1860 2944 79
1869 2914 1908 2936 as

1145 2955 1234 2984 3005
1258 2949 1301 2977 ct.
1321 2947 1384 2986 Ep.
1408 2947 1499 2977 1061.
1523 2957 1590 2978 102.

1189 2999 1240 3028 23.
1267 2990 1391 3030 iactas]
1411 2992 1461 3022 Cf.
1482 2991 1543 3030 Ep.
1563 3001 1637 3030 993.
1657 3001 1753 3030 21—5.
