1990 3353
46 126 170 181 1219]
257 128 327 167 TO
365 126 633 166 WILLIAM
671 128 914 176 BLOUNT,
948 127 1096 167 LORD
1134 125 1441 167 MOUNTJOY
1570 128 1649 166 543

44 239 220 278 Lutheri
252 241 323 277 aut
350 238 690 276 Lutheranorum
723 237 840 276 libris
872 251 947 276 nec
975 250 1103 276 vnam
1136 237 1342 288 syllabam
1376 250 1463 276 esse
1496 250 1645 284 meam,
1670 255 1709 286 25

44 296 118 332 aut
142 306 208 331 me
228 294 392 332 conscio
415 293 626 342 scriptam.
687 292 772 330 Nec
801 291 916 340 faui3
945 292 1028 330 nisi
1047 293 1153 330 forte
1172 292 1286 330 fauet
1306 292 1379 342 qui
1405 291 1650 330 dehortatur

46 348 97 386 ab
117 347 324 394 instituto,
357 347 429 396 qui
452 360 526 396 pro
554 346 716 386 viribus
737 346 875 384 obstat
895 360 948 384 ne
967 346 1064 384 libri
1089 346 1206 385 illius
1232 348 1383 384 exeant
1414 346 1459 384 in
1479 346 1643 395 vulgus.

47 401 218 441 Primus
256 402 371 440 enim
410 401 600 439 omnium
638 401 844 450 praesagii
880 401 1070 439 futurum
1107 403 1154 439 vt
1191 401 1291 438 haec
1330 413 1396 439 res
1433 400 1566 439 exiret
1603 399 1650 438 in

46 469 217 506 grauem
238 456 350 495 orbis
370 455 615 494 tumultum.
661 454 746 492 Nec
767 468 864 492 cum
885 454 1070 493 Luthero
1090 458 1166 493 nec
1187 468 1282 493 cum
1302 455 1388 493 vllo
1409 455 1650 493 Lutherano

46 510 192 549 foedus
221 509 520 549 clancularium
550 509 654 547 inii:
695 511 735 547 et
763 509 864 547 adeo
893 522 977 547 non
1006 508 1149 547 addidi
1177 510 1371 558 cuiquam
1400 509 1574 555 animos,
1604 511 1651 546 vt
1671 523 1711 555 30

49 577 196 603 omnes
215 578 318 615 quos
343 564 471 614 potui,
494 565 587 601 tum
607 563 730 602 dictis
756 565 849 601 tum
877 563 1044 612 scriptis
1071 563 1346 601 deterruerim
1377 563 1427 601 ab
1455 563 1650 601 instituto

46 618 287 669 periculoso.
346 619 529 657 Tantum
559 617 845 667 improbabam
865 617 1127 667 quorundam
1155 617 1399 667 praecipites
1428 618 1650 664 tumultus,

45 674 293 723 praesertim
321 673 428 722 apud
459 672 670 722 populum,
700 671 944 722 priusquam
973 671 1073 709 satis
1100 674 1316 722 appareret
1344 685 1543 721 quorsum
1574 672 1654 710 iret

46 728 265 766 Lutherus.

103 781 235 820 Nemo
274 795 359 820 non
398 781 551 820 fatetur
588 780 855 830 disciplinam
892 779 1210 818 ecclesiasticam
1247 779 1374 830 longe
1416 780 1653 829 prolapsam
1673 795 1713 827 35

47 849 134 875 esse
165 849 188 874 a
216 836 466 886 synceritate
494 835 757 885 Euangelica,
788 834 993 884 populum
1023 834 1311 872 Christianum
1339 835 1488 872 multis
1518 835 1655 873 modis

48 894 267 941 grauatum
296 903 394 938 esse,
418 889 690 928 conscientias
718 889 941 928 hominum
960 889 1087 927 variis
1114 889 1231 927 tricis
1257 889 1512 938 illaqueatas.
1572 889 1655 927 His

49 945 172 984 malis
192 945 403 983 Lutherus
421 944 542 982 bonis
561 957 606 982 ac
621 944 754 983 doctis
768 944 987 983 videbatur
1006 943 1237 981 remedium
1252 943 1418 993 aliquod
1439 943 1651 981 allaturus.

48 999 104 1038 Et
140 999 297 1049 passim
335 998 575 1037 fauentibus
614 998 821 1045 omnibus,
865 998 978 1036 solus
1014 997 1137 1036 extiti
1174 997 1371 1045 monitor,
1413 999 1460 1035 vt
1508 997 1653 1035 stilum

48 1056 226 1092 verteret
245 1067 291 1092 ac
321 1053 538 1103 negocium
559 1055 756 1091 tractaret
777 1052 1031 1102 Euangelica
1059 1052 1391 1091 mansuetudine.
1452 1051 1586 1090 Nemo
1611 1055 1653 1090 te
1674 1067 1715 1098 40

48 1108 201 1146 melius
234 1109 350 1146 nouit
386 1121 512 1157 quam
546 1107 652 1145 mihi
686 1121 848 1157 semper
881 1106 995 1145 cordi
1029 1107 1155 1145 fuerit
1188 1119 1278 1155 pax,
1311 1120 1434 1156 quam
1466 1106 1654 1144 inuisum

48 1162 218 1201 bellum.
276 1163 425 1212 Itaque
463 1163 498 1200 si
536 1162 749 1200 Lutherus
788 1162 929 1200 omnia
958 1175 1054 1199 vere
1087 1161 1336 1210 scripsisset,
1370 1161 1479 1198 mihi
1514 1163 1655 1199 tamen

48 1230 297 1267 magnopere
332 1217 568 1266 displiceret
602 1217 797 1254 seditiosa
830 1216 1015 1254 libertas.
1072 1215 1161 1264 Ego
1194 1216 1263 1253 vel
1297 1215 1387 1253 falli
1425 1215 1573 1253 malim
1607 1216 1654 1253 in

50 1272 268 1310 nonnullis
288 1285 412 1321 quam
441 1273 559 1309 tanto
589 1271 699 1309 orbis
728 1270 914 1309 tumultu
945 1283 1018 1320 pro
1038 1271 1212 1309 veritate
1238 1270 1465 1319 digladiari.
1526 1270 1580 1307 Et
1610 1270 1653 1307 in

50 1326 289 1364 huiusmodi
320 1325 668 1371 contentionibus,
698 1327 792 1374 post
821 1329 1015 1364 cruentas
1043 1324 1154 1363 rixas
1184 1337 1227 1362 re
1256 1324 1449 1372 discussa,
1482 1324 1653 1362 tandem
1674 1336 1713 1366 45

49 1380 302 1429 comperitur
321 1380 540 1430 aliquoties
559 1381 703 1418 eadem
725 1392 813 1418 esse
833 1380 962 1428 partis
981 1379 1198 1428 vtriusque
1217 1379 1438 1426 sententia,
1455 1379 1505 1417 de
1518 1378 1655 1416 verbis

51 1435 175 1473 modo
205 1435 451 1473 dimicatum
481 1434 619 1472 fuisse.
681 1434 957 1484 Euangelicae
991 1434 1201 1472 doctrinae
1229 1433 1468 1483 Christique
1499 1433 1654 1481 gloriae

51 1502 214 1538 semper
233 1489 334 1536 faui,
355 1488 476 1527 bonis
500 1488 634 1527 literis
664 1488 863 1526 hactenus
883 1488 978 1534 faui,
1002 1490 1049 1526 vt
1074 1488 1281 1526 seruirent
1311 1488 1462 1536 gloriae
1482 1487 1651 1526 Christi.

4 1556 6 1559 ·
50 1543 254 1582 Dolebam
283 1544 378 1593 plus
407 1543 508 1581 satis
538 1543 668 1581 tribui
697 1542 931 1592 theologiae
963 1542 1229 1592 argutatrici:
1269 1544 1452 1580 veterem
1486 1555 1654 1590 prorsus

49 1598 202 1636 aboleri
222 1599 448 1637 molestum
468 1600 568 1635 erat.
1676 1614 1715 1644 50

107 1653 189 1690 Hic
210 1653 290 1691 fuit
310 1665 458 1702 scopus
481 1651 822 1690 lucubrationum
848 1664 1047 1689 mearum.
1107 1650 1193 1689 Nec
1218 1651 1345 1689 huius
1372 1650 1558 1688 instituti
1587 1664 1654 1688 me

0 1730 1 1744 1
52 1707 247 1756 poenitet.
290 1707 525 1745 Lutherum
543 1706 803 1745 exoriturum
824 1706 895 1756 qui
914 1705 1034 1755 potui
1054 1705 1252 1752 diuinare,
1273 1706 1344 1755 qui
1366 1705 1468 1743 meis
1489 1704 1655 1754 scriptis

50 1761 321 1800 abuteretur?
377 1761 541 1799 Iactant
570 1761 684 1799 enim
717 1760 841 1799 illum
870 1760 1071 1809 quaedam
1108 1773 1129 1797 e
1164 1760 1268 1798 meis
1301 1759 1420 1797 libris
1454 1759 1651 1798 hausisse.

50 1818 110 1854 At
131 1830 212 1865 quo
237 1818 354 1865 pacto
374 1829 522 1866 queam
549 1818 758 1865 praestare
784 1829 836 1853 ne
857 1815 951 1864 quis
977 1815 1081 1852 meis
1107 1814 1272 1864 scriptis
1295 1814 1502 1860 abutatur,
1525 1827 1655 1863 quum

51 1870 225 1919 plurimi
243 1871 330 1909 sint
350 1870 468 1908 abusi
493 1870 612 1908 libris
633 1869 931 1919 Euangelicis‘?
987 1869 1042 1907 Et
1074 1872 1214 1907 tamen
1240 1869 1276 1907 si
1297 1869 1389 1919 quis
1417 1869 1517 1906 deus
1549 1868 1655 1906 mihi
1677 1882 1715 1912 55

50 1925 323 1974 praedixisset
348 1925 425 1963 hoc
451 1925 640 1963 seculum
666 1925 935 1971 exoriturum,
959 1923 1162 1973 quaedam
1187 1925 1260 1961 aut
1286 1937 1370 1961 non
1397 1923 1655 1972 scripsissem

53 1981 124 2017 aut
155 1979 274 2018 aliter
304 1978 587 2029 scripsissem:
629 1992 712 2017 non
743 1978 853 2028 quod
892 1978 1122 2027 perniciosa
1155 1977 1404 2027 scripserim,
1439 1977 1510 2015 sed
1544 1978 1655 2027 quod

52 2046 137 2071 non
172 2033 313 2072 omnia
344 2034 493 2083 quouis
525 2036 711 2083 tempore
746 2035 857 2071 recte
890 2033 1098 2070 dicuntur.
1158 2033 1298 2081 Atque
1332 2046 1405 2081 ego
1443 2044 1540 2069 sane
1580 2032 1657 2069 hoc

52 2088 194 2126 animo
215 2101 310 2127 sum
323 2091 369 2126 vt
389 2101 440 2126 ne
453 2088 606 2126 Turcas
619 2087 788 2138 quidem
809 2086 973 2137 cupiam
993 2086 1215 2134 offendere,
1232 2087 1268 2124 si
1288 2086 1419 2124 liceat.
1459 2086 1656 2127 Germani

54 2143 239 2181 fremunt
273 2143 318 2180 in
351 2155 418 2180 me
450 2142 560 2192 quod
594 2143 789 2180 aduerser
823 2141 1033 2188 Luther0;
1078 2143 1119 2179 et
1152 2141 1287 2189 isthic,
1320 2143 1366 2178 vt
1396 2140 1528 2186 video,
1563 2154 1657 2178 sum
1677 2149 1718 2179 60

54 2197 350 2236 Lutheranus‘?
405 2196 474 2235 Ita
509 2196 640 2235 veluti
673 2196 905 2234 Mercurius
938 2195 1146 2245 quispiam
1180 2195 1386 2234 versatilis
1424 2194 1530 2232 alius
1563 2208 1657 2232 sum

54 2252 131 2299 hic,
165 2252 272 2290 alius
299 2251 435 2290 isthic.
497 2251 581 2289 Nec
609 2250 772 2289 technis
802 2250 1077 2301 quorundam,
1110 2263 1185 2288 nec
1214 2249 1413 2298 pollicitis
1441 2262 1516 2287 nec
1552 2249 1658 2286 odiis

53 2306 231 2345 aliorum
251 2319 437 2355 vnquam
466 2305 641 2356 perpelli
668 2305 797 2355 potui,
819 2308 891 2343 aut
919 2307 1076 2354 potero,
1096 2307 1142 2342 vt
1167 2304 1274 2342 alius
1297 2303 1377 2342 sim
1399 2316 1523 2353 quam
1545 2303 1658 2341 Chri-

55 2361 228 2400 stianus.
287 2360 393 2398 Male
422 2360 478 2398 sit
506 2360 701 2398 omnibus
729 2359 801 2409 qui
829 2359 1012 2408 gaudent
1040 2358 1306 2397 dissidiorum
1334 2357 1556 2396 vocabulis.
1615 2357 1659 2395 Si

56 2415 318 2453 Lutheranus
345 2416 408 2452 est
428 2416 499 2464 qui
525 2417 666 2452 tuetur
687 2414 883 2463 quicquid
904 2413 1110 2452 Lutherus
1142 2413 1307 2462 scripsit
1333 2414 1403 2450 aut
1431 2412 1660 2461 scripturus
1678 2420 1718 2461 65

101 2531 152 2561 25.
180 2531 245 2552 1100
258 2531 365 2552 vnam
381 2520 571 2562 syllabam]
587 2520 639 2552 Cf.
655 2522 716 2561 Ep.
728 2522 819 2551 1218.

56 2575 108 2596 20.

101 2619 153 2648 35.
180 2608 290 2639 Nemo
307 2608 396 2647 non']
422 2608 473 2639 Cf.
495 2607 635 2639 Faber's
653 2611 823 2639 Consilium

62 2656 130 2692 [see
155 2662 187 2691 p.
214 2655 321 2693 357):
356 2651 508 2682 ‘Nullus
538 2653 679 2691 ignorat
713 2653 823 2683 vitam

57 2696 303 2727 Christianam
343 2696 446 2726 rebus
484 2696 659 2735 paulatim
694 2697 731 2726 in
765 2696 824 2726 de—

58 2741 173 2771 terius
198 2739 466 2778 prolabentibus
491 2739 650 2770 multum
675 2739 824 2776 degene-

60 2793 153 2813 rasse
185 2784 229 2813 ab
266 2782 327 2813 illa
360 2792 510 2822 syncera
541 2783 677 2814 Christi
710 2783 824 2813 Euan-

56 2827 168 2866 gelica
206 2826 380 2866 doctrina,
415 2826 501 2857 adeo
537 2830 575 2856 vt
614 2836 720 2857 nemo
752 2837 823 2857 11011

59 2872 212 2901 fateatur
229 2893 236 2901 .
257 2893 263 2900 .
279 2869 301 2901 .’

103 2924 154 2953 39.
182 2913 356 2954 monitor]
375 2913 426 2944 Cf.
444 2913 506 2952 Ep.
527 2914 602 2953 980.
620 2914 738 2952 385¹.

102 2967 154 2994 40.
180 2957 290 2988 Nemo
321 2960 356 2987 te
386 2955 531 2998 melius]
563 2958 620 2987 An
655 2957 825 2996 eloquent

60 3001 255 3041 testimony
271 3007 306 3031 to
323 3001 384 3031 the
402 3000 578 3041 intimacy
595 3001 631 3031 of
644 3001 824 3031 Erasmus'

893 2521 1062 2551 relations
1081 2520 1170 2549 with
1187 2519 1245 2549 his
1266 2522 1273 2535 ‘
1288 2519 1472 2549 Moecenas
1491 2518 1659 2549 vetustis-

892 2565 1004 2595 simus
1018 2563 1025 2575 '
1045 2564 1149 2603 fflpp.
1170 2564 1241 2601 783.
1262 2573 1314 2601 30,
1333 2563 1409 2601 829.
1427 2563 1476 2602 3).

936 2617 987 2646 41.
1014 2608 1174 2637 inuisum
1205 2605 1355 2646 bellum]
1384 2606 1450 2636 For
1476 2606 1534 2635 his
1560 2606 1659 2635 wzit-

894 2653 974 2691 ings·
992 2651 1130 2691 against
1146 2660 1221 2681 war
1238 2660 1293 2680 see
1312 2659 1334 2685 1.
1355 2659 1386 2688 p.
1404 2659 1455 2688 37.
1478 2659 1550 2688 7s9,
1571 2649 1656 2688 Epp.

894 2696 966 2729 288,
988 2705 1061 2734 575.
1083 2704 1159 2727 1111,
1179 2695 1254 2733 603,
1278 2693 1351 2723 and
1375 2693 1438 2723 the
1463 2693 1660 2732 Panegyric

894 2740 998 2778 (Epp.
1029 2748 1098 2776 179,
1129 2738 1215 2775 180).
1262 2737 1332 2768 His
1364 2736 1497 2775 feeling
1528 2746 1573 2766 011
1599 2736 1660 2766 the

895 2782 1031 2821 subject
1059 2781 1182 2811 breaks
1208 2783 1269 2811 out
1300 2780 1504 2819 repeatedly
1533 2780 1570 2809 in
1603 2780 1660 2810 liis

895 2827 1030 2862 letters,
1058 2836 1123 2864 eg.
1153 2825 1238 2864 Epp.
1258 2825 1332 2863 289.
1351 2833 1425 2861 2-3,
1446 2833 1520 2862 335.
1543 2824 1656 2859 180-1,

895 2880 968 2909 549·
995 2871 1092 2907 6-30,
1120 2870 1194 2907 586-
1221 2877 1338 2906 253·7,
1365 2878 1436 2906 704-
1465 2869 1560 2905 46-7,
1586 2867 1660 2904 858·

894 2914 1033 2951 248-51.
1048 2913 1189 2950 378-87,
1208 2921 1282 2950 919-
1302 2921 1420 2950 35-41,
1436 2920 1525 2947 1225.
1541 2919 1604 2948 225
1616 2912 1658 2940 ⁷6.

938 2966 988 2995 53.
1019 2954 1177 2995 Inctant]
1197 2954 1247 2985 Cf.
1266 2955 1329 2994 Ep.
1352 2964 1442 2993 1195.
1465 2955 1517 2984 62.

938 3010 989 3040 59.
1016 2998 1160 3040 Turcas]
1179 2998 1228 3029 Cf.
1252 2999 1314 3038 Ep.
1338 3008 1429 3036 1041.
1448 2998 1526 3028 2811.
