1990 3353
117 123 235 176 1119]
1638 134 1719 173 297

517 314 640 356 1119.
702 314 764 356 To
797 315 985 358 GEORGE
1018 318 1326 362 SPALATINUS.

157 474 353 521 Epistolae
370 478 416 512 acl
436 477 602 514 diuersos
619 492 655 524 p.
677 489 756 524 523.
1446 478 1622 516 Louvain.

157 533 250 570 HN:
278 534 394 570 Lond.
414 535 493 570 xiii.
514 548 582 580 40:
610 537 683 572 LB.
703 546 781 583 512.
1408 540 1430 574 6
1447 538 1536 584 July
1559 548 1659 584 1520.

157 629 222 671 [As
245 631 307 661 the
330 632 503 671 Imperial
528 631 693 673 Election
717 631 748 662 is
771 642 855 664 over
880 633 917 673 (l.
941 633 990 673 8)⁷
1016 633 1102 673 only
1126 643 1218 673 1519,
1243 644 1335 673 1520,
1358 644 1439 675 1521
1466 645 1527 666 are
1549 635 1713 674 possible.

112 673 180 703 For
194 675 338 705 various
353 685 497 706 reasons
516 684 600 715 1519
615 676 647 706 is
662 675 846 716 unlikely:
870 676 910 707 in
936 685 1016 715 1521
1040 679 1077 708 at
1101 678 1176 708 this
1197 677 1288 708 time
1315 678 1379 709 the
1402 679 1533 710 breach
1555 679 1717 710 between

111 716 252 748 Hutten
271 718 308 759 (l.
326 718 384 759 33)
401 719 475 750 and
493 720 661 750 Erasmus
677 720 749 750 had
771 720 899 760 begun.
943 730 1029 760 1520
1052 721 1082 752 is
1105 721 1355 753 corroborated
1379 723 1427 761 by
1444 722 1623 753 Erasmus'
1640 733 1716 763 pro-

105 760 225 799 jected
241 763 366 793 return
384 764 421 793 to
440 763 620 802 Germany
637 763 690 804 (ll.
704 763 806 804 22—3)
822 764 894 794 and
912 764 958 803 by
971 764 1033 795 the
1050 764 1159 795 letter
1176 766 1213 796 to
1230 765 1489 797 Melanchthon
1509 767 1546 808 (1.
1560 766 1650 807 26).]

165 865 373 897 ERASMvs
404 868 739 899 ROTERODAMVS
771 868 1110 900 INCORRVPTISS.
1136 868 1378 900 THEOLOGO
1410 870 1451 900 D.
1472 870 1672 901 GEORGIO

251 935 521 976 SPALATINO,
556 937 829 969 ILLVSTRISS.
852 938 955 969 SAX.
978 937 1114 968 DVCIS
1146 939 1174 967 A
1210 937 1450 978 CONSILIIS,
1483 939 1514 969 S.
1538 939 1579 970 D.

159 1035 434 1083 ΑᾙΕΧΑΝΒΕΒ,
452 1036 618 1074 iuuenis
636 1036 758 1085 longe
779 1034 1115 1082 candidissimus,
1135 1034 1316 1072 reddidit
1337 1035 1443 1073 mihi
1463 1037 1555 1074 tuas
1574 1036 1717 1075 literas

107 1089 450 1138 exoptatissimas,
483 1104 565 1129 vna
598 1104 695 1128 cum
730 1090 890 1128 duobus
923 1089 1199 1136 nomismatis.
1232 1089 1380 1137 optimi
1412 1090 1624 1139 Principis
1652 1091 1717 1129 tui

105 1142 247 1181 viuam
282 1143 510 1194 imaginem
545 1145 664 1183 nobis
697 1144 983 1183 referentibus.
1058 1144 1147 1192 Quo
1181 1156 1277 1181 sane
1312 1144 1420 1182 dono
1454 1146 1587 1194 magis
1620 1159 1715 1184 sum

105 1196 359 1236 exhilaratus
384 1212 507 1248 quam
532 1199 569 1237 si
595 1200 702 1237 mihi
730 1199 915 1237 misisset
944 1198 1037 1237 auri
1066 1198 1275 1236 talentum
1294 1198 1502 1238 Atticum.
1564 1199 1643 1238 Ille
1672 1213 1716 1238 se

105 1251 211 1289 mihi
232 1252 348 1291 misit
367 1256 611 1302 argenteum
632 1256 673 1292 et
694 1267 877 1302 aureum⁷
902 1266 975 1302 ego
995 1265 1064 1290 me
1083 1252 1267 1290 vicissim
1294 1253 1360 1290 illi
1385 1253 1510 1292 mitto
1535 1267 1711 1294 aereum.

104 1304 331 1356 Vtriusque
359 1308 520 1346 meritis
548 1309 767 1358 respondet
794 1307 978 1346 materia.
1040 1307 1148 1355 Quid
1184 1307 1296 1344 enim
1331 1307 1376 1344 in
1410 1307 1490 1346 isto
1520 1308 1716 1359 Principe

104 1372 188 1398 non
226 1363 434 1400 aureum?
477 1363 549 1412 qui
581 1376 655 1413 pro
687 1362 979 1412 magnitudine
1009 1361 1141 1399 animi
1172 1360 1395 1411 plusquam
1429 1362 1593 1401 heroica
1625 1377 1716 1402 con-

103 1415 276 1464 tempsit
294 1415 404 1454 vltro
424 1417 608 1455 delatum
629 1418 854 1466 imperium
871 1431 880 1464 3
911 1416 982 1466 qui
1002 1430 1075 1465 pro
1095 1415 1295 1465 singulari
1315 1416 1396 1454 fide
1414 1419 1455 1454 et
1474 1417 1714 1467 integritate

104 1482 177 1507 sua
198 1469 329 1508 nullis
348 1471 542 1519 praemiis
562 1471 676 1510 vinci
699 1472 846 1521 potuit,
872 1484 953 1520 quo
979 1470 1121 1508 minus
1148 1470 1185 1508 ei
1212 1470 1448 1508 decerneret
1474 1471 1710 1521 imperium,

105 1536 230 1572 quem
251 1525 368 1562 oneri
382 1525 549 1564 ferendo
565 1525 790 1564 iudicasset
802 1538 937 1564 vnum
952 1526 1143 1563 omnium
1159 1524 1288 1563 huius
1303 1525 1448 1563 aetatis
1468 1525 1714 1576 Principum

104 1578 285 1616 maxime
318 1578 538 1627 idoneum;
568 1580 639 1629 qui
667 1582 829 1618 tantam
859 1580 947 1618 auri
971 1580 1059 1617 vim
1087 1592 1109 1617 a
1137 1579 1294 1617 nostris
1324 1580 1508 1618 oblatam
1537 1581 1714 1630 pertina-

105 1632 269 1670 cissime
289 1634 448 1683 respuit
463 1648 473 1680 ;
504 1635 574 1684 qui
594 1635 702 1673 mira
721 1635 898 1684 quadam
925 1634 1147 1684 prudentia
1174 1634 1501 1684 dexteritateque
1527 1635 1714 1674 inaudita

105 1686 307 1725 ditionem
329 1701 450 1726 suam
471 1691 590 1727 ornat
614 1703 660 1727 ac
687 1689 927 1738 locupletat,
947 1689 1072 1738 idque
1099 1688 1216 1726 nulla
1242 1688 1521 1726 finitimorum
1545 1689 1709 1738 iniuria,

104 1741 174 1779 sed
195 1742 386 1781 omnium
405 1743 544 1792 potius
565 1743 732 1793 publico
755 1744 889 1790 bono;
919 1743 991 1792 qui
1018 1755 1127 1780 noua
1151 1743 1293 1780 schola
1319 1756 1408 1780 rem
1434 1743 1713 1783 Christianam

103 1795 232 1845 auxit,
256 1810 381 1846 quam
404 1797 528 1836 annis
553 1798 768 1848 perpaucis
793 1811 843 1835 ex
870 1811 962 1836 rara
987 1797 1230 1846 frigidaque,
1256 1797 1370 1835 omni
1396 1797 1637 1847 linguarum
1667 1813 1713 1838 ac

101 1850 317 1889 literarum
355 1865 503 1900 genere
540 1853 882 1891 florentissimam
921 1851 1112 1898 reddidit,
1153 1865 1199 1889 ea
1243 1852 1526 1891 moderatione
1565 1854 1713 1892 fauens

101 1905 273 1953 optimis
291 1905 455 1954 studiis,
478 1909 526 1945 vt
544 1910 685 1945 tamen
709 1920 794 1945 non
817 1906 872 1946 sit
893 1906 1043 1944 veteris
1071 1906 1282 1943 doctrinae
1310 1907 1494 1955 patronis
1524 1908 1634 1956 quod
1664 1909 1714 1946 de

101 1958 176 1997 illo
196 1963 432 2008 querantur.
493 1961 810 2011 Ingratissimae
829 1961 982 2008 literae,
1006 1960 1090 1998 nisi
1109 1961 1235 1998 huius
1254 1961 1394 1999 herois
1413 1961 1563 2000 merita
1582 1963 1713 2000 moni-

101 2014 256 2052 mentis
276 2018 514 2054 consecrent
534 2029 752 2066 nunquam
771 2015 1108 2054 intermoritur-is.
1169 2014 1307 2053 Debeo
1328 2015 1392 2052 1111
1411 2017 1606 2065 priuatim
1627 2030 1713 2065 per-

101 2067 295 2115 multum,
319 2069 389 2107 sed
416 2070 550 2109 multo
575 2071 671 2120 plus
695 2070 862 2120 publico
888 2070 1122 2108 studiorum
1148 2070 1328 2106 nomine.
1389 2072 1529 2119 Atque
1549 2071 1711 2109 vtinam

103 2134 150 2160 ea
186 2122 365 2161 felicitas
401 2124 509 2162 mihi
547 2125 761 2175 contingat
797 2125 842 2163 in
876 2125 973 2171 vita,
1011 2126 1057 2162 vt
1094 2123 1302 2173 inclytum
1341 2124 1580 2174 Principem
1615 2138 1711 2164 cum

102 2177 330 2215 Academia
348 2178 514 2217 florenti
525 2179 668 2219 videre
686 2179 831 2219 liceat!
871 2179 923 2216 Ni
940 2178 1071 2226 fallor,
1086 2179 1164 2216 hoc
1184 2180 1388 2216 autumno
1408 2192 1501 2216 sum
1521 2179 1710 2218 aditurus

104 2231 394 2271 Germaniam:
439 2234 603 2272 adnitar
635 2234 814 2272 inuisere
848 2247 934 2281 vos,
973 2233 1007 2271 si
1042 2233 1164 2270 modo
1198 2234 1289 2270 tuto
1329 2233 1461 2271 liceat.
1533 2233 1710 2272 Interim

140 2353 202 2375 Trr.
223 2354 477 2377 INCORRVPTISS.
495 2357 677 2379 THEOLOGO
695 2358 726 2379 1).
745 2360 805 2380 om.
820 2352 864 2380 H.
951 2357 1156 2379 ILLVSTRISS.
1179 2372 1187 2380 .
1206 2373 1212 2379 .
1231 2371 1239 2379 .
1259 2357 1427 2379 cons-nam
1444 2360 1501 2380 om.
1518 2352 1560 2381 H.
1677 2352 1709 2383 8.

92 2388 153 2425 qui
170 2398 234 2428 pro
250 2391 307 2420 H:
331 2400 400 2429 quo
415 2393 452 2421 F.

150 2509 174 2529 1.
201 2499 421 2541 Alexander]
475 2500 634 2540 Perhaps
673 2502 871 2541 Schweiss3
930 2504 1088 2544 George:
1112 2513 1170 2534 see
1187 2503 1248 2543 Ep.
1270 2513 1364 2542 1125.
1384 2514 1435 2543 52.

100 2552 155 2573 see
172 2542 235 2582 Ep.
254 2552 336 2581 1192
353 2543 485 2575 introd.
973 2557 1003 2587 5.
1031 2546 1191 2588 aereum]
1217 2548 1282 2578 See
1298 2547 1360 2588 Ep.
1384 2558 1478 2587 1092.
1496 2558 1553 2580 211.

188 2585 328 2627 literas]
367 2587 443 2617 One
489 2588 527 2618 of
574 2588 675 2619 these
720 2590 873 2630 perhaps
976 2602 1003 2630 7.
1030 2590 1265 2632 contempsit]
1290 2591 1341 2622 Cf.
1368 2592 1457 2631 Epp.
1485 2601 1578 2622 1001.
1605 2594 1703 2632 58-9,

100 2630 283 2660 answered
302 2630 363 2670 Ep.
385 2640 464 2661 1001
483 2642 490 2661 :
514 2631 556 2662 cf.
575 2631 596 2662 l.
617 2642 673 2663 2n.
934 2645 1026 2674 1030.
1047 2636 1165 2674 53-64.

144 2682 175 2703 2.
200 2673 444 2714 nomismatis]
491 2674 543 2705 Cf.
584 2675 647 2714 Ep.
692 2686 785 2707 1101.
815 2678 871 2708 6n.
979 2689 1028 2716 14.
1056 2688 1151 2709 noua
1188 2677 1324 2719 schola]
1349 2679 1578 2720 Wittenberg
1617 2680 1705 2711 Uni-

100 2716 174 2747 The
192 2717 394 2756 spe‹:imens
403 2727 484 2748 now
501 2720 579 2748 sent
596 2728 689 2749 were
707 2730 753 2750 no
764 2720 875 2752 doubt
932 2722 1068 2761 versity
1084 2733 1092 2761 ς
1116 2721 1158 2752 cf.
1177 2721 1239 2761 Ep.
1257 2731 1350 2761 1125.
1373 2731 1487 2761 14-15.

100 2760 275 2791 intended
303 2764 338 2791 to
366 2764 594 2800 compensate
624 2762 678 2793 for
709 2764 772 2794 the
804 2765 875 2795 loss
976 2776 1027 2795 22.
1056 2766 1123 2795 hoc
1153 2765 1344 2806 autumno]
1381 2767 1426 2797 In
1458 2768 1648 2798 execution
1672 2768 1711 2798 of

98 2803 135 2834 of
157 2804 220 2834 the
244 2814 312 2834 one
332 2807 413 2834 sent
429 2805 468 2834 in
490 2806 571 2844 1518
589 2816 595 2843 ;
620 2816 677 2836 see
694 2807 757 2846 Ep.
779 2818 870 2839 1001.
932 2809 989 2839 his·
1006 2808 1092 2848 plan
1109 2809 1247 2839 formed
1261 2810 1389 2840 earlier
1402 2811 1439 2840 in
1457 2810 1518 2840 the
1531 2820 1637 2848 year:
1661 2812 1702 2842 cf.

97 2856 176 2885 41n.
933 2853 994 2892 Ep.
1018 2854 1110 2891 1078.
1129 2854 1208 2883 6211.

189 2890 384 2932 Principis]
440 2891 542 2922 Duke
597 2891 789 2925 Frederick
841 2896 878 2926 of
976 2906 1032 2935 23.
1059 2896 1216 2927 inuisere
1228 2896 1304 2937 vos]
1328 2896 1415 2927 This
1427 2898 1525 2927 must
1537 2898 1578 2927 be
1597 2897 1705 2928 taken

96 2934 255 2974 Saxony.
932 2939 1103 2979 literally,
1120 2942 1184 2970 not
1208 2949 1246 2970 as
1269 2950 1314 2970 an
1333 2941 1543 2971 intimation
1563 2940 1620 2981 (cf.
1641 2941 1704 2980 Ep.

140 2988 173 3017 4.
198 2978 377 3009 talentum
396 2978 576 3019 Atticum]
600 2978 773 3011 Erasmus
795 2991 876 3012 uses
931 2984 995 3022 964
1016 2983 1164 3023 introd.)
1182 2983 1261 3014 that
1290 2985 1335 3014 he
1358 2984 1477 3014 would
1505 2984 1579 3014 like
1605 2986 1640 3014 to
1665 2984 1705 3013 bo

97 3021 158 3051 the
187 3032 284 3053 same
318 3022 430 3061 figure
461 3023 500 3052 in
530 3023 675 3062 writing
704 3026 741 3053 to
774 3025 874 3056 Duke
933 3025 1071 3056 inritml
1090 3029 1125 3057 to
1143 3027 1249 3057 settle
1273 3030 1308 3057 at
1325 3027 1561 3067 Wittenborg.
1609 3027 1705 3057 Such

1735 1265 1751 1296 5

1737 1539 1776 1562 10

1735 1811 1771 1843 15

1733 2084 1773 2105 20
