1990 3353
279 104 359 142 424
751 105 1003 146 LETTERS
1043 107 1111 145 OF
1148 107 1416 147 ERASMUS
1756 107 1881 160 [1520

201 224 261 256 150
281 215 467 254 Homilia
497 215 839 266 quinquagesima
874 218 914 254 et
942 216 1102 266 aliquot
1132 216 1403 267 sequentibus
1434 217 1492 255 sic
1524 217 1712 267 depingit
1746 218 1879 257 ideam

280 270 388 308 vitae
418 270 680 317 monasticae,
702 273 747 307 vt
776 270 936 308 nemini
964 284 1048 309 non
1076 271 1209 309 multa
1237 274 1488 318 succurrant,
1520 272 1593 321 qui
1622 285 1717 310 cum
1747 272 1880 311 nostri

279 324 479 373 temporis
498 324 714 363 monachis
733 324 928 362 habuerit
948 325 1253 363 commercium.
1300 333 1307 343 ·
1323 325 1428 364 Fora
1444 326 1453 340 ⁵
1470 326 1620 375 inquit,
1650 326 1880 375 ‘fugientes

279 380 319 416 et
348 379 538 417 ciuitates
564 380 603 416 et
633 378 794 416 medios
821 379 1042 426 tumultus,
1065 379 1109 417 in
1140 379 1355 418 montibus
1383 380 1513 418 vitam
1542 379 1756 430 elegerunt
1783 394 1879 419 cum

279 434 486 482 praesenti
519 445 739 471 commune
769 432 877 471 nihil
911 433 1145 481 habentem,
1178 434 1285 472 nihil
1321 434 1597 473 sustinentem
1629 435 1874 482 humanum,

202 491 258 523 155
280 500 363 525 non
395 487 622 526 secularem
656 487 890 535 tristiciam,
923 501 1007 526 non
1038 488 1236 535 dolorem,
1270 502 1354 526 non
1385 502 1537 536 curam,
1570 502 1655 527 non
1683 489 1875 538 pericula,

278 554 362 579 non
393 541 576 588 insidias,
610 554 694 579 non
723 542 941 590 inuidiam,
970 555 1053 581 non
1084 543 1343 592 zelotypiam,
1368 556 1453 581 non
1481 542 1678 582 absurdos
1706 556 1877 588 amores,

278 608 362 632 non
384 596 497 633 aliud
520 596 741 645 quicquam
762 596 1033 635 huiusmodi-⁹
1089 597 1251 635 Deinde
1279 611 1375 635 cum
1404 598 1454 635 de
1479 597 1640 635 vilitate
1665 598 1803 636 victus
1833 610 1878 636 ac

278 650 463 697 vestitus,
489 650 538 688 de
558 650 710 689 laboris
729 650 946 699 industria,
971 652 1019 689 de
1049 651 1340 701 hospitalitate,
1364 652 1413 690 de
1434 664 1548 690 sacro
1572 651 1720 699 studio,
1742 651 1877 690 multa

278 704 462 752 dixisset,
486 717 653 743 mensae
674 718 835 755 quoque
855 719 1068 744 sermones
1089 705 1277 755 depingit
1305 706 1415 744 hunc
1440 706 1483 744 in
1505 706 1676 744 modum
1695 721 1703 744 :
1737 706 1815 744 ‘Et
1841 706 1877 744 si

200 758 260 789 160
278 759 342 796 vis
356 759 364 773 ’
381 759 529 809 inquit,
554 759 742 797 ‘illorum
763 760 919 797 discere
940 773 1139 806 mensam,
1159 761 1301 798 accede
1317 761 1497 809 propius,
1517 764 1557 798 et
1573 773 1642 799 eos
1656 760 1878 810 experieris

278 813 376 851 talia
395 816 639 861 eructantes,
663 813 802 853 omnia
823 815 941 853 mitia
960 817 1001 852 et
1021 814 1210 861 iucunda,
1236 817 1276 853 et
1303 814 1480 864 spiritali
1509 815 1647 853 odoris
1673 816 1878 853 suauitate

280 867 426 916 plena3
456 868 621 906 nullum
643 870 763 918 turpe
778 869 951 907 verbum
973 869 1045 907 illa
1060 871 1235 918 possunt
1256 883 1325 907 ora
1344 869 1544 916 emittere,
1562 869 1669 907 nihil
1691 869 1877 917 scurrile,

279 922 388 960 nihil
417 935 620 971 asperum,
656 923 727 961 sed
760 924 900 961 omnia
932 923 1054 961 coelis
1089 924 1242 973 digna.'
1299 924 1394 961 Mox
1424 923 1495 962 vbi
1528 924 1756 962 virulentas
1788 937 1876 973 pro-

278 976 511 1025 phanorum
550 977 871 1015 obtrectationes
911 980 1274 1016 commemorasset
1313 977 1647 1026 Chrysostomus,
1689 978 1871 1023 subiecit,

200 1024 257 1066 165
281 1030 470 1069 ‘Horum
490 1033 630 1069 autem
649 1045 719 1070 ora
738 1031 840 1070 riuis
860 1033 1134 1082 comparanda
1154 1034 1264 1079 sunt,
1282 1033 1406 1070 melle
1425 1032 1694 1071 manantibus
1714 1034 1754 1070 et
1774 1045 1878 1081 pura

279 1085 608 1123 diffundentibus
628 1086 811 1124 fluenta.'
854 1087 1013 1125 Rursus
1034 1087 1222 1125 Homilia
1237 1087 1423 1136 proxima
1441 1101 1450 1125 :
1482 1086 1730 1136 ‘Migremus
1750 1086 1878 1135 igitur

279 1140 329 1177 ad
358 1140 464 1187 illos,
488 1139 584 1178 inde
605 1141 784 1179 sciemus
803 1154 992 1179 mensam
1012 1141 1162 1191 apponi
1182 1141 1302 1179 bonis
1321 1141 1699 1179 innumerabilibus
1721 1140 1876 1179 suauis-

279 1193 441 1241 simam,
466 1207 681 1244 nunquam
702 1195 972 1242 deficientem,
992 1209 1014 1233 a
1034 1195 1297 1234 solicitudine
1318 1195 1501 1242 liberam,
1520 1196 1713 1244 inuidiae,
1730 1194 1878 1233 liuoris

279 1249 320 1286 et
342 1248 478 1286 omnis
497 1248 626 1298 pestis
644 1249 890 1298 immunem,
907 1252 948 1288 et
968 1250 1076 1288 bona
1094 1263 1166 1299 spe
1185 1251 1393 1297 refertam,
1410 1253 1451 1288 et
1472 1250 1605 1288 multa
1625 1251 1876 1288 statuentem

202 1314 258 1348 170
279 1303 496 1352 trophaea:
528 1317 614 1341 non
641 1305 702 1341 est
727 1303 814 1342 illic
840 1304 1060 1353 tumultus,
1086 1318 1169 1342 non
1196 1304 1378 1352 morbus,
1402 1318 1486 1342 non
1513 1304 1584 1350 ira,
1607 1304 1749 1342 omnia
1768 1305 1874 1342 tran-

254 1357 257 1361 ’
280 1357 477 1406 quiHItas,
501 1358 639 1396 omnia
659 1357 766 1408 pax.·'
822 1357 936 1397 Haec
954 1359 1039 1397 illis
1059 1360 1158 1397 sunt
1179 1359 1395 1407 eradenda,
1420 1359 1500 1397 nisi
1521 1359 1683 1397 malunt
1703 1359 1768 1397 sui
1788 1371 1876 1396 esse

279 1411 529 1460 dissimilem
572 1414 614 1450 at
649 1426 733 1450 non
766 1413 864 1452 haec
899 1413 1044 1460 solum,
1080 1427 1226 1451 verum
1260 1413 1400 1451 omnia
1434 1427 1535 1463 quae
1574 1413 1872 1462 Hieronymus,

279 1479 381 1515 quae
420 1467 655 1505 Bernardus
693 1467 743 1505 de
780 1481 876 1506 vera
917 1468 1115 1517 religione
1151 1468 1366 1518 prodidere
1406 1468 1580 1518 scriptis.
1654 1468 1854 1517 'Expedit
1869 1468 1877 1481 '

279 1520 488 1570 inquiunt,
523 1524 592 1559 ‘vt
623 1521 774 1571 vulgus
805 1522 853 1560 de
888 1523 1104 1561 monachis
1135 1523 1291 1572 optime
1321 1523 1497 1560 sentiat.'
1555 1523 1604 1560 Id
1634 1536 1781 1560 verum
1812 1524 1875 1560 est

200 1587 259 1621 175
278 1575 474 1622 fortassis,
499 1575 536 1613 si
562 1577 684 1614 modo
711 1576 831 1625 probi
856 1577 969 1624 sint3
998 1577 1068 1615 sed
1096 1577 1229 1627 magis
1252 1577 1417 1626 expedit
1436 1579 1482 1615 vt
1503 1577 1607 1616 tales
1625 1577 1711 1614 sint
1732 1578 1874 1626 quales

280 1629 423 1667 haberi
444 1630 602 1668 volunt.
665 1630 836 1680 Alioqui
867 1644 1016 1680 magna
1044 1631 1246 1680 pernicies
1277 1633 1348 1679 est,
1373 1631 1408 1668 si
1437 1632 1513 1670 sub
1543 1634 1757 1680 praetextu
1787 1631 1876 1669 reli-

279 1683 413 1733 gionis
439 1684 661 1733 imponant
690 1685 791 1724 orbi.
851 1686 1029 1735 Expedit
1060 1688 1103 1724 vt
1134 1686 1183 1724 de
1212 1685 1446 1735 pastoribus
1476 1686 1562 1724 suis
1591 1686 1695 1723 bene
1729 1687 1882 1723 sentiat

281 1738 470 1787 populus,
503 1740 547 1776 vt
578 1739 626 1777 de
656 1739 865 1789 episcopis,
899 1741 948 1778 de
980 1741 1320 1790 magistratibus:
1355 1740 1471 1778 atin
1501 1740 1577 1778 hos
1607 1740 1686 1780 isti.
1722 1741 1882 1789 quoties

280 1792 417 1837 libuit,
437 1792 707 1831 licentissime
728 1794 1037 1833 debacchantur.

200 1854 261 1885 180
334 1848 491 1886 Verum
513 1848 563 1885 de
583 1848 649 1885 his
671 1848 754 1886 iam
775 1848 903 1886 nimis
924 1849 1068 1887 multa.
1120 1848 1164 1886 Si
1184 1862 1251 1887 me
1271 1849 1424 1897 audies,
1450 1862 1575 1898 quam
1597 1849 1821 1887 minimum
1842 1851 1883 1886 te

282 1900 519 1940 istiusmodi
534 1902 756 1951 tragoediis
776 1903 1036 1941 admiscebis.
1097 1904 1208 1941 Bene
1229 1903 1331 1951 vale,
1355 1903 1419 1941 vir
1440 1903 1610 1952 optime.

337 1954 511 1994 Louanii
532 1969 595 1994 xv.
621 1956 707 1995 Cal.
730 1957 818 1995 Ian.
841 1971 908 1996 AN.
933 1970 1092 1995 M.D.xx.

732 2138 810 2178 117
816 2138 854 2177 4.
917 2136 980 2177 ΤΟ
1012 2136 1200 2177 ΜΑΒΤΙΧ
1233 2136 1440 2178 erslrs.

329 2241 549 2277 Rotterdam
568 2242 656 2284 MS„
677 2241 851 2277 Erasmus
871 2243 939 2278 III.
963 2254 1039 2287 102,
1060 2256 1094 2289 p.
1116 2252 1158 2287 77
1180 2247 1241 2288 (α).
1538 2244 1715 2281 Louvain.

329 2299 518 2335 Horawitz
537 2312 564 2334 v.
586 2310 641 2345 33.
1398 2313 1442 2337 20
1460 2303 1666 2339 December
1684 2302 1838 2350 (1520).

326 2390 427 2432 [This
444 2392 550 2422 letter
564 2391 751 2431 evidently
776 2392 806 2423 is
829 2393 1022 2423 connected
1048 2393 1139 2423 with
1164 2393 1227 2432 Ep.
1252 2394 1344 2433 1189,
1364 2394 1485 2425 which
1508 2395 1612 2434 again
1636 2395 1666 2425 is
1691 2394 1885 2425 connected

283 2435 370 2464 with
386 2435 448 2474 Ep.
466 2445 559 2474 1190.
608 2435 681 2465 The
692 2436 814 2476 points
830 2435 870 2466 of
881 2438 1023 2466 contact
1040 2436 1125 2466 here
1144 2436 1234 2467 with
1254 2437 1340 2477 Epp.
1358 2439 1451 2477 1166,
1470 2448 1551 2478 1177
1566 2438 1638 2468 and
1656 2438 1719 2469 the
1737 2439 1884 2469 obvious

281 2478 436 2508 allusion
456 2479 493 2509 in
512 2479 578 2518 Ep.
598 2489 681 2518 1190
703 2481 739 2510 to
762 2479 825 2510 the
849 2480 1038 2519 gathering
1062 2481 1116 2510 sor
1140 2481 1202 2511 the
1228 2481 1309 2511 Diet
1335 2481 1373 2511 of
1396 2483 1536 2513 Worms
1561 2481 1664 2512 make
1690 2483 1717 2513 it
1741 2491 1823 2521 easy
1847 2483 1883 2512 to

282 2522 399 2561 assign
419 2522 480 2552 the
497 2522 700 2561 year-dates
721 2532 804 2562 1520
821 2523 891 2553 and
912 2523 1023 2563 1521.]

515 2620 640 2651 ERAS.
673 2621 893 2652 ROTEROD.
928 2622 969 2653 D.
1002 2621 1209 2652 MARTINO
1241 2623 1367 2653 LYPS.
1398 2623 1532 2654 BRVX.
1565 2624 1596 2654 S.
1621 2624 1662 2654 D.

340 2712 490 2761 <N>0N
523 2712 681 2760 dubito,
718 2713 777 2750 mi
810 2713 998 2760 Martine,
1036 2713 1138 2763 quin
1171 2714 1254 2752 iam
1295 2713 1454 2753 dudum
1494 2714 1538 2753 in
1576 2728 1643 2753 me
1682 2714 1886 2753 desideres

283 2766 616 2804 humanitatem:
664 2768 733 2805 sed
781 2767 880 2805 haec
926 2780 992 2806 me
1039 2768 1157 2806 docet
1195 2781 1280 2806 non
1324 2771 1470 2807 natura
1514 2769 1584 2807 sed
1627 2769 1885 2808 ineuitabilis

331 2874 425 2905 1173.
448 2883 517 2913 174.
536 2876 588 2904 est
603 2877 674 2905 add.
693 2878 734 2905 H.
818 2876 888 2906 182.
918 2875 1079 2906 Ianuarii
1097 2878 1138 2905 II.
1219 2876 1315 2906 1174.
1333 2887 1362 2907 2.
1380 2877 1468 2908 haec
1481 2887 1557 2908 corr.
1571 2879 1750 2908 Hormoita:
1773 2876 1839 2908 hac
1852 2888 1883 2909 α.

441 2982 533 3013 1174.
553 2992 584 3014 2.
610 2982 891 3024 humanitatem]
913 2984 958 3015 In
976 2983 1123 3024 dealing
1140 2984 1229 3015 with
1245 2985 1365 3016 critics
1382 2996 1389 3015 :
1413 2984 1456 3017 cf.
1479 2984 1542 3024 Ep.
1565 2994 1659 3025 1029.
1678 2995 1736 3024 9n.
