1990 3353
66 132 187 188 1154]
373 134 526 174 FROM
563 133 865 173 ARTLEBUS
904 133 974 172 OF
1011 132 1352 172 BOSKOWITZ
1589 133 1671 172 369

61 245 152 283 eius
170 244 391 283 hominum
406 245 569 295 generis
587 244 638 283 ad
657 246 698 283 te
716 243 940 292 mitterem,
957 244 1029 294 qui
1047 258 1091 283 se
1109 244 1219 294 apud
1234 257 1311 283 nos
1326 243 1453 293 vulgo
1472 243 1669 282 Fratrum

64 299 235 338 nomine
265 299 461 349 apellant.
521 299 687 337 Horum
718 311 816 336 sane
853 297 1174 338 innumerabilis
1210 298 1441 338 multitudo
1478 297 1668 336 omnium
1693 314 1732 336 10

63 353 271 402 ordinum,
303 354 518 404 vtriusque
545 365 677 399 sexus,
709 353 865 391 mirum
894 352 941 391 in
973 353 1148 392 modum
1185 353 1382 400 excreuit,
1416 353 1669 402 augeturque

62 408 108 446 in
143 407 242 446 dies.
313 409 368 447 Et
398 420 633 458 quanquam
669 420 754 445 non
784 406 924 445 desint
961 407 1087 446 etiam
1125 407 1383 447 sacerdotum
1417 406 1590 456 collegia
1629 407 1671 443 et

62 461 394 512 legisperitorum
423 462 587 500 ordines
616 461 689 511 qui
716 461 917 499 aduersus
943 474 1087 500 eorum
1113 462 1308 501 instituta
1331 460 1517 512 quotidie
1538 459 1672 498 multa

64 516 299 555 declament
332 519 373 555 et
407 529 481 566 pro
511 516 692 565 pessimo
725 528 771 554 ac
809 515 935 554 noxio
967 515 1187 555 hominum
1225 529 1387 566 genere,
1424 528 1498 565 pro
1535 513 1671 553 heresi

64 570 247 610 abiciant
265 584 311 610 ac
331 570 610 621 promulgent,
634 569 810 620 denique
831 569 876 607 in
897 569 1110 620 angustias
1136 570 1338 620 plurimas
1363 568 1672 619 pontificalibus

66 625 250 664 censuris
282 638 326 664 ac
357 626 466 675 regia
488 626 690 675 potestate
718 624 894 662 subinde
922 624 1020 662 freti
1047 624 1293 672 detrudant;
1331 627 1473 663 tamen
1501 622 1670 662 interim

65 692 200 729 neque
218 679 485 718 multitudini
503 678 711 718 resistitur
730 691 863 728 neque
883 678 1034 728 dogma
1053 680 1154 718 satis
1169 679 1432 718 conuellitur.
1491 677 1541 716 Id
1563 677 1671 728 quod

65 733 207 772 minus
240 734 349 772 mihi
381 734 506 772 etiam
537 734 589 771 ob
620 746 712 771 eam
745 746 833 771 rem
863 732 1054 771 mirabile
1082 733 1218 772 videri
1247 734 1365 781 solet,
1399 733 1494 782 quia
1522 745 1674 782 paucos

65 788 174 837 apud
200 801 278 826 nos
307 788 510 826 habemus
539 788 613 838 qui
641 787 843 826 aduersus
871 786 1042 826 illorum
1073 788 1283 826 doctrinas
1312 789 1431 838 (quas
1450 786 1595 836 vtique
1623 799 1673 824 ex

67 842 292 891 Scripturis
320 842 522 891 inferunt)
552 842 684 881 solida
713 841 1023 891 Scripturarum
1061 843 1422 892 argumentatione
1460 841 1668 888 resistant,
1698 858 1738 880 20

66 896 263 946 idemque
282 897 408 935 etiam
427 897 512 935 vite
532 896 751 935 sanctioris
770 896 973 946 exemplis
993 896 1136 934 minus
1156 896 1371 935 antistant.

122 951 253 990 Porro
273 954 326 997 te,
349 952 414 990 vir
434 951 600 1001 optime,
622 950 855 1000 rogandum
876 950 1162 1001 orandumque
1183 952 1284 989 duxi
1302 953 1350 989 vt
1369 948 1675 1000 aliquantulum

67 1005 147 1044 tibi
166 1005 367 1055 temporis
386 1005 646 1056 perlegendis
671 1005 766 1043 istis
784 1005 988 1052 desumas,
1012 1004 1113 1043 dum
1141 1005 1271 1044 simul
1290 1004 1507 1044 commodo
1527 1006 1569 1042 et
1588 1003 1678 1053 paci

68 1059 298 1098 multorum
317 1060 530 1108 inseruias,
546 1059 674 1098 simul
693 1060 739 1098 in
758 1059 1111 1098 excellentissimo
1131 1060 1275 1109 procul
1295 1060 1423 1098 dubio
1443 1058 1677 1098 Christiane

68 1114 236 1164 pietatis
266 1128 387 1164 opere
422 1116 462 1153 te
494 1127 718 1153 excerceas.
779 1113 955 1164 Cunque
987 1114 1147 1152 affatim
1186 1114 1380 1153 didiceris
1417 1113 1591 1163 singula,
1634 1125 1703 1149 re«

69 1169 297 1208 admodum
316 1181 517 1218 perpensa
536 1171 579 1207 et
598 1167 840 1218 diligentius
855 1168 1100 1213 examinata,
1117 1169 1394 1219 quodcunque
1413 1168 1492 1206 tibi
1511 1166 1677 1206 salubre

70 1223 253 1262 maxime
283 1236 329 1261 ac
367 1223 647 1262 necessarium
677 1222 819 1261 visum
849 1222 984 1269 fuerit,
1017 1223 1191 1272 proinde
1224 1223 1430 1270 decernas,
1466 1224 1677 1271 postremo

71 1277 307 1316 Christiane
327 1278 494 1327 pietatis
514 1291 705 1316 normam
725 1277 802 1316 hac
821 1278 948 1315 etiam
969 1277 1013 1315 in
1033 1280 1149 1327 parte
1167 1277 1374 1316 exhibeas.
1433 1276 1501 1315 Sic
1521 1275 1678 1314 etenim

70 1332 145 1370 tibi
173 1332 418 1382 persuadeas
445 1332 590 1380 velim,
618 1333 824 1370 nostrates
853 1331 1046 1370 homines
1076 1332 1406 1382 qualemcunque
1434 1330 1604 1370 tandem
1634 1329 1679 1368 in

71 1387 324 1425 sententiam
352 1386 576 1433 transieris,
599 1386 718 1425 facile
746 1399 791 1424 ac
810 1385 993 1424 libenter
1011 1386 1090 1424 tibi
1109 1399 1344 1433 asensuros,
1366 1385 1578 1435 plurisque
1599 1384 1679 1423 ista
1701 1397 1743 1428 30

70 1442 251 1480 facturos
271 1454 397 1491 quam
417 1441 452 1479 si
471 1441 540 1480 vel
566 1441 723 1479 summi
746 1440 965 1479 Pontificis
988 1440 1078 1478 iura
1103 1444 1174 1479 aut
1199 1440 1384 1479 humana
1404 1440 1551 1490 queuis
1570 1438 1680 1478 abdi-

72 1495 285 1534 cationum
305 1494 486 1533 fulmina
504 1495 614 1545 apud
634 1508 703 1533 eos
724 1494 816 1544 quis
834 1494 1043 1533 obtendat.

128 1549 245 1588 Libri
275 1552 315 1588 et
349 1550 503 1599 scripta
532 1549 703 1588 Martini
730 1549 878 1587 Luteri
906 1549 1032 1599 vulgo
1061 1548 1129 1587 hic
1158 1548 1203 1587 in
1233 1549 1428 1587 manibus
1456 1547 1678 1586 hominum

72 1604 278 1643 habentur
304 1604 655 1654 perlegunturque
683 1617 779 1642 cum
803 1604 899 1642 tuis.
960 1603 1214 1642 Incredibile
1243 1604 1358 1642 dictu
1390 1604 1451 1641 est
1478 1604 1679 1652 quantam

73 1658 183 1708 apud
204 1671 350 1697 omnes
369 1658 548 1708 gratiam
567 1658 809 1706 obtineant;
838 1657 1004 1707 fereque
1031 1658 1082 1696 ab
1109 1657 1191 1696 hiis
1220 1658 1321 1696 solis
1346 1657 1591 1696 reiiciuntur
1610 1656 1679 1706 qui
1705 1670 1743 1702 35

73 1712 354 1763 spiritalitatis
373 1726 526 1751 nomen
545 1715 588 1751 et
607 1713 794 1751 arctioris
813 1712 922 1751 vitae
940 1712 1104 1761 regulas
1123 1713 1348 1762 preferunt.
1409 1712 1463 1750 Et
1483 1724 1578 1749 cum
1598 1724 1683 1749 non

74 1780 201 1817 parua
219 1767 372 1806 alicubi
392 1767 437 1805 in
458 1767 619 1806 inuidia
638 1767 734 1814 sint,
758 1780 783 1805 a
808 1767 995 1805 nonullis
1019 1769 1162 1805 tamen
1188 1767 1314 1805 etiam
1343 1766 1679 1804 dissimulantur.

77 1822 278 1870 Quamuis
311 1821 541 1860 multitudo
574 1822 655 1861 ista
684 1835 818 1872 neque
850 1821 1083 1860 doctrinam
1115 1835 1248 1871 neque
1279 1823 1466 1859 mentem
1498 1819 1684 1858 hominis

76 1876 211 1915 sancti
230 1876 332 1915 satis
356 1876 670 1926 perspecta<m>
692 1876 884 1923 habeant,
907 1889 953 1914 ac
980 1876 1156 1926 proinde
1178 1876 1484 1914 inconsiderata
1503 1874 1682 1924 quadam

77 1931 190 1969 rabie
209 1931 408 1978 ferantur,
431 1943 477 1969 ac
496 1931 687 1969 hereseos
704 1930 938 1969 etiamnum
959 1930 1116 1968 crimen
1136 1930 1389 1980 impingunt.
1704 1946 1747 1977 40

131 1985 192 2023 At
211 1984 397 2035 proxime
418 1985 707 2024 Romanistam
726 1984 851 2023 illum
876 1998 1000 2024 suum
1027 1998 1166 2023 nonne
1186 1998 1261 2034 pro
1282 1984 1432 2022 merito
1457 1983 1686 2021 tractauit?

78 2039 203 2078 sicuti
221 2041 378 2078 ceteros
396 2040 582 2079 eiusdem
608 2039 812 2090 proposit-i
831 2040 943 2078 viros
966 2039 1216 2089 iampridem
1236 2040 1504 2089 percusserat.
1567 2037 1686 2085 Quod

79 2094 116 2133 si
143 2093 258 2142 forte,
294 2094 647 2142 quemadmodum
676 2094 803 2144 vulgo
831 2093 939 2144 apud
971 2107 1047 2132 nos
1075 2094 1252 2140 auditur,
1283 2093 1501 2132 hominem
1531 2091 1687 2130 indicta

79 2161 201 2187 causa
224 2148 412 2186 damnari
438 2149 674 2198 contigerit,
703 2147 812 2199 quod
834 2148 957 2196 absit,
980 2148 1118 2198 palam
1147 2151 1209 2186 est
1239 2147 1392 2197 scripta
1414 2150 1455 2185 et
1480 2146 1688 2185 doctrinas

78 2202 196 2241 illius
225 2202 406 2241 inhiberi
439 2216 523 2241 non
555 2216 686 2253 posse,
717 2202 934 2252 nihiloque
967 2203 1019 2241 ob
1054 2203 1130 2241 hoc
1160 2204 1301 2240 minus
1331 2201 1439 2251 apud
1470 2213 1616 2239 omnes
1644 2200 1688 2238 in
1707 2219 1748 2249 45

79 2257 214 2307 pretio
251 2257 349 2305 fore,
391 2258 491 2307 quin
529 2257 616 2296 imo
654 2258 888 2296 multorum
928 2257 1066 2306 potius
1103 2270 1149 2295 ac
1187 2269 1434 2306 magnorum
1481 2255 1689 2293 malorum

81 2311 314 2350 occasiones
347 2311 465 2351 illinc
498 2311 779 2361 suborituras5
824 2311 919 2362 quis
947 2312 1024 2350 scit
1054 2324 1106 2350 an
1134 2311 1180 2349 in
1206 2311 1317 2360 ipsos
1346 2310 1474 2349 etiam
1502 2311 1690 2348 auctores

80 2366 179 2405 talia
199 2379 284 2404 non
303 2366 524 2417 aliquando
539 2366 723 2405 recidant
735 2367 756 2405 ‘?
803 2365 942 2404 Habet
957 2366 1071 2404 enim
1092 2366 1275 2416 profecto
1290 2365 1444 2403 amicos
1465 2362 1689 2406 Lutherus‚

82 2422 124 2458 et
162 2423 357 2461 constans
395 2421 565 2471 quidam
600 2420 669 2459 hic
699 2421 809 2470 apud
843 2434 990 2459 omnes
1022 2433 1165 2459 rumor
1198 2421 1444 2469 perseuerat,
1479 2432 1503 2457 a
1537 2418 1690 2456 nostris

83 2474 322 2515 doctoribus
351 2477 498 2515 inanes
526 2475 688 2514 fabulas
718 2477 760 2513 et
790 2474 1055 2524 ineptissima
1085 2487 1246 2524 queque
1277 2475 1514 2512 commenta
1543 2474 1691 2522 sponte
1713 2489 1753 2519 50

83 2529 250 2567 admitti
284 2530 555 2580 tolerarique:
602 2532 644 2568 at
674 2529 710 2568 si
741 2530 834 2580 quis
872 2529 1031 2567 interea
1061 2529 1358 2579 Euangelicam
1386 2527 1607 2566 veritatem
1645 2539 1690 2565 ac

83 2583 220 2633 legem
241 2584 318 2622 Dei
338 2584 483 2635 purius
501 2584 676 2630 edoceat,
701 2597 798 2622 eum
818 2583 986 2622 tandem
1014 2583 1208 2622 omnibus
1231 2582 1432 2621 odibilem
1453 2581 1597 2628 videri,
1618 2581 1689 2619 sed

84 2637 169 2677 hiis
192 2638 458 2687 potissimum
483 2638 791 2677 intolerabilem
817 2638 990 2676 existere
1019 2637 1091 2688 qui
1120 2637 1402 2687 spiritalitatis
1431 2636 1512 2675 sibi
1537 2648 1692 2674 nomen

84 2693 336 2744 peculiarius
355 2694 570 2742 vsurpant.

325 2801 373 2830 16.
399 2801 519 2830 tamen
538 2802 649 2836 scripsi
666 2798 740 2840 (tfx)
756 2811 763 2830 ε
787 2809 868 2830 cum
886 2801 954 2830 MS.
1090 2806 1141 2836 23.
1167 2797 1333 2828 desumus
1349 2800 1416 2829 Its-53.

131 2911 183 2941 23.
208 2897 450 2940 perlegendis]
468 2897 521 2929 Cf.
536 2907 594 2938 pp.
613 2907 728 2937 291-2.
922 2897 999 2936 308)
1028 2896 1119 2927 with
1150 2899 1215 2927 Von
1240 2899 1309 2927 clem
1334 2899 1491 2934 Bapstum
1516 2905 1556 2926 :u
1583 2898 1688 2928 Romv,

131 2955 182 2984 41.
210 2940 472 2982 Romanistam]
500 2942 700 2980 Augustino
729 2941 767 2972 of
790 2941 852 2972 Al·
923 2944 1042 2971 widcler
1061 2942 1121 2971 den
1143 2942 1398 2978 hochberumpten
1422 2942 1628 2970 Romcmisten
1650 2949 1688 2968 ευ

88 2989 172 3029 feld,
190 2991 227 3020 to
249 2986 368 3017 whose
392 2985 511 3016 attack
529 2985 611 3026 (Ep.
633 2986 725 3023 1167.
744 2986 850 3023 407n)
922 2987 1068 3022 Leiptxlc,
1095 2983 1336 3024 VVittenberg‚
1360 2984 1409 3015 M.
1433 2984 1592 3021 Lotther,
1618 2993 1686 3013 sm..

90 3033 224 3064 Luther
242 3029 378 3070 replied
396 3029 433 3059 in
453 3029 534 3069 May
554 3038 636 3068 1520
655 3028 756 3068 (LE.2
773 3037 849 3068 302,
923 3028 1097 3068 (W'eimar
1113 3027 1167 3058 ed.
1187 3028 1234 3066 vi,
1253 3037 1289 3067 p.
1306 3028 1396 3067 281).

155 3099 234 3121 452⁴
853 3103 877 3128 B
897 3089 924 3128 b
