1990 3353
243 105 324 143 584
714 103 967 144 LETTERS
1004 104 1074 143 OF
1113 103 1377 142 ERASMUS
1719 105 1842 158 [1521

246 216 379 254 modis
398 215 476 254 tibi
495 214 738 265 fugiendam
761 228 919 263 censeo,
943 215 1010 253 vel
1031 215 1082 253 ob
1102 216 1293 269 spartum
1315 228 1538 255 arrosuros.
1598 217 1846 266 Quanquam

246 270 325 308 scis
346 269 530 319 Scipioni
550 269 866 308 Carteromacho
887 271 1031 307 nostro
1053 282 1105 308 ne
1121 270 1274 307 Romae
1295 269 1466 319 quidem
1487 272 1708 321 contigisse
1729 272 1846 310 liber-

244 327 385 372 tatem,
409 337 534 374 quam
554 323 618 362 vir
634 323 703 361 ille
723 323 781 361 sic
800 323 1018 362 adamabat
1038 326 1084 362 vt
1104 336 1228 362 nemo
1248 324 1392 373 magis.

184 392 226 422 30
301 378 386 416 Nos
417 391 654 428 quanquam
684 378 796 415 infra
832 391 1004 416 censum
1042 381 1163 416 tuum
1199 390 1355 425 sumuS,
1391 380 1532 417 tamen
1565 380 1765 418 desiimus
1799 379 1848 418 de

246 432 448 471 Mercurio
468 432 597 482 queri.
657 432 734 470 Est
753 432 864 470 vnde
893 434 1088 481 suppetat
1113 432 1297 471 mundus
1316 433 1462 471 victus.
1522 433 1598 472 Est
1617 435 1726 473 vnde
1750 447 1848 472 non-

247 499 463 536 nunquam
493 488 534 524 et
562 487 753 525 aureolus
783 486 916 524 decidi
946 486 1078 536 possit
1107 486 1247 536 egenti
1277 486 1436 525 amico:
1466 489 1630 526 tantum
1659 488 1775 526 abest
1802 490 1848 527 vt

246 541 436 591 cuiquam
466 554 590 590 cogar
622 553 709 579 esse
743 541 893 589 grauis.
951 540 1143 579 Honores
1176 554 1261 578 non
1290 540 1440 588 ambio,
1471 543 1712 590 praesertim
1742 542 1850 581 tanti

246 595 422 633 venales.
482 595 526 633 Si
547 595 675 644 gratis
695 598 766 633 aut
786 597 895 633 certe
920 608 1004 633 non
1031 608 1181 645 magno
1207 595 1419 644 impendio
1445 596 1728 646 contigissent,
1750 598 1792 635 et
1814 597 1850 635 si

186 660 225 691 35
246 649 519 699 contigissent
538 650 583 687 in
603 652 802 698 tempore,
819 663 903 687 non
918 650 1150 687 censuerim
1164 650 1336 687 omnino
1350 649 1605 698 reiiciendos,
1623 651 1691 689 vel
1711 651 1762 689 ob
1774 651 1852 689 hoc

247 704 385 753 ipsum
420 704 541 753 quod,
577 705 622 742 vt
653 704 761 742 nihil
792 704 918 751 aliud,
957 706 1066 742 certe
1095 703 1199 742 illud
1230 705 1453 752 praestant,
1487 717 1539 743 ne
1568 705 1851 755 quorumlibet

247 758 535 807 improborum
555 758 816 808 contemptui
837 758 969 796 simus
990 758 1168 796 obnoxii.
1229 758 1319 805 Qua
1339 758 1508 807 quidem
1529 759 1574 797 in
1600 773 1654 806 re,
1677 760 1786 798 sicut
1806 759 1851 797 in

247 813 419 851 caeteris
439 812 645 859 omnibus,
668 812 762 862 plus
781 812 890 850 vidit
910 813 1051 850 Morus
1071 825 1195 862 quam
1216 826 1299 862 ego.
1362 812 1470 850 Nam
1489 814 1524 850 is
1539 827 1665 863 eques
1684 816 1853 852 auratus

247 867 352 916 Regi
381 867 538 916 optimo
567 869 607 904 et
637 881 660 905 a
690 867 875 905 consiliis
904 869 967 905 est
996 869 1037 904 et
1065 880 1088 904 a
1116 867 1347 914 thesauris;
1377 880 1555 917 quorum
1574 870 1783 918 vtrunque
1812 870 1853 906 et

186 934 228 965 40
247 921 427 959 liberum
448 924 508 960 est
530 921 630 959 satis
650 924 692 959 et
711 921 987 959 honorificum
1008 921 1227 970 imprimis,
1252 924 1299 959 vt
1319 921 1403 959 iam
1431 925 1471 960 et
1495 922 1614 961 bonis
1640 923 1773 961 factus
1798 922 1853 961 sit

247 975 466 1014 amabilior
499 978 540 1014 et
571 975 774 1024 improbis
804 975 1114 1014 formidabilior.
1177 975 1286 1013 Nam
1314 988 1360 1013 ea
1389 978 1487 1014 sunt
1514 978 1702 1026 tempora
1726 979 1772 1015 vt
1801 990 1853 1015 ne

247 1033 333 1068 tam
353 1030 532 1078 insignis
551 1029 721 1079 quidem
743 1031 912 1067 naturae
938 1029 1112 1077 bonitas,
1135 1031 1223 1068 tam
1250 1029 1437 1068 inaudita
1461 1044 1623 1069 morum
1650 1032 1853 1078 suauitas,

248 1084 379 1134 possit
399 1097 566 1122 omnem
587 1084 766 1134 effugere
786 1084 1001 1122 inuidiam.

304 1138 535 1187 Epistolam
560 1151 686 1188 quam
707 1138 917 1176 Basileam
938 1139 1109 1176 miseras
1130 1138 1277 1187 recepi.
1333 1138 1548 1177 Cornelius
1569 1153 1694 1189 quem
1715 1139 1793 1177 tibi
1813 1140 1854 1176 et

185 1207 228 1239 45
249 1193 471 1239 Aleandro,
489 1193 534 1230 ni
554 1192 688 1240 fallor,
705 1193 1050 1240 commendaram,
1066 1192 1343 1231 Alexandriae
1364 1206 1387 1230 a
1409 1193 1625 1232 Gallorum
1641 1192 1856 1243 praesidiis

250 1247 448 1297 spoliatus
469 1250 531 1286 est
551 1250 592 1286 et
612 1247 744 1285 literis
766 1249 808 1285 et
834 1247 1021 1297 pecuniis
1047 1249 1089 1285 et
1108 1247 1306 1285 vestibus.
1367 1247 1462 1285 Mox
1483 1249 1621 1286 nudus
1645 1247 1855 1286 coniectus

248 1302 293 1340 in
332 1314 544 1340 carcerem.
620 1302 806 1340 Tandem
846 1302 940 1339 data
978 1301 1090 1350 optio
1130 1304 1273 1340 vtrum
1311 1301 1439 1340 vellet
1475 1302 1587 1340 abire
1625 1302 1763 1340 nudus
1803 1315 1855 1340 an

248 1356 438 1405 pendere.
500 1357 568 1395 Sic
589 1356 661 1394 ille
688 1355 800 1394 lineo
825 1356 1028 1394 duntaxat
1057 1356 1225 1394 indusio
1251 1357 1387 1394 tectus
1412 1356 1621 1395 Basileam
1649 1357 1852 1406 peruenit.

250 1410 347 1449 Illic
378 1410 466 1449 dies
499 1411 659 1459 aliquot
690 1410 956 1458 refocillatus,
989 1412 1123 1449 tectus
1155 1413 1218 1448 est
1247 1413 1362 1449 veste
1397 1411 1660 1455 Germanica,
1690 1410 1857 1449 additus

188 1487 231 1518 50
250 1464 440 1504 aureolus
459 1465 510 1504 ad
533 1465 744 1503 viaticum.
805 1464 895 1502 Hoc
915 1466 1063 1503 ornatu
1094 1465 1144 1502 ad
1170 1478 1245 1503 nos
1264 1465 1393 1511 venit,
1418 1479 1563 1504 rursus
1586 1466 1857 1504 instruendus

249 1520 410 1557 viatico.
470 1519 621 1558 Aiebat
648 1521 689 1557 te
716 1519 843 1557 simul
871 1521 913 1557 et
941 1519 988 1558 R.
1012 1519 1062 1558 D.
1088 1519 1205 1558 Card.
1229 1519 1500 1569 Campegium
1529 1521 1751 1569 scripsisse.
1812 1518 1857 1558 Si

250 1573 349 1624 quid
372 1575 457 1613 erat
478 1575 603 1612 seriae
625 1574 694 1620 rei,
719 1587 804 1611 non
825 1573 1059 1622 grauaberis
1078 1574 1222 1611 eadem
1242 1574 1291 1612 de
1312 1587 1355 1611 re
1374 1574 1510 1623 denuo
1531 1574 1719 1612 scribere.

304 1627 521 1678 Hispanus
537 1628 608 1666 ille
623 1628 671 1665 de
685 1642 766 1676 quo
779 1627 1121 1675 scribis,Iacobus
1134 1628 1307 1666 Stunica
1319 1630 1391 1673 est,
1412 1629 1540 1677 quiin
1554 1629 1733 1677 primam
1747 1627 1859 1665 Noui

253 1682 511 1720 Testamenti
531 1682 783 1720 aeditionem
804 1682 1101 1731 gloriosissimo
1121 1681 1264 1720 libello
1285 1682 1558 1721 debacchatus
1579 1685 1652 1721 est.
1713 1683 1859 1720 Prima

193 1755 232 1786 55
251 1736 355 1775 facie
393 1736 513 1775 miris
551 1737 680 1774 fumis
719 1749 806 1775 sese
851 1739 1042 1774 ostentat.
1114 1736 1194 1774 Vbi
1235 1736 1405 1786 propius
1442 1738 1749 1786 contemplatus
1787 1736 1856 1784 sis,

251 1791 424 1829 nebulas
462 1804 598 1829 meras
635 1804 723 1829 esse
763 1791 927 1829 dixeris.
1002 1790 1053 1827 Ei
1092 1791 1382 1840 respondimus
1420 1792 1627 1840 Apologia
1664 1790 1856 1830 laconica.

253 1845 381 1884 Cuius
401 1859 548 1895 operae
568 1858 668 1883 sane
689 1858 764 1883 nos
785 1844 869 1883 iam
890 1845 1075 1894 poenitet
1094 1859 1102 1891 ;
1136 1858 1233 1882 nam
1253 1858 1357 1893 opus
1378 1847 1441 1882 est
1462 1846 1550 1884 eius
1570 1845 1732 1895 generis
1751 1847 1798 1883 vt
1818 1847 1860 1883 et

252 1899 462 1937 Aleandro
482 1900 706 1949 displiceat,
731 1913 806 1937 nec
825 1912 940 1938 meae
962 1900 1093 1937 famae
1114 1899 1239 1937 fuerit
1254 1899 1512 1947 offecturum,
1532 1900 1735 1938 duntaxat
1747 1899 1859 1948 apud

255 1967 404 2004 aequos
424 1956 466 1992 et
486 1954 682 1992 eruditos.
743 1954 797 1991 Et
817 1956 959 1991 tamen
980 1953 1272 2003 respondimus
1301 1967 1384 1992 non
1415 1955 1552 1992 solum
1576 1954 1761 1992 breuiter
1789 1954 1858 1991 sed

190 2016 235 2047 60
253 2008 379 2046 etiam
412 2008 612 2047 ciuiliter:
657 2021 743 2045 non
775 2008 881 2057 quod
917 2007 988 2045 ille
1022 2010 1261 2055 mereretur,
1299 2009 1369 2046 sed
1408 2009 1516 2057 quod
1553 2022 1628 2047 nos
1660 2009 1860 2046 hactenus

254 2063 466 2101 defensam
487 2062 786 2101 moderationis
805 2062 970 2101 laudem
992 2062 1253 2100 noluerimus
1274 2063 1477 2101 amittere.

310 2117 454 2167 Neque
474 2118 622 2165 nescio,
648 2130 782 2165 neque
810 2130 893 2154 non
923 2116 1112 2163 memini,
1136 2116 1195 2154 mi
1222 2117 1434 2162 Bombasi,
1458 2119 1663 2166 quantum
1690 2116 1860 2154 debeam

257 2171 410 2210 Leonis
439 2171 483 2208 in
514 2185 580 2210 me
609 2171 763 2216 animo,
787 2171 870 2209 iam
902 2171 1161 2219 argumentis
1192 2171 1479 2220 compluribus
1509 2171 1615 2209 mihi
1636 2173 1861 2221 comperto.

256 2225 342 2263 Nec
362 2226 406 2263 in
428 2225 554 2263 huius
574 2238 696 2264 causa
715 2227 801 2263 tam
822 2225 919 2263 silui
942 2238 1067 2274 quam
1088 2227 1134 2262 tu
1161 2225 1302 2263 credis.
1363 2226 1556 2264 Primum
1577 2225 1747 2263 adnisus
1767 2238 1861 2263 sum

540 2325 592 2355 28.
619 2326 754 2355 FLond.
771 2336 778 2355 :
802 2325 1057 2355 Cateromacho
1074 2324 1127 2355 3⁷³.
1264 2334 1316 2363 51.
1345 2325 1383 2356 R.
1398 2325 1438 2354 D.
1458 2334 1514 2355 om.
1535 2327 1576 2355 H.

298 2415 348 2443 27.
377 2405 554 2447 spartum]
580 2405 631 2436 Cf.
660 2405 754 2435 Plin.
772 2407 811 2436 N.
830 2408 872 2436 H.
888 2415 940 2444 35.
972 2416 1020 2437 11.

260 2458 329 2487 137,
349 2449 438 2479 with
464 2448 526 2479 the
550 2450 647 2488 story
663 2449 701 2479 of
721 2458 740 2478 a
757 2459 841 2479 inan
859 2451 1024 2490 weaving

256 2504 275 2522 a
293 2502 373 2531 rope
392 2492 430 2523 of
451 2492 523 2531 hay
542 2493 613 2523 and
633 2502 679 2522 an
697 2502 752 2523 ass
776 2494 897 2532 eating
920 2494 950 2523 it
974 2503 1022 2532 up

255 2546 294 2566 as
317 2536 385 2566 fast
408 2545 446 2566 as
473 2545 619 2566 woven:
645 2535 826 2566 discussed
849 2536 888 2567 in
912 2539 1020 2574 Adaq.

255 2580 364 2618 382,3.
414 2579 592 2610 Erasmus’
610 2580 781 2620 meaning
792 2580 878 2610 here
891 2580 1023 2619 clearly

258 2624 287 2652 is
311 2622 392 2652 that
416 2624 453 2653 at
477 2622 635 2662 Bologna
660 2623 873 2654 Bombasius
903 2622 1022 2654 would

259 2667 300 2695 be
317 2667 481 2705 amongst
506 2666 676 2697 relatives
697 2666 770 2697 and
797 2667 1023 2706 dependants

257 2709 338 2739 who
356 2709 472 2739 would
490 2709 594 2740 make
613 2709 737 2740 claims
754 2720 849 2750 upon
867 2711 957 2742 him.

300 2753 351 2783 28.
379 2752 667 2793 Carteromaeho]
691 2754 753 2784 See
771 2754 832 2794 Ep.
850 2764 925 2793 217.
943 2764 1001 2785 2n.

303 2806 356 2836 39.
380 2806 401 2826 a
423 2796 619 2836 thesauris]
645 2797 709 2827 See
734 2798 796 2837 Ep.
825 2807 917 2829 1210.
948 2808 1024 2828 1011.

302 2850 354 2876 42.
382 2839 556 2880 suauitas]
583 2840 635 2871 Cf.
654 2840 718 2879 Ep.
736 2851 811 2880 999.
831 2851 912 2872 2011.

303 2894 354 2921 44.
381 2882 582 2924 Cornelius]
662 2884 858 2924 Evidently
927 2894 1025 2915 some

259 2927 375 2966 needy
405 2936 544 2966 person,
578 2927 737 2967 possibly
771 2928 807 2958 C.
844 2928 928 2958 Batt
962 2928 1021 2967 (cf.

258 2970 347 3010 Epp.
363 2979 436 3010 573,
452 2971 526 3010 839,
539 2970 621 3011 840)
637 2982 643 3001 :
661 2971 714 3001 for
727 2971 844 3001 whom
857 2971 1025 3002 Erasmus

1093 2405 1274 2436 doubtless
1291 2405 1499 2436 considered
1518 2405 1667 2436 himself
1687 2404 1863 2444 responsi-

1092 2449 1159 2483 ble,
1186 2449 1258 2479 and
1281 2449 1401 2480 whom
1426 2450 1472 2480 he
1496 2459 1580 2488 may
1604 2449 1694 2479 have
1718 2450 1798 2479 sent
1826 2450 1862 2479 to

1092 2494 1149 2531 try
1166 2492 1224 2523 his
1240 2494 1383 2523 fortune
1400 2495 1437 2523 at
1454 2493 1574 2524 Rome.

1135 2545 1186 2575 45.
1212 2536 1413 2577 Gallorum]
1438 2537 1487 2567 As
1511 2538 1591 2576 part
1615 2536 1653 2566 of
1674 2536 1737 2566 the
1761 2536 1862 2566 Mila-

1092 2589 1187 2615 nese,
1206 2580 1440 2611 Alessandria
1464 2580 1538 2610 had
1554 2581 1643 2610 been
1666 2580 1705 2609 in
1722 2579 1863 2610 French

1092 2623 1209 2654 hands
1226 2624 1330 2662 again
1356 2625 1454 2654 since
1479 2624 1690 2662 Marignano
1709 2623 1748 2653 in
1768 2632 1860 2662 1515.

1094 2667 1129 2696 It
1157 2676 1228 2697 was
1258 2667 1464 2706 recaptured
1493 2668 1585 2697 from
1613 2666 1713 2697 them
1740 2668 1776 2697 at
1801 2667 1863 2697 the

1093 2710 1164 2740 end
1182 2711 1219 2741 of
1231 2710 1311 2743 Jan.
1336 2720 1417 2749 1522
1434 2721 1442 2749 3
1466 2721 1521 2741 see
1539 2712 1682 2741 Brewer
1698 2710 1749 2740 iii.
1765 2720 1854 2748 2017.

1093 2763 1191 2792 2035.

1138 2807 1189 2835 51.
1217 2797 1463 2839 Campegium]
1478 2798 1542 2829 See
1554 2798 1616 2836 Ep.
1633 2798 1695 2836 961
1710 2797 1841 2828 introd.

1094 2841 1244 2871 Neither
1260 2841 1367 2872 letter
1383 2842 1552 2873 sui-vives.

1137 2885 1188 2922 56.
1213 2884 1479 2925 respondimus]
1505 2885 1557 2916 Cf.
1576 2885 1638 2924 Ep.
1662 2894 1756 2924 1235.
1776 2893 1829 2922 33.

1139 2937 1190 2967 57.
1218 2928 1321 2969 opus]
1395 2928 1572 2959 Stunica's
1628 2930 1863 2966 Anmtatz'ones,

1098 2980 1202 3010 1520;
1227 2981 1282 3002 sec
1301 2972 1362 3011 Ep.
1386 2973 1478 3002 1128.
1498 2981 1543 3010 311
1561 2971 1631 3002 and
1650 2972 1740 3011 App.
1760 2980 1809 3009 15.
