1990 3353
70 146 191 201 1003]
1615 149 1669 188 35

537 338 660 379 1003.
720 337 784 378 To
816 337 1042 380 W1LL1AM
1075 336 1197 379 Hui.

108 424 271 470 Farrago
289 437 324 469 p.
346 435 425 471 373.
1352 430 1544 475 Antwerp.

111 483 149 517 F.
168 496 204 529 p.
223 486 311 527 462:
339 484 429 519 HN:
459 484 572 520 Lond.
591 484 640 520 xi.
661 495 727 519 22:
754 484 827 520 LB.
848 487 927 531 326.
1263 486 1622 533 9August(1519>.

105 575 403 616 [Contempor-ai)
419 575 510 606 with
535 576 600 615 Ep.
629 586 722 606 1002.
771 576 837 607 For
860 577 940 609 Hue
965 587 1020 609 ee
1046 578 1108 619 Ep.
1127 579 1203 618 989.
1223 589 1281 618 9n.
1342 579 1379 610 It
1403 588 1552 619 appears
1577 578 1668 609 from

63 619 125 659 Ep.
149 620 230 658 1185
247 620 327 650 that
345 620 418 650 this
435 620 542 650 letter
559 619 702 650 elicited
719 629 765 650 no
782 620 909 661 reply.]

188 730 393 760 ERASMVS
424 729 760 760 ROTERoDAMvs
790 730 1061 762 GVILHELMO
1093 732 1231 772 HVEO,
1263 732 1548 762 PARISIENSIS

566 797 812 829 ECCLES'IAE
844 798 1034 838 DECANO,
1066 800 1098 829 s.
1116 799 1159 829 D.

115 894 228 931 Amr
247 893 324 930 hoc
344 892 450 930 miro
470 894 619 930 conatu
642 904 714 941 per
733 891 892 929 litteras
914 890 1108 929 Nicolaus
1131 890 1346 937 Beraldus,
1370 890 1494 928 homo
1516 890 1670 929 Gratiis

62 949 195 994 natus,
226 949 273 985 vt
302 960 376 985 nos
407 947 653 985 committat.
715 945 831 993 Quod
868 946 902 984 si
936 949 1146 984 certamen
1179 945 1286 982 foret
1316 945 1564 982 eruditionis
1598 947 1668 984 aut

62 1001 333 1051 eloquentiae,
357 1014 439 1039 non
461 1003 622 1050 poterat
649 999 783 1049 magis
808 1000 1015 1038 deterrere
1043 1012 1167 1048 quam
1195 1012 1290 1037 cum
1316 999 1374 1037 sic
1399 999 1667 1038 adhortatur:

67 1056 142 1094 ‘In
171 1055 270 1094 hae'
294 1055 434 1105 inquit
462 1057 470 1073 ‘
486 1055 691 1105 palaestra
715 1055 930 1104 prouocari
957 1055 1029 1092 abs
1056 1056 1095 1092 te
1124 1054 1285 1092 mauult
1311 1066 1438 1103 quam
1464 1055 1506 1091 te
1526 1067 1670 1103 prouo-

63 1124 179 1158 care;
207 1111 273 1149 vir
292 1110 447 1159 alioqui
467 1110 511 1148 in
532 1109 680 1159 quouis
700 1108 907 1147 scribendi
927 1122 1077 1158 genere
1098 1121 1181 1146 non
1209 1108 1472 1146 mediocriter
1497 1108 1669 1146 antehac
1690 1124 1706 1155 5

62 1165 278 1203 versatus?
317 1164 423 1202 Cum
444 1164 555 1202 inter
574 1176 692 1213 pares
712 1176 874 1212 semper
890 1163 1174 1212 impudentior
1188 1162 1387 1200 habeatur
1402 1162 1471 1212 qui
1491 1162 1667 1209 lacessit,

63 1219 156 1269 quis
185 1219 337 1258 diceret
364 1219 584 1269 quicquam
611 1231 698 1256 esse
724 1217 832 1256 mihi
857 1217 923 1256 vel
948 1217 1098 1256 frontis
1124 1217 1191 1255 vel
1219 1217 1364 1264 cordis,
1393 1217 1429 1255 si
1457 1217 1669 1256 Thersites

63 1273 274 1312 Achillem
300 1274 435 1312 ausim
462 1273 659 1311 lacessere
674 1274 695 1311 Ῥ
744 1272 863 1310 Nunc
884 1285 977 1310 cum
1007 1271 1113 1309 nulli
1140 1285 1213 1310 sua
1232 1271 1366 1310 obstet
1387 1272 1554 1309 fortuna
1576 1285 1668 1310 con-

63 1327 227 1373 ditione,
261 1341 342 1377 quo
371 1327 514 1366 minus
544 1340 639 1365 cum
670 1326 900 1376 quamlibet
934 1326 1099 1375 magnis
1128 1339 1269 1364 amore
1302 1326 1669 1376 beneuolentiaque

63 1385 201 1430 certet,
225 1384 266 1420 et
285 1382 510 1420 modestior
533 1381 733 1420 habeatur
759 1381 947 1431 quisquis
974 1380 1041 1418 hic
1070 1380 1233 1418 lacessit
1259 1380 1382 1429 prior.
1408 1393 1490 1417 non
1512 1380 1670 1418 veritus
1692 1395 1730 1416 10

63 1450 157 1475 sum
177 1438 249 1475 tuo
275 1450 319 1474 ac
349 1436 517 1474 Beraldi
543 1435 682 1474 animo
709 1448 866 1473 morem
896 1448 1041 1484 gerere.
1101 1434 1182 1473 His
1211 1434 1340 1484 igitur
1360 1434 1494 1472 literis
1515 1434 1669 1473 lacesso

62 1491 202 1529 virum
232 1490 565 1529 eruditissimum
591 1490 767 1528 minime
794 1490 949 1535 doctus,
980 1489 1118 1527 virum
1146 1489 1465 1538 integerrimum
1495 1502 1578 1527 non
1604 1489 1669 1527 ad-

63 1546 234 1584 modum
265 1545 429 1595 probus,
461 1545 532 1583 sed
562 1546 703 1583 tamen
733 1544 900 1582 amandi
931 1543 1218 1582 vicissitudine
1252 1557 1337 1581 non
1372 1556 1561 1581 cessurus
1595 1556 1669 1581 nec

62 1599 309 1650 posteriores
330 1600 501 1638 laturus.

117 1654 255 1693 Audio
275 1668 362 1692 non
382 1654 474 1693 sine
494 1666 658 1692 summa
676 1652 891 1702 voluptate
911 1651 1166 1690 Parisiorum
1186 1652 1458 1690 Academiam
1479 1651 1670 1701 pristinis
1692 1667 1727 1697 15

63 1709 149 1747 suis
175 1709 339 1757 studiis,
369 1708 413 1746 in
443 1708 595 1758 quibus
625 1708 827 1745 hactenus
856 1707 965 1745 haud
994 1706 1118 1745 dubie
1145 1706 1323 1755 primam
1351 1706 1517 1744 laudem
1545 1706 1670 1755 possi-

64 1763 217 1802 debant
246 1777 292 1802 ac
319 1763 549 1801 etiamnum
579 1761 802 1812 possident,
836 1760 1052 1810 propensis
1082 1761 1235 1799 animis
1264 1761 1395 1799 trium
1429 1761 1668 1811 linguaium

63 1818 213 1856 addere
241 1817 535 1868 cognitionem,
566 1819 608 1855 et
636 1816 686 1854 ad
720 1815 966 1865 pu1issim0s
998 1829 1208 1854 sacrorum
1239 1816 1503 1853 voluminum
1533 1816 1669 1853 fontes

64 1872 238 1911 subinde
260 1885 491 1918 iecur·;1ere
521 1884 655 1920 neque
677 1870 830 1908 sentire
850 1883 946 1908 cum
967 1869 1060 1908 istis
1075 1870 1234 1919 aliquot
1254 1870 1331 1908 sibi
1352 1883 1500 1918 parum
1524 1869 1669 1907 amicis

64 1926 136 1976 qui
155 1930 305 1975 putant
319 1927 394 1964 has
415 1926 572 1964 litteras
587 1938 682 1963 cum
705 1938 800 1963 vera
817 1924 1025 1974 theologia
1044 1938 1239 1974 pugnare,
1262 1937 1355 1962 cum
1379 1924 1514 1962 nullae
1534 1924 1669 1973 magis
1690 1941 1728 1961 :0

63 1981 257 2019 omnibus
284 1981 470 2019 honestis
496 1979 728 2029 disciplinis
753 1979 1021 2017 famulentur.
1083 1979 1131 2016 Id
1160 1979 1312 2028 partim
1341 1978 1485 2016 Gallici
1512 1978 1670 2027 ingenii

63 2035 201 2074 tribuo
221 2035 399 2081 candori,
418 2034 570 2085 partim
586 2034 730 2072 eximii
744 2033 946 2082 praesulis
966 2032 1165 2082 Stephani
1188 2033 1410 2071 Poncherii
1430 2033 1667 2082 sapientiae,

64 2089 144 2127 viri
167 2089 450 2128 instaurandis
475 2088 644 2138 optimis
670 2088 805 2126 literis
830 2101 875 2126 ac
897 2100 1016 2126 verae
1040 2087 1184 2138 pietati
1210 2087 1415 2125 diuinitus
1442 2087 1564 2134 facti,
1597 2087 1668 2125 sed

64 2143 107 2182 in
141 2144 287 2193 primis
325 2144 480 2194 optimo
514 2143 617 2193 Regi
648 2142 876 2181 Francisco.
936 2141 1022 2180 Soli
1052 2155 1128 2180 nos
1162 2142 1351 2179 nondum
1385 2142 1463 2180 hoc
1497 2141 1670 2179 nomine

65 2211 284 2248 possumus
304 2198 423 2236 nobis
442 2197 654 2247 gratulari.
713 2196 792 2235 Sed
813 2201 951 2235 tamen
973 2209 1064 2246 spes
1083 2198 1145 2234 est
1167 2209 1251 2234 non
1272 2196 1462 2245 pessima.

120 2253 239 2291 Faxit
260 2253 451 2292 Christus
471 2251 666 2301 Optimus
692 2250 797 2289 Max.
823 2257 880 2292 vt,
903 2251 1255 2300 quemadmodum
1281 2250 1487 2300 principes
1512 2250 1670 2300 passim

64 2306 209 2345 fauent
229 2307 454 2356 fouentque
473 2308 583 2344 recta
602 2306 749 2354 studia,
767 2306 825 2344 ita
844 2305 1154 2355 philosophiam
1173 2305 1479 2353 amplectantur
1498 2304 1671 2354 dignam

66 2360 118 2399 iis
149 2361 219 2411 qui
249 2361 403 2400 Christi
432 2360 542 2399 vices
572 2362 742 2410 gerunt:
781 2360 857 2398 hoc
886 2362 948 2398 est
978 2362 1022 2397 vt
1052 2373 1175 2409 quam
1205 2359 1448 2408 longissime
1478 2359 1618 2397 absint
1647 2372 1671 2397 a

64 2415 277 2454 barbarica
305 2415 543 2465 tyrannide,
573 2428 707 2464 neque
736 2427 807 2464 per
833 2414 1109 2452 ambitionem
1139 2413 1386 2451 labefactent
1417 2413 1527 2451 orbis
1552 2413 1668 2452 Chri-

66 2469 191 2508 stiani
223 2470 573 2519 tranquillitatem
605 2468 733 2507 simul
767 2481 811 2506 ac
842 2468 1099 2516 libertatem;
1134 2469 1185 2515 et,
1223 2468 1388 2518 quando
1422 2481 1496 2506 suo
1532 2468 1668 2506 fauore
1688 2480 1728 2511 30

66 2524 300 2573 prouehunt
326 2537 396 2563 eas
416 2523 557 2562 literas
583 2523 734 2573 quibus
760 2523 997 2573 principum
1025 2525 1139 2572 gesta
1162 2522 1298 2560 solent
1317 2521 1569 2572 posteritatis
1589 2535 1669 2559 me-

66 2577 217 2617 moriae
237 2578 357 2623 tradi,
381 2591 427 2616 ea
453 2591 588 2627 gerere
608 2577 802 2617 studeant
830 2590 932 2627 quae
961 2579 1198 2615 mereantur
1219 2578 1410 2615 omnium
1436 2576 1668 2615 seculorum

65 2631 270 2682 suffragiis
291 2632 499 2671 celebrari.

602 2718 650 2750 18.
675 2718 806 2749 addere
825 2721 875 2749 N:
900 2718 1066 2757 amplecti
1086 2721 1122 2750 E.

110 2862 140 2889 4.
168 2851 305 2892 inquit]
331 2851 393 2891 Ep.
412 2852 487 2891 989.
511 2860 625 2883 10-12.
903 2853 1020 2891 points
1037 2854 1098 2882 out
1116 2852 1195 2882 that
1213 2851 1371 2882 Lascaris
1390 2852 1467 2891 χΕρ.
1490 2852 1562 2891 269.
1583 2853 1668 2890 5111)

114 2904 161 2934 15.
189 2895 406 2926 Parisiorum
419 2894 666 2936 Academiam]
683 2895 832 2926 Lefranc
902 2895 974 2926 had
1007 2895 1164 2935 recently
1190 2895 1331 2926 arrived
1359 2897 1396 2926 in
1426 2895 1570 2926 Franco.
1612 2896 1663 2926 Cf.

67 2941 190 2976 (Οοιῑὲςιε
213 2941 247 2969 cle
272 2941 397 2977 Frmzce,
422 2949 479 2979 pp.
502 2939 626 2978 59—69)
649 2940 737 2970 cites
758 2939 828 2970 Zw.
901 2939 962 2980 Ep.
986 2949 1078 2970 1002.
1096 2940 1154 2970 811.

68 2981 122 3013 Est
139 2983 180 3021 38
197 2981 267 3012 and
286 2982 348 3022 Ep.
360 2991 435 3021 925.
451 2991 538 3021 23-9
550 2982 606 3013 for
620 2982 681 3013 the
693 2982 831 3013 studies
942 2993 994 3021 24.
1022 2982 1100 3023 nos]
1125 2985 1162 3014 at
1180 2982 1351 3016 Louvain.

68 3026 105 3056 of
125 3026 225 3056 Paris
247 3025 458 3065 University
476 3029 512 3057 at
529 3025 604 3057 this
620 3027 735 3065 time3
757 3025 829 3057 and
943 3036 995 3066 3ο.
1023 3025 1242 3066 libertatem]
1270 3027 1320 3059 Cf.
1341 3027 1404 3066 Ep.
1429 3036 1520 3057 1001.
1542 3027 1621 3057 82n.

825 3089 896 3116 D2
