1990 3353
228 390 268 421 50

227 661 267 692 55

228 923 270 954 60

229 1192 269 1233 65

233 1470 274 1503 70

233 1741 272 1774 75

235 2017 276 2047 80

287 156 366 195 214
753 155 1005 195 LETTERS
1043 155 1113 195 OF
1152 155 1417 196 ERASMUS
1759 153 1797 208 [1
1807 168 1828 204 5
1837 167 1888 194 20

340 266 421 305 Sed
447 266 552 305 heus
578 268 636 311 tu,
664 266 856 316 quisnam
886 265 963 306 iste
992 267 1033 304 et
1061 277 1104 303 re
1132 266 1173 302 et
1202 264 1375 303 nomine
1395 265 1520 313 Λαιός,
1546 265 1618 315 qui
1646 265 1691 303 in
1719 267 1812 303 tuas
1839 265 1885 304 in

287 321 455 360 Nouum
475 322 790 359 Testamentum
811 319 1101 358 annotationes
1121 331 1205 357 non
1224 321 1311 357 tam
1330 319 1499 358 sinistre
1519 331 1645 368 quam
1664 319 1888 369 sophistice

287 375 480 414 cauillare
499 375 664 425 pergit?
722 375 755 413 Ο
779 375 1039 424 deploratum
1068 372 1298 423 ingenium,
1323 386 1448 423 quam
1475 373 1679 412 eximium
1706 373 1887 423 insignis

286 443 382 468 suae
409 430 653 468 stoliditatis
672 428 879 478 specimen
899 427 1086 477 prebuit!
1143 427 1252 466 Caue
1272 427 1491 477 quicquam
1515 440 1583 466 me
1607 427 1694 466 tuis
1717 428 1886 466 auribus

287 485 383 522 dare
403 487 548 533 putes:
577 497 628 521 ex
648 483 787 521 animo
806 483 963 532 loquor.
1015 481 1138 530 Quae,
1165 481 1336 530 malum,
1360 481 1623 531 impudentia
1643 484 1706 520 est
1725 482 1891 520 friuolis

287 538 408 587 nugis
445 550 544 576 vera
582 539 622 575 et
660 535 997 587 inexpugnabilia
1034 537 1297 586 oppugnare!
1363 535 1485 574 Vnde
1523 536 1685 574 homini
1720 538 1886 575 tantum

286 591 488 640 licentiae,
512 605 563 629 ne
583 591 717 629 dicam
738 591 969 629 amentiae!
1027 589 1160 638 Quam
1180 589 1316 628 valide
1341 591 1501 639 pugnat
1529 590 1738 638 conuiciis,
1761 603 1884 640 quam

288 645 509 695 pueriliter,
546 646 631 684 imo
664 646 803 694 stulte,
840 643 1103 684 rationibus?
1172 644 1333 683 Siccine
1367 658 1390 682 a
1422 644 1714 694 sycophantiae
1746 657 1888 683 morsu

289 700 397 738 nihil
425 700 588 750 vspiam
621 702 761 738 tutum
794 702 867 738 est.
927 700 1042 738 Bene
1076 698 1127 737 ab
1156 697 1381 748 Apollonio
1416 697 1574 737 dictum
1607 700 1680 747 est,
1713 699 1889 749 sapienti

287 754 423 793 maius
452 753 683 804 periculum
717 754 938 792 imminere
967 753 1018 792 ab
1049 752 1206 791 inuidia
1236 765 1362 803 quam
1394 752 1459 790 vel
1489 752 1704 800 nauiganti
1734 767 1757 791 a
1788 755 1889 792 tem-

287 810 446 858 pestate
476 808 542 847 vel
574 808 771 858 prelianti
808 808 859 846 ab
897 807 1096 846 hostibus.
1167 806 1415 857 Quanquam
1453 807 1552 857 quid
1591 807 1709 846 culex
1747 809 1891 846 contra

287 862 591 912 elephantum?

342 917 423 956 Sed
450 918 551 967 quid
577 931 652 967 ego
677 918 728 956 ad
756 919 796 955 te
827 917 925 955 haec
955 915 1182 955 maioribus
1210 915 1606 965 occupatissimum?
1662 915 1776 954 Deus
1804 917 1888 965 opt.

288 984 397 1009 max.
421 974 462 1009 te
483 972 677 1010 omnibus
698 971 818 1009 nobis
840 973 881 1009 et
906 970 1028 1008 bonis
1053 969 1204 1009 studiis
1227 969 1478 1019 longaeuum
1498 971 1634 1008 foueat
1655 972 1777 1019 atque
1798 982 1892 1008 con—

287 1027 434 1064 seruet.
495 1025 619 1064 Salue
645 1028 686 1064 et
714 1025 806 1064 vale
834 1024 1018 1073 feliciter,
1047 1024 1158 1063 orbis
1186 1023 1343 1062 literati
1369 1024 1525 1073 lumen,
1554 1024 1735 1072 Erasme,
1762 1024 1904 1063 Boni-›

288 1080 523 1130 faciumque
547 1082 588 1118 te
615 1079 922 1129 quammaxime
948 1081 1174 1127 amantem,
1198 1078 1402 1117 colentem
1429 1080 1471 1117 et
1499 1078 1790 1117 obseruantem
1818 1080 1894 1117 tuo

289 1135 429 1173 fauore
450 1135 652 1184 prosequi,
677 1135 778 1184 quin
799 1136 840 1172 et
860 1133 1070 1172 redamare
1091 1146 1174 1171 non
1194 1146 1316 1171 cessa.

344 1188 539 1226 Basileae.
567 1189 847 1227 Rauracorum
868 1187 1174 1237 decimoquarto
1194 1187 1332 1226 Galen.
1356 1186 1491 1236 April.
1517 1188 1643 1225 Anno
1664 1199 1823 1226 M.D.Xx.

344 1243 495 1281 Paucis
515 1243 666 1281 abhinc
688 1242 845 1290 diebus,
867 1255 962 1280 cum
987 1242 1163 1292 quedam
1189 1241 1297 1279 mihi
1322 1241 1443 1280 Zasio
1469 1241 1683 1280 scribenda
1711 1241 1891 1289 fuerant,

290 1297 401 1335 inter
433 1299 569 1335 cetera
603 1298 730 1335 etiam
766 1297 815 1335 de
847 1297 970 1335 nouis
1003 1296 1076 1334 Lei
1106 1295 1447 1334 annotationibus
1478 1296 1586 1334 facta
1619 1297 1682 1334 est
1720 1295 1889 1334 mentio.

290 1351 402 1389 Dum
423 1351 523 1389 haec
543 1351 686 1399 scribo,
710 1352 746 1389 is
765 1351 871 1389 mihi
891 1351 941 1389 ad
961 1350 1100 1389 omnia
1120 1349 1343 1400 respondit,
1366 1350 1502 1388 nescio
1521 1352 1662 1388 tamen
1681 1349 1717 1388 si
1736 1350 1786 1388 ad
1808 1349 1892 1389 vlla

290 1408 356 1443 vel
393 1405 532 1444 verius
566 1406 632 1444 vel
665 1406 895 1456 elegantius
932 1417 1057 1455 quam
1090 1405 1139 1443 ad
1173 1404 1286 1443 istud
1325 1404 1399 1442 Lei
1431 1406 1683 1443 attentatum
1715 1404 1890 1442 facinus.

290 1458 418 1508 Haec,
451 1461 649 1510 quoniam
679 1460 730 1498 ad
759 1463 801 1498 te
829 1459 1036 1510 pertinere
1064 1459 1324 1507 videbantur,
1358 1459 1473 1497 nolui
1504 1459 1763 1497 committere
1791 1459 1892 1508 quin

291 1514 357 1552 his
394 1515 500 1552 meis
537 1514 829 1564 subiungerem
867 1514 1030 1561 litteris,
1072 1526 1152 1563 quo
1191 1513 1421 1551 doctissimi
1457 1512 1572 1551 illius
1605 1513 1687 1551 viri
1723 1512 1772 1551 de
1809 1513 1895 1551 Leo

291 1568 492 1606 iudicium
520 1569 587 1606 vel
616 1582 662 1607 eo
690 1569 840 1607 certius
869 1568 1207 1618 deprehenderes,
1231 1567 1340 1617 quod
1367 1567 1416 1606 ad
1443 1567 1573 1606 alium
1599 1567 1709 1615 haec,
1733 1580 1817 1605 non
1843 1568 1892 1605 ad

290 1625 343 1671 te,
366 1622 611 1672 scripsisset.
672 1622 752 1662 Sed
772 1623 878 1661 audi.

350 1677 434 1715 ‘De
468 1677 654 1726 sophista
687 1676 879 1715 Eduardo
913 1677 1020 1715 Laco
1051 1676 1150 1727 quid
1184 1676 1363 1715 scribis?
1420 1676 1554 1724 Quam
1584 1675 1690 1714 bene
1720 1675 1895 1714 maiores

293 1732 426 1769 nostri
459 1731 593 1769 dicere
622 1731 821 1779 solebant,
850 1732 895 1769 in
924 1731 1021 1769 fatis
1049 1731 1271 1781 aliquando
1306 1733 1468 1769 esse-vt
1497 1731 1548 1768 ad
1578 1730 1801 1780 perniciem
1830 1730 1898 1768 ad-

292 1788 482 1824 curratur
501 1786 615 1824 velut
635 1785 684 1824 ad
705 1785 893 1824 brabium
911 1786 919 1824 !
978 1785 1094 1833 Quod
1114 1785 1196 1822 nisi
1216 1787 1334 1832 esset,
1352 1798 1437 1823 non
1455 1786 1687 1822 tentassent
1707 1784 1897 1834 gigantes

295 1853 531 1889 oppugnare
564 1840 735 1878 coelum.
802 1840 909 1888 Quid
943 1841 1056 1878 enim
1089 1839 1205 1878 aliud
1238 1839 1423 1889 sophista
1456 1839 1528 1877 ille
1561 1851 1684 1888 quam
1719 1838 1891 1886 coelum,

294 1907 419 1944 quam
458 1894 649 1932 omnium
689 1894 927 1932 diuinarum
965 1894 1325 1943 humanarumque
1368 1893 1602 1932 litterarum
1641 1893 1895 1943 praesidium

294 1961 531 1998 oppugnare
559 1949 829 1998 aggreditur?
885 1949 1067 1986 Tantum
1096 1948 1285 1986 laborum
1314 1948 1435 1986 heros
1462 1947 1534 1985 ille
1562 1946 1896 1996 incomparabilis

294 2002 492 2051 exantlat,
516 2016 679 2052 semper
697 2004 748 2041 ad
769 2016 899 2041 nouos
918 2003 1076 2041 labores
1099 2003 1270 2052 integer,
1292 2004 1339 2041 vt
1365 2003 1457 2052 post
1484 2001 1777 2050 Hieronymos,
1800 2003 1894 2051 post

338 2084 391 2122 48.
416 2085 483 2114 iste
500 2086 523 2118 β
540 2095 547 2114 :
572 2084 633 2114 ille
650 2096 682 2115 a.
813 2083 864 2125 (id
887 2086 951 2123 est,
974 2083 1107 2124 laeuus,
1130 2084 1285 2115 sinister.
1331 2083 1443 2114 Laeus
1460 2083 1587 2113 Latine
1604 2083 1815 2122 cognomine
1832 2082 1897 2113 ille

295 2129 357 2165 qui
377 2130 502 2158 contra
520 2127 709 2158 Erasmum
726 2128 884 2169 scripsit)
894 2132 963 2166 post
977 2127 1070 2158 Λαιός
1087 2130 1162 2158 add.
1179 2138 1219 2158 a:
1244 2137 1303 2158 om.
1320 2128 1354 2161 β.
1476 2138 1527 2167 49.
1553 2125 1612 2160 al32
1627 2138 1634 2157 ε
1659 2126 1827 2156 sinistrae
1844 2124 1893 2160 18¹.

294 2180 345 2209 5ο.
373 2170 433 2205 ‹1ss²
448 2182 456 2202 :
481 2172 643 2202 cauillari
661 2171 709 2204 Bl.
831 2181 883 2210 52.
911 2171 1138 2211 impudentia
1153 2173 1208 2202 est
1224 2172 1265 2205 B:
1291 2172 1344 2201 est
1360 2170 1428 2201 ista
1445 2170 1671 2210 impudentia
1686 2181 1717 2200 α.
1838 2179 1891 2209 54.

294 2214 407 2254 Quam
423 2215 542 2245 valide
559 2239 567 2246 .
585 2238 594 2247 .
613 2239 621 2246 .
640 2225 693 2254 55.
718 2215 918 2246 rationibus
933 2218 1006 2246 add.
1025 2217 1059 2249 β.
1173 2215 1312 2246 Siccine
1329 2213 1383 2248 13¹:
1409 2213 1512 2244 Sicne
1529 2213 1598 2246 ‹1ss².
1717 2213 1772 2247 13¹:
1798 2222 1896 2251 syco-

295 2258 428 2297 phante
446 2257 518 2293 affl.
622 2260 675 2298 58.
701 2259 912 2298 Quanquam
931 2284 938 2290 .
957 2282 964 2290 .
983 2283 991 2290 .
1009 2268 1063 2298 59.
1088 2258 1322 2299 elephantum
1339 2260 1411 2288 add.
1430 2259 1464 2292 β.
1574 2258 1627 2288 60.
1654 2257 1699 2288 ad
1715 2267 1773 2287 om.
1793 2256 1840 2294 13²,
1859 2259 1895 2295 iu

296 2304 353 2332 line
369 2304 475 2333 lineae.
600 2304 653 2333 62.
677 2303 829 2333 feliciter
847 2326 853 2332 .
872 2326 879 2333 .
898 2326 905 2333 .
923 2302 1068 2334 Erasme
1084 2303 1107 2336 β
1123 2314 1130 2333 :
1153 2302 1401 2333 doctrinarum
1417 2301 1582 2340 princeps
1598 2303 1634 2331 et
1650 2300 1845 2331 monarcha
1861 2311 1894 2330 α.

295 2346 348 2383 65.
375 2346 533 2376 Basileae
551 2369 558 2376 .
581 2370 587 2376 .
607 2370 613 2376 .
634 2355 755 2377 M.D.xx
772 2347 795 2380 β
818 2345 1099 2386 <decimoquarto
1115 2344 1171 2379 βῙε
1195 2355 1264 2376 XIII
1280 2345 1351 2385 ss²):
1376 2344 1499 2375 Basill.
1520 2344 1664 2375 Raurac.
1686 2355 1717 2375 α.
1841 2344 1893 2381 67.

298 2390 392 2418 inter
403 2390 425 2422 β
442 2401 449 2420 z
474 2390 513 2420 in
527 2401 556 2420 a.
627 2390 730 2420 nouis
742 2391 765 2423 β
781 2400 789 2420 :
813 2390 916 2420 nouis
930 2390 1003 2420 illis
1016 2401 1045 2420 α.
1137 2389 1189 2420 68.
1214 2389 1287 2419 vlla
1300 2388 1336 2422 β1
1354 2400 1361 2419 z
1386 2398 1454 2428 que
1468 2386 1539 2422 affl.
1632 2388 1687 2427 69.
1710 2387 1765 2418 vel
1777 2387 1896 2417 verius

296 2432 350 2461 vel
370 2434 415 2465 B:
438 2434 557 2463 verius
573 2432 600 2463 δι
619 2445 650 2464 α.
786 2442 838 2472 70.
865 2432 922 2467 Blz
946 2433 1134 2464 videbatur
1158 2432 1227 2466 aL32.
1355 2441 1407 2471 71.
1434 2432 1492 2461 his
1516 2455 1524 2462 .
1552 2455 1558 2461 .
1585 2455 1592 2462 .
1619 2431 1752 2461 litteris
1774 2432 1797 2464 β
1822 2430 1897 2468 (his

296 2474 332 2508 [3¹
349 2487 355 2506 :
383 2476 453 2506 hiis
469 2475 542 2517 B²):
568 2476 613 2507 ad
629 2479 665 2507 te
683 2476 865 2507 mitterem
880 2488 910 2508 α.
1003 2477 1071 2507 Leo
1088 2475 1125 2510 Bl
1140 2487 1146 2507 :
1173 2479 1207 2507 te
1223 2475 1292 2509 113².
1428 2484 1478 2513 72.
1505 2475 1618 2504 alium
1636 2475 1723 2505 haec
1739 2475 1763 2508 β
1778 2485 1784 2505 :
1810 2473 1908 2504 alie--

299 2528 387 2548 num
405 2531 436 2550 α.
585 2530 635 2559 73.
662 2521 723 2550 sed
740 2520 824 2550 audi
841 2542 849 2550 .
870 2543 878 2551 .
899 2544 905 2551 .
923 2530 976 2559 99.
1000 2520 1191 2551 monarcha
1209 2523 1280 2550 add.
1309 2520 1341 2553 β.
1478 2520 1546 2558 (74.
1571 2528 1738 2558 opaunpfl
1755 2518 1823 2557 Leo
1839 2518 1873 2551 βι
1889 2529 1895 2547 ;

298 2562 463 2593 Eduardo
480 2561 552 2602 327,
679 2564 729 2601 78.
756 2563 975 2603 praesidium
992 2565 1015 2598 β
1033 2575 1039 2594 :
1063 2564 1196 2594 Verum
1215 2564 1337 2594 Iouem
1353 2573 1384 2601 γ.
1509 2572 1560 2600 79.
1583 2562 1738 2592 Tantum
1756 2585 1763 2592 .
1785 2585 1792 2592 .
1809 2584 1817 2591 .
1838 2571 1892 2600 92.

297 2605 389 2636 Leus
405 2607 428 2639 Β
445 2617 453 2636 2
476 2606 568 2636 Nam
586 2607 642 2637 cui
654 2606 717 2636 alii
731 2608 801 2637 nisi
820 2607 899 2637 Ioui
916 2607 1182 2647 aequipararim
1197 2607 1394 2641 Erasmmn,
1409 2606 1484 2636 siue
1498 2605 1560 2635 ille
1572 2614 1733 2635 summus
1746 2604 1894 2635 deorum

299 2649 507 2679 nominetur
523 2651 597 2680 siue
615 2660 634 2680 a
652 2650 811 2681 iuuando
828 2660 961 2681 nomen
981 2652 1192 2681 mutuetur?
1238 2651 1327 2681 Cum
1346 2650 1444 2680 enim
1465 2649 1517 2679 dii
1540 2649 1625 2685 sint,
1644 2650 1802 2679 testante
1818 2656 1898 2687 pro-

297 2692 416 2732 pheta,
432 2695 468 2723 et
485 2693 552 2723 filii
569 2694 697 2723 excelsi
716 2704 839 2724 omnes
856 2695 982 2733 quiqui
1001 2695 1144 2734 optimis
1160 2693 1279 2724 literis
1296 2693 1340 2723 ad
1359 2693 1548 2723 hominum
1566 2692 1717 2723 salutem
1733 2693 1896 2728 vtuntur,

298 2736 474 2775 quomodo
491 2746 562 2767 non
581 2737 749 2767 Erasmus
765 2738 912 2768 deorum
929 2747 1092 2768 summus
1108 2738 1155 2768 sit
1166 2739 1182 2768 ἰ)
1216 2738 1277 2776 qui
1296 2737 1342 2777 <si
1359 2739 1437 2776 post
1451 2736 1693 2775 Hieronymos
1703 2737 1738 2766 et
1752 2735 1897 2774 Cypria-

298 2789 363 2810 nos
374 2781 582 2818 quisquam)
600 2780 682 2810 fidei
697 2791 849 2820 causam,
865 2782 1062 2820 theologiae
1076 2781 1298 2812 maiestatem
1314 2790 1404 2810 vnus
1415 2780 1562 2818 egregio,
1576 2779 1767 2818 eleganter,
1781 2778 1893 2816 docte,

298 2823 458 2863 fundate,
480 2824 590 2853 immo
610 2824 733 2863 diuine
748 2825 893 2864 adserit,
913 2826 1045 2864 tuetur,
1065 2825 1212 2865 profert.
1259 2824 1400 2854 Iunisse
1417 2824 1535 2853 autem
1554 2823 1722 2853 mortales
1736 2822 1817 2861 quis
1834 2831 1899 2851 vn-

298 2876 407 2905 quam
433 2867 562 2897 abhinc
586 2867 861 2907 quadringentis
884 2869 919 2898 et
942 2868 1097 2908 amplius
1121 2868 1227 2898 annis
1243 2867 1336 2898 alius
1353 2868 1555 2906 compertus
1577 2868 1631 2896 est
1656 2865 1789 2895 maiore
1813 2874 1894 2895 cum

298 2911 429 2947 fructu,
450 2911 479 2940 si
498 2912 540 2940 ab
558 2911 705 2941 Erasmo
721 2911 910 2942 discedas?
924 2923 958 2952 γ.
1090 2912 1144 2944 80.
1169 2914 1208 2941 vt
1231 2913 1309 2950 post
1325 2909 1362 2944 Bl
1377 2921 1384 2941 :
1409 2913 1446 2941 vt
1463 2910 1565 2941 nobis
1580 2911 1658 2949 post
1675 2907 1722 2942 13².

345 3000 397 3028 66.
425 2998 631 3039 scribenda]
655 2999 728 3029 The
752 2999 859 3029 letter
876 3000 906 3030 is
925 3001 988 3030 not
1008 3009 1068 3030 ex·
1129 2999 1219 3029 froin
1238 2998 1300 3029 the
1317 2997 1449 3028 arrival
1464 2996 1501 3028 of
1522 2997 1619 3028 Lee’s
1636 2998 1725 3028 book
1742 2998 1778 3028 in
1796 2996 1899 3027 Basle

305 3043 396 3072 tant.
454 3042 508 3073 Its
540 3042 622 3073 date
654 3052 736 3082 may
768 3043 810 3072 be
842 3042 1068 3082 conjectured
1130 3046 1178 3082 (p.
1200 3042 1290 3082 109).
