1990 3353
103 122 222 174 1166]

95 235 138 270 at
171 232 234 270 illi
264 245 377 270 mors
405 232 533 270 fidem
566 245 652 270 non
686 231 883 270 seruauit.

96 286 260 324 videam
290 299 363 325 cur
391 286 499 324 mihi
527 285 582 324 sit
611 298 859 335 magnopere
889 285 1206 335 gratulandum:
1240 298 1314 323 nec
1343 285 1449 323 mihi
1479 299 1575 323 cum
1603 286 1699 324 aula
1722 301 1759 323 10

832 337 962 376 Bonis
996 339 1151 378 litteris
1182 339 1378 378 iuuandis
1408 339 1555 378 videor
1593 340 1699 379 mihi

97 340 304 380 conuenit.
339 354 415 379 nec
449 340 565 379 aulae
599 352 774 377 mecum.

800 121 1006 159 To—

1621 124 1703 163 397

943 230 1023 269 Sed
1057 231 1134 269 hoc
1164 233 1303 270 totum
1336 231 1417 269 tale
1449 233 1511 269 est
1541 234 1585 270 vt
1614 245 1699 270 non

94 395 397 445 propemodum
416 409 489 444 pro
505 407 596 433 mea
615 394 804 443 portione
819 393 1064 432 satisfecisse
1082 408 1093 441 3
1121 407 1225 443 quas
1238 397 1380 432 tamen
1401 406 1486 432 non
1500 394 1695 442 deseram,

94 449 166 487 sed
187 448 392 498 paulatim
411 463 478 487 me
498 449 729 487 subducam
749 461 799 485 ex
819 460 952 494 arena,
976 448 1058 486 nisi
1088 461 1228 487 rerum
1259 448 1538 486 humanarum
1564 451 1699 487 status

94 503 140 541 in
161 503 377 541 diuersum
396 506 607 549 mutetur-3
638 503 755 540 cuius
775 502 910 540 adhuc
930 515 1016 540 non
1036 502 1206 552 affulget
1225 502 1416 541 alicunde
1440 516 1533 552 spes
1559 502 1698 553 aliqua

92 557 329 607 probabilis,
361 558 462 596 adeo
495 557 674 595 succedit
703 569 768 594 res
796 555 889 594 istis
918 557 990 606 qui
1019 556 1097 595 sub
1128 559 1343 606 praetextu
1375 557 1589 606 religionis
1623 571 1698 607 pro
1720 572 1755 604 15

93 615 239 650 ventre
259 612 561 662 tyrannideque
581 624 655 650 sua
682 611 882 649 aduersus
901 611 1061 659 optima
1087 611 1225 649 studia
1248 611 1541 660 doctrinaeque
1561 612 1698 650 Euan-

93 666 248 715 gelicae
278 666 558 704 sinceritatem
588 665 877 715 digladiantur.

91 734 281 769 proceres
309 720 575 759 ecclesiastici
602 722 808 758 venantur
836 719 981 758 mitras
1010 724 1051 758 et
1085 719 1258 768 galeros.

935 665 1132 703 Proceres
1162 665 1286 703 aulici
1314 665 1416 704 alias
1445 679 1511 704 res
1538 669 1695 715 agunt:

1317 719 1515 769 Theologi
1545 720 1696 758 veteris

91 774 248 812 farinae
281 775 518 824 adiungunt
551 787 638 812 sese
670 774 1027 812 Praedicatoribus
1066 777 1105 812 et
1141 773 1403 821 Carmelitis;
1447 787 1550 824 quos
1588 775 1696 813 nihil

92 829 265 867 omnino
298 830 424 879 pudet
457 842 593 879 neque
627 828 760 867 dicere
799 841 930 878 neque
963 828 1105 866 facere.

93 882 330 932 Carmelita,
363 883 436 933 qui
470 896 764 932 saepenumero
798 895 866 921 me
899 882 1152 921 stultissime
1180 885 1293 921 taxat
1322 883 1366 920 in
1396 882 1575 932 publicis
1604 897 1695 922 con-

91 937 278 976 cionibus
306 951 350 977 ac
380 937 703 987 professionibus
732 937 978 976 ordinariis:
1007 937 1167 975 ridetur
1196 937 1246 975 ab
1276 937 1535 976 auditoribus
1564 938 1696 976 veluti

89 992 283 1039 furiosus,
313 996 356 1031 et
385 998 526 1031 tamen
556 992 683 1030 homo
714 1005 839 1030 senex
870 991 950 1030 sibi
978 1005 1062 1029 non
1089 993 1223 1041 potest
1251 991 1468 1041 displicere
1499 992 1557 1030 sic
1584 992 1694 1042 inep-

93 1046 214 1085 tiens.

144 1102 271 1140 Venit
300 1104 397 1140 ante
423 1114 587 1139 menses
618 1101 776 1150 aliquot
803 1101 1006 1150 Phrysius
1027 1100 1196 1151 quidam
1223 1100 1500 1148 Praedicator,
1525 1102 1694 1139 nomine
1714 1118 1751 1148 25

89 1155 352 1204 Laurentius,
387 1156 552 1194 iuuenis
583 1156 785 1203 indoctus,
820 1155 891 1193 sed
921 1155 971 1193 ad
1001 1155 1210 1193 insaniam
1242 1168 1373 1204 vsque
1402 1155 1482 1192 sibi
1512 1155 1688 1205 placens.

88 1209 132 1248 Is
152 1210 431 1249 hebdomades
449 1210 607 1260 aliquot
627 1210 924 1259 interpretatus
945 1212 1006 1248 est
1025 1210 1178 1259 populo
1197 1209 1308 1248 locos
1326 1209 1485 1258 aliquot
1506 1223 1528 1247 e
1547 1210 1689 1258 Moria,

89 1264 252 1315 magnis
288 1265 481 1303 conuitiis
516 1264 770 1303 debacchans
800 1264 844 1302 in
877 1277 968 1302 nie:
1012 1264 1182 1302 tandem
1210 1277 1278 1302 me
1309 1263 1602 1302 dissimulante
1633 1265 1692 1303 in-

89 1318 248 1357 dictum
268 1322 330 1357 est
350 1319 517 1358 rabulae
536 1319 754 1357 silentium
774 1319 947 1356 nomine
967 1317 1227 1357 Academiae.

1287 1317 1414 1356 Siluit
1433 1318 1687 1368 aliquandiu.

88 1372 231 1422 Nuper
268 1374 403 1423 coepit
440 1387 585 1412 rursus
619 1373 813 1419 insanire,
853 1373 990 1411 nescio
1030 1386 1110 1423 quo
1149 1372 1404 1422 instigante3
1453 1386 1526 1411 nec
1564 1373 1692 1412 vllius
1710 1383 1750 1414 30

87 1428 331 1466 auctoritate
351 1430 488 1477 potest
508 1428 723 1477 compesci.

778 1427 980 1466 Indoctus
1000 1433 1073 1473 est,
1096 1426 1274 1465 stolidus
1294 1430 1372 1474 est,
1391 1440 1436 1464 ac
1458 1427 1692 1477 depugnare

86 1486 281 1531 paratus3
316 1485 356 1520 et
386 1479 584 1534 habe[n]t
613 1483 683 1532 qui
714 1481 777 1519 illi
806 1482 863 1520 sic
895 1483 1080 1520 currenti
1108 1482 1353 1520 suffundant
1381 1480 1586 1531 frigidam.
1647 1483 1691 1521 Si

86 1536 248 1586 litigem
268 1546 363 1575 cum
388 1537 485 1584 illis,
510 1550 605 1575 cum
632 1537 783 1574 belluis
809 1540 850 1574 et
877 1549 969 1574 cuni
998 1536 1164 1586 populis
1195 1535 1355 1574 bellum
1382 1549 1626 1585 suscepero;
1657 1538 1691 1575 si

85 1591 263 1629 scribam
283 1591 482 1629 aduersus
497 1605 577 1638 eos,
595 1591 845 1640 iampridem
860 1591 1167 1640 perfricuerunt
1187 1591 1379 1628 frontem.
1423 1590 1489 1628 Sic
1509 1591 1692 1641 cogitant

85 1658 239 1684 secum.

84 1700 311 1749 populum.'

85 1754 383 1792 monasterium
403 1769 413 1801 3
442 1757 488 1792 vt
506 1754 637 1792 satius
657 1754 712 1793 sit
733 1755 775 1792 in
797 1767 879 1792 vno
907 1754 1079 1792 clamari
1106 1754 1208 1792 loco.

305 1645 486 1684 ‘Scribat
514 1645 585 1683 ille
615 1645 758 1693 doctis,
781 1645 854 1694 qui
882 1645 1003 1694 pauci
1031 1648 1154 1692 sunt;
1198 1658 1275 1683 nos
1303 1644 1552 1683 lati-abimus
1581 1646 1690 1694 apud
1711 1657 1748 1688 35

366 1700 410 1738 Si
431 1713 585 1749 vrgeas,
611 1703 846 1738 extremum
873 1702 946 1738 est.
971 1700 1042 1749 qui
1064 1699 1248 1748 peccauit
1276 1699 1483 1748 relegatur
1503 1699 1547 1737 in
1574 1699 1687 1738 aliud

1266 1754 1334 1792 Ad
1359 1754 1436 1792 hoc
1463 1754 1688 1792 conniuent

85 1808 273 1858 Magistri
307 1809 469 1857 nostri3
512 1823 689 1859 quorum
723 1808 919 1848 nonnulli
958 1809 1065 1846 mihi
1098 1808 1346 1857 iampridem
1383 1821 1530 1858 parum
1569 1808 1690 1859 aequi

84 1867 196 1912 sunt,
226 1876 302 1901 nec
321 1863 442 1902 video
469 1864 750 1913 quamobrem.
810 1863 894 1901 Nec
921 1863 1188 1913 expostulant
1214 1875 1390 1909 mecum,
1414 1876 1488 1900 nec
1515 1866 1690 1912 possunt

82 1917 237 1967 placari
252 1931 262 1965 ;
292 1920 332 1955 et
352 1917 529 1956 subinde
548 1917 670 1957 nouis
690 1917 998 1967 suspicionibus
1013 1919 1318 1967 exasperantur,
1337 1930 1437 1967 quas
1457 1917 1542 1956 iam
1561 1917 1689 1956 semel
1709 1929 1752 1959 40

83 1975 373 2021 compererunt
391 1972 648 2011 falsissimas.

130 2143 177 2162 10.
205 2142 287 2163 cum
305 2131 401 2173 aula]
421 2132 472 2164 Cf.
492 2132 556 2171 Ep.
576 2133 670 2169 1148.
689 2142 746 2171 9n.

131 2177 177 2206 16.
206 2175 348 2216 ventre]
377 2175 430 2207 Cf.
455 2176 542 2215 Epp.
569 2185 662 2214 1171.
680 2186 732 2215 92,
755 2186 849 2215 1174.

82 2232 112 2259 4,
135 2228 228 2258 1177.
248 2229 302 2259 39,
324 2229 418 2259 1191.
437 2221 490 2258 26,
511 2228 604 2258 1205.
622 2229 673 2258 27.

126 2273 177 2294 20.
206 2263 476 2303 Egmondanus]
502 2263 566 2293 See
585 2263 648 2302 Ep.
667 2263 742 2301 878.
765 2273 849 2302 13¹¹?

82 2307 165 2346 and,
191 2307 246 2337 for
276 2307 333 2337 his
364 2310 485 2338 recent
515 2309 729 2337 encounters
760 2309 851 2338 with

82 2350 264 2382 Erasmus.
284 2351 370 2390 Epp.
394 2360 487 2389 1144,
510 2360 603 2389 1147,
626 2360 718 2389 1153,
743 2352 832 2382 1162.

124 2405 175 2424 22.
204 2394 414 2435 ordinariis]
432 2394 484 2425 Cf.
503 2395 565 2434 Ep.
585 2395 678 2431 1164.
696 2396 775 2434 5611.

125 2447 177 2477 23.
205 2436 330 2478 senex]
362 2438 418 2469 He
441 2448 514 2468 was
544 2448 628 2469 now
658 2438 766 2469 about
795 2438 847 2478 58.

82 2481 151 2512 For
175 2482 278 2512 other
300 2491 395 2512 cases
420 2481 459 2512 of
485 2481 547 2512 the
571 2482 791 2521 application
816 2482 854 2513 of

82 2525 156 2556 this
174 2528 265 2555 term
282 2535 338 2555 see
356 2525 420 2564 Ep.
443 2534 534 2564 1025.
559 2526 635 2557 1611.

124 2569 175 2600 26.
203 2567 436 2609 Laurentius]
468 2569 571 2600 Laur.
608 2569 804 2602 Laurentii.
829 2580 849 2600 a

81 2622 199 2652 young
230 2613 370 2643 Frisian
403 2612 630 2651 Dominican,
662 2613 754 2643 with
784 2613 848 2644 the

81 2655 208 2695 degree
225 2656 264 2686 of
276 2656 361 2687 RD.
382 2656 485 2695 (Epp.
506 2666 599 2696 1147,
622 2658 732 2695 1165).
779 2657 848 2688 His

80 2699 216 2730 attacks
233 2700 303 2730 had
322 2700 435 2739 begun
453 2700 492 2730 in
508 2700 529 2730 J
534 2700 606 2739 uly,
622 2701 729 2731 while
747 2701 849 2731 Eras-

81 2752 161 2774 mus
169 2753 241 2775 was
251 2746 287 2774 at
295 2743 411 2774 Calais
424 2743 504 2783 (Ep.
517 2753 610 2783 1173.
624 2743 744 2783 roo-4)
757 2754 764 2779 ;
776 2745 847 2776 and

80 2796 173 2818 were
189 2787 348 2818 directed
363 2787 505 2826 against
521 2786 581 2818 the
593 2789 707 2818 Μονία.
748 2787 816 2818 For
828 2798 847 2818 a

80 2830 167 2861 time
183 2830 366 2861 Aleander
381 2830 541 2861 silenced
557 2831 634 2861 him
650 2831 730 2870 (Ep.
751 2840 845 2870 1172.

80 2875 165 2912 3211)
181 2884 189 2912 ;
214 2875 276 2905 but
295 2874 414 2904 before
431 2874 493 2904 the
505 2873 576 2904 end
590 2875 628 2904 os
643 2883 727 2912 1520
743 2875 845 2914 (Epp.

84 2918 178 2957 1164,
209 2918 302 2957 1196.
329 2917 408 2957 204)
434 2917 479 2948 he
503 2917 575 2947 had
599 2918 766 2948 renewed
789 2918 847 2948 his

80 2960 213 2999 attack,
232 2962 308 2992 this
333 2961 421 2991 time
447 2970 542 3000 upon
559 2961 621 2991 the
636 2963 847 2992 Antibarban

81 3004 160 3045 (Ep.
181 3006 294 3045 1110),
319 3003 441 3035 which
466 3004 538 3035 had
558 3004 635 3043 just
659 3006 844 3045 appeared.

920 2132 974 2163 On
1006 2133 1047 2162 28
1080 2133 1154 2164 Oct.
1190 2142 1281 2172 1521,
1305 2132 1382 2171 just
1415 2133 1531 2163 before
1564 2133 1691 2172 finally

920 2176 1062 2215 leaving
1079 2177 1250 2215 Louvain,
1271 2177 1439 2207 Erasmus
1462 2177 1574 2207 heard
1598 2177 1689 2207 him-

920 2220 990 2250 self
1014 2230 1101 2250 once
1133 2230 1230 2251 more
1263 2221 1325 2250 the
1356 2219 1469 2259 object
1492 2220 1531 2250 of
1557 2221 1688 2251 hostile

920 2264 1094 2294 criticism
1114 2264 1206 2294 from
1230 2264 1292 2294 the
1317 2273 1413 2294 same
1437 2266 1584 2303 quarter
1608 2264 1687 2304 (Ep.

923 2317 1015 2346 1342.
1034 2317 1094 2346 113
1108 2309 1209 2347 seqR).
1248 2307 1466 2338 Laurentius
1479 2308 1689 2338 afterwards

920 2361 995 2382 rose
1013 2354 1048 2382 to
1066 2352 1106 2381 be
1130 2351 1234 2382 Prior
1256 2352 1294 2382 of
1315 2351 1377 2381 the
1402 2351 1634 2382 Doniinicans
1652 2354 1688 2382 at

920 2396 1141 2435 Groningen,
1176 2404 1269 2433 1523.
1302 2395 1503 2434 Inquisitor
1534 2395 1588 2426 for
1626 2395 1687 2426 the

920 2438 1076 2470 dioceses
1093 2438 1131 2469 of
1143 2439 1296 2470 Utrecht
1313 2439 1385 2469 and
1399 2439 1572 2477 Miinster,
1592 2448 1685 2479 1530,

920 2483 990 2513 and
1017 2484 1054 2512 in
1086 2492 1170 2521 1533
1201 2481 1422 2513 ‘Diffinitor'
1451 2482 1489 2513 of
1516 2483 1578 2513 the
1605 2483 1687 2513 Pro-

920 2527 1051 2557 vincial
1085 2526 1249 2565 Chapter.
1301 2525 1365 2557 See
1396 2526 1436 2557 B.
1464 2527 1508 2556 de
1531 2527 1683 2566 Jonglle,

918 2573 1059 2600 Desolata.
1091 2572 1232 2600 Βαίααία
1261 2572 1483 2606 Dominicana,
1524 2580 1616 2609 1717,
1651 2581 1683 2605 ι).

922 2615 1003 2652 156;
1028 2613 1180 2644 NNBW.
1200 2614 1235 2644 ii.
1250 2613 1330 2652 789;
1355 2614 1427 2644 and
1444 2613 1596 2654 perhaps
1612 2614 1684 2645 VE.

916 2659 990 2695 246.
1036 2656 1214 2688 Erasmus'
1231 2657 1309 2688 first
1330 2659 1493 2688 mention
1510 2658 1548 2688 of
1561 2658 1638 2687 him
1657 2659 1685 2688 is

918 2703 955 2731 in
973 2702 1038 2740 Ep.
1059 2711 1153 2740 1144.
1171 2710 1233 2739 34;
1258 2701 1321 2731 but
1339 2702 1396 2732 his
1413 2711 1518 2732 name
1535 2702 1565 2732 is
1580 2702 1685 2741 given

917 2745 1002 2784 only
1019 2744 1103 2775 here
1120 2744 1190 2775 and
1209 2744 1246 2775 in
1266 2745 1328 2784 Ep.
1352 2746 1444 2784 1582.

960 2790 992 2819 Α
1019 2788 1161 2819 volume
1187 2787 1226 2818 of
1247 2788 1466 2819 Buridanus'
1489 2792 1683 2826 Quaestiones

917 2842 963 2862 on
974 2831 1179 2863 Aristotle's
1191 2832 1325 2872 Ethios,
1337 2832 1447 2871 Paris,
1460 2833 1496 2863 P.
1509 2833 1540 2863 le
1553 2833 1680 2865 Preux.

920 2885 1012 2914 1513,
1041 2875 1162 2906 which
1189 2875 1360 2916 belonged
1392 2879 1428 2907 to
1457 2876 1682 2912 Laurentius,

919 2920 947 2949 is
978 2929 1059 2949 now
1090 2919 1126 2949 in
1154 2920 1215 2950 the
1240 2920 1447 2959 Groningen
1473 2919 1684 2958 University

917 2963 1086 3001 Library:
1112 2973 1168 2993 see
1193 2964 1237 2994 A.
1257 2963 1302 2995 G.
1326 2962 1427 2994 Roos’
1452 2965 1611 3001 Cataloqus
1633 2964 1685 2992 des

918 3009 1134 3045 incumbam,
1158 3015 1250 3047 1912,
1269 3017 1326 3038 no.
1350 3008 1421 3038 180.

1178 828 1255 866 Est
1293 828 1360 866 hic
1393 828 1697 878 Egmondanus
1717 845 1755 867 20
