1990 3353
78 136 174 191 999]

574 138 644 176 TO
683 137 901 176 ULRICH
942 137 1177 175 HUTTEN
1632 141 1680 176 15

75 248 299 286 admodum
338 249 437 286 natu
478 246 693 296 grandem,
735 247 802 284 sed
849 246 953 284 mire
996 246 1151 284 virenti
1188 248 1411 296 vegetaque
1455 250 1676 286 senectute.

76 302 297 341 Neminem
319 302 452 340 adhuc
472 302 559 339 vidi
579 301 721 338 minus
740 314 954 339 morosum
974 301 1020 339 in
1040 301 1202 339 delectu
1223 301 1424 339 ciborum.
1482 302 1549 339 Ad
1571 302 1680 340 iuue—

76 356 206 395 nilem
226 370 355 406 vsque
381 358 557 394 aetatem
585 368 711 404 aquae
737 358 838 404 potu
865 355 1093 393 delectatus
1113 357 1184 399 est,
1215 355 1256 393 id
1285 355 1349 392 illi
1375 356 1559 405 patrium
1588 356 1677 395 fuit.

75 411 233 450 Verum
254 411 330 449 hac
356 410 401 448 in
428 423 470 448 re
497 423 549 448 ne
575 410 641 447 cui
668 409 871 447 molestus
896 411 1015 457 esset,
1045 409 1215 448 fallebat
1241 410 1439 448 conuiuas
1460 423 1481 448 e
1507 412 1681 449 stanneo
1702 419 1742 459 65

76 465 227 515 poculo
246 464 465 503 ceruisiam
484 464 644 509 bibens,
662 477 835 513 eamque
856 477 984 513 aquae
1004 464 1249 512 proximam,
1275 465 1510 514 frequenter
1531 477 1679 514 aquam

75 532 241 558 meram.
299 518 470 566 Vinum,
504 518 702 568 quoniam
723 517 816 556 ‘illic
844 531 935 556 mos
964 519 1026 556 est
1054 519 1104 556 ad
1134 518 1245 556 idem
1274 519 1472 568 poculum
1497 519 1682 557 vicissim

74 574 254 612 inuitare
274 586 372 620 sese,
396 585 561 611 summo
582 586 651 610 ore
672 585 977 622 nonnunquam
1004 572 1172 619 libabat,
1196 586 1248 610 ne
1267 586 1438 622 prorsus
1464 573 1683 611 abhorrere

74 628 294 674 videretur,
327 628 452 665 simul
481 629 527 665 vt
557 627 644 676 ipse
673 626 967 664 communibus
1000 627 1122 665 rebus
1155 629 1419 666 assuesceret.

74 681 253 728 bubulis,
285 681 556 728 salsamentis,
586 694 691 730 pane
719 681 959 719 secundario
987 694 1032 718 ac
1057 682 1330 719 vehementer
1358 682 1610 720 fermentato
1637 682 1684 720 li·
1706 694 1745 727 70

1480 627 1684 666 Carnibus

74 736 243 774 bentius
276 736 518 774 vescebatur
552 748 678 784 quam
713 736 781 773 his
815 734 918 773 cibis
952 748 1055 785 quos
1088 735 1239 784 vulgus
1269 736 1391 774 habet
1423 736 1467 773 in
1502 736 1684 774 deliciis:

74 790 228 840 alioqui
248 790 492 840 neutiquam
513 790 739 828 abhorrens
759 790 810 828 ab
838 790 1033 828 omnibus
1056 803 1160 838 quae
1181 790 1438 840 voluptatem
1467 790 1683 829 innoxiam

74 845 269 883 adferunt
290 845 414 883 etiam
432 844 600 894 corpori.
643 843 926 882 Lactariorum
947 846 1145 882 eteorum
1161 844 1350 882 foetuum
1372 845 1443 894 qui
1458 847 1684 883 nascuntur

75 900 117 937 in
137 899 365 947 arboribus,
384 912 547 948 semper
561 898 640 937 fuit
660 899 948 948 appetentior:
977 911 1095 936 esum
1111 912 1286 937 ouorum
1307 898 1352 937 in
1373 899 1531 937 deliciis
1548 900 1682 938 habet.

74 954 168 992 Vox
189 967 323 1003 neque
342 953 509 1004 grandis
529 955 591 991 est
618 967 693 991 nec
719 953 946 991 admodum
974 952 1104 1000 exilis,
1130 953 1200 990 sed
1227 966 1331 1003 quae
1355 953 1474 992 facile
1494 956 1684 1004 penetret
1706 966 1743 998 75

74 1022 204 1055 aures,
229 1008 335 1046 nihil
354 1008 512 1046 habens
532 1021 728 1046 canorum
750 1021 794 1045 ac
821 1007 959 1054 molle,
985 1008 1053 1045 sed
1082 1008 1205 1056 plane
1231 1008 1438 1057 loquentis
1464 1011 1553 1053 est;
1584 1022 1681 1046 nam

75 1063 125 1101 ad
152 1062 356 1101 musicam
384 1062 569 1100 vocalem
589 1076 611 1100 a
638 1064 787 1100 natura
810 1075 894 1100 non
921 1062 1088 1100 videtur
1114 1076 1202 1100 esse
1226 1063 1487 1112 compositus,
1519 1063 1683 1101 etiamsi

76 1117 302 1155 delectatur
333 1117 446 1154 omni
480 1117 658 1154 musices
688 1130 848 1166 genere.

909 1116 1072 1166 Lingua
1102 1117 1206 1155 mire
1245 1117 1464 1166 explanata
1496 1117 1683 1156 articula-

74 1174 207 1221 taque,
231 1171 339 1210 nihil
359 1171 515 1209 habens
536 1185 611 1209 nec
630 1184 820 1220 praeceps
841 1184 915 1209 nec
937 1171 1160 1209 haesitans.

129 1226 256 1265 Cultu
277 1225 457 1275 simplici
478 1225 719 1273 delectatur,
741 1239 816 1263 nec
843 1225 984 1264 sericis
1010 1238 1246 1275 purpuraue
1274 1227 1346 1264 aut
1372 1226 1529 1264 catenis
1548 1226 1685 1265 aureis
1704 1237 1745 1267 80

74 1280 216 1326 vtitur,
239 1280 324 1318 nisi
344 1293 437 1318 cum
458 1280 668 1329 integrum
690 1293 774 1318 non
795 1282 857 1318 est
877 1293 1039 1329 ponere.
1086 1280 1211 1318 Dictu
1233 1280 1388 1318 mirum
1410 1294 1533 1330 quam
1557 1281 1684 1330 negli-

74 1348 174 1384 gens
208 1334 262 1373 sit
298 1334 625 1373 ceremoniarum
659 1335 809 1384 quibus
844 1334 1063 1372 hominum
1100 1334 1251 1383 vulgus
1288 1334 1480 1372 aestimat
1520 1348 1683 1373 morum

73 1388 333 1427 ciuilitatem.
395 1388 484 1427 Has
504 1390 551 1427 vt
569 1402 592 1427 a
612 1389 778 1427 nemine
799 1389 938 1438 exigit,
962 1389 1020 1426 ita
1040 1388 1133 1426 aliis
1154 1402 1237 1426 non
1259 1389 1380 1427 anxie
1407 1391 1587 1438 praestat
1609 1403 1683 1427 nec

75 1444 118 1481 in
153 1443 441 1493 congressibus
473 1456 547 1481 nec
580 1444 623 1481 in
658 1443 890 1490 conuiuiis;
926 1443 1022 1481 licet
1051 1443 1198 1481 harum
1235 1456 1319 1481 non
1349 1443 1404 1482 sit
1432 1444 1618 1492 ignarus,
1649 1444 1685 1482 si

74 1497 211 1536 lubeat
231 1498 302 1537 vti.

363 1497 440 1536 Sed
463 1497 667 1536 muliebre
690 1499 809 1547 putat
827 1497 1000 1547 viroque
1028 1497 1252 1547 indignum
1281 1497 1487 1535 eiusmodi
1512 1499 1684 1548 ineptiis
1705 1509 1743 1548 85

75 1552 227 1590 bonam
249 1551 452 1602 temporis
472 1555 629 1601 partem
650 1553 883 1591 absumere.

127 1607 195 1646 Ab
229 1607 322 1645 aula
352 1606 671 1656 principumque
702 1606 985 1644 familiaritate
1015 1606 1116 1644 olim
1145 1606 1226 1644 fuit
1256 1606 1440 1654 alienior,
1474 1607 1583 1656 quod
1621 1607 1685 1645 illi

74 1674 238 1710 semper
261 1661 522 1711 peculiariter
540 1661 677 1699 inuisa
704 1661 830 1701 fuerit
854 1661 1057 1710 tyrannis,
1081 1661 1433 1709 quemadmodum
1460 1661 1686 1711 aequalitas

72 1715 320 1765 gratissima.

379 1716 461 1753 Vix
491 1718 632 1753 autem
662 1716 839 1765 reperies
868 1715 999 1753 vllam
1029 1715 1168 1753 aulam
1199 1718 1286 1753 tam
1316 1715 1547 1753 modestam
1582 1730 1685 1766 quae

74 1783 159 1807 non
180 1770 364 1808 multum
381 1770 531 1808 habeat
550 1770 751 1820 strepitus
766 1772 890 1820 atque
910 1769 1163 1817 ambitionis,
1183 1770 1365 1807 multum
1387 1770 1482 1816 fuci,
1501 1771 1683 1809 multum
1705 1784 1747 1814 90

74 1824 211 1873 luxus,
241 1837 427 1874 quaeque
453 1837 623 1874 prorsus
649 1824 758 1862 absit
785 1825 835 1862 ab
863 1825 979 1862 omni
1006 1824 1139 1873 specie
1166 1824 1416 1873 tyrannidis.

1478 1825 1589 1872 Quin
1610 1839 1685 1864 nec

74 1878 119 1916 in
148 1878 322 1917 Henrici
352 1878 487 1917 octaui
516 1879 653 1917 aulam
683 1879 868 1929 pertrahi
898 1878 1046 1928 potuit,
1080 1878 1161 1916 nisi
1192 1879 1328 1916 multo
1358 1879 1555 1928 negocio;
1590 1893 1684 1918 cum

72 1933 150 1971 hoc
170 1932 365 1982 Principe
385 1946 461 1971 nec
482 1934 615 1982 optari
644 1933 863 1984 quicquam
887 1933 1019 1982 possit
1046 1932 1213 1971 ciuilius
1231 1947 1276 1971 ac
1303 1933 1544 1971 modestius.

1607 1934 1684 1972 Na-

75 1990 168 2025 tura
194 1987 398 2026 libertatis
425 1992 547 2037 atque
572 1988 649 2026 ocii
674 1990 737 2026 est
763 1988 951 2034 auidior-3
983 1988 1052 2026 sed
1084 1988 1437 2037 quemadmodum
1466 1989 1566 2036 ocio,
1589 2002 1684 2026 cum

72 2042 203 2089 datur,
238 2041 388 2080 lubens
420 2043 566 2089 vtitur‚
615 2043 673 2080 ita
707 2043 868 2093 quoties
901 2042 1032 2092 poscit
1067 2055 1141 2090 reS,
1182 2055 1304 2080 nemo
1340 2042 1582 2091 vigilantior
1615 2045 1686 2081 aut
1705 2056 1744 2088 95

74 2096 311 2146 patientior.

115 2206 169 2235 66.
196 2204 407 2244 frequenter
422 2214 552 2244 aquam
569 2214 705 2235 meram
723 2207 796 2237 add.
816 2207 857 2235 H.

70 2248 189 2289 perias
201 2250 244 2280 N.

74 2379 116 2408 24
157 2370 263 2409 April
305 2379 385 2409 1474
431 2370 477 2401 he
522 2370 679 2401 married
725 2370 845 2409 Agnes

75 2413 270 2453 Graunger,
288 2414 370 2444 who
389 2423 461 2444 was
486 2414 547 2445 the
571 2413 714 2444 mother
731 2415 769 2444 of
787 2414 845 2444 his

75 2456 262 2495 children3
294 2467 350 2488 see
374 2457 431 2488 W.
455 2457 489 2488 A
523 2457 667 2497 Wright
691 2458 730 2487 in
754 2459 846 2488 Notes

75 2504 142 2532 and
165 2503 296 2540 Queries,
324 2511 360 2541 17
381 2501 456 2532 Oct.
478 2501 570 2539 1868,
596 2501 780 2540 reprinted
806 2502 844 2531 in

76 2544 261 2583 Seebohm‚
282 2554 340 2584 pp.
357 2546 478 2584 520-8.
524 2545 695 2575 Erasmus
719 2545 845 2584 speaks

75 2587 264 2627 definitely
272 2588 516 2619 osthreelater
525 2588 696 2629 wives(ll.
711 2588 843 2629 193—5),

75 2631 139 2662 but
155 2632 218 2662 the
236 2641 360 2663 names
373 2632 410 2663 of
423 2632 509 2672 only
522 2634 592 2663 two
609 2642 668 2663 are
686 2632 818 2662 known
836 2643 844 2670 3

76 2674 160 2706 Mrs.
177 2675 304 2705 Bowes
322 2675 394 2706 and
415 2675 518 2707 Alice
534 2675 662 2707 Glarke
681 2677 719 2716 (†
732 2676 843 2715 1544),

77 2720 142 2748 nee
166 2718 264 2749 More
293 2719 331 2749 of
359 2719 516 2759 Loseley,
542 2720 624 2750 who
655 2719 748 2750 from
783 2720 844 2751 the

76 2762 211 2802 change
228 2762 439 2794 introduced
455 2763 533 2794 into
555 2763 617 2794 the
639 2765 715 2794 text
740 2763 779 2793 in
806 2763 842 2803 F,

76 2806 173 2836 must
188 2805 279 2837 have
291 2806 483 2838 succeeded
497 2807 658 2838 between
674 2816 756 2846 1519
772 2807 844 2838 and

80 2858 173 2887 1521.
213 2849 288 2880 The
305 2850 409 2881 other
427 2860 499 2882 was
511 2850 664 2891 perhaps
676 2851 845 2881 Johanna

78 2891 322 2932 Handcombe,
370 2894 490 2925 whom
538 2894 702 2925 Cresacre
748 2894 844 2925 More

78 2935 185 2975 gives,
224 2937 395 2977 wrongly,
436 2947 473 2968 as
518 2937 672 2969 Thomas
719 2937 844 2969 More’s

77 2979 228 3011 mother.

120 3023 173 3055 66.
199 3023 405 3066 ceruisiam]
451 3024 624 3056 Warham
667 3025 844 3065 practiscd

954 2215 1005 2244 73.
1031 2205 1094 2244 qui
1114 2209 1140 2236 F
1155 2207 1268 2243 Corrcq.
1285 2217 1292 2236 :
1317 2214 1407 2244 quae
1424 2208 1461 2236 E.
1554 2206 1606 2245 89.
1633 2216 1687 2237 re-

914 2370 1053 2400 similar
1069 2370 1293 2401 moderatiori
1308 2380 1316 2409 3
1332 2370 1374 2402 cf.
1389 2371 1452 2401 the
1468 2369 1634 2401 sketches
1652 2371 1691 2401 of

914 2413 993 2444 him
1006 2414 1045 2444 in
1057 2414 1119 2445 the
1133 2416 1328 2445 Ecclesiastes
1341 2413 1428 2453 (LB.
1441 2424 1475 2445 v.
1489 2414 1550 2444 811
1563 2414 1601 2452 Β)
1613 2415 1685 2444 and

914 2458 952 2488 in
971 2457 1031 2488 the
1050 2467 1132 2497 ¹533
1148 2457 1288 2498 preface
1300 2460 1338 2489 to
1352 2459 1493 2488 Jerome
1507 2457 1685 2499 (wrongly

913 2502 1008 2532 cited
1023 2511 1061 2532 as
1078 2505 1209 2540 Adayia
1225 2502 1263 2532 in
1278 2502 1342 2541 Ep.
1364 2502 1427 2532 188
1443 2501 1604 2541 introd.).

956 2547 1009 2584 67.
1035 2545 1130 2576 idem
1142 2545 1328 2586 poculum]
1345 2546 1396 2577 Cf.
1411 2555 1431 2576 a
1444 2555 1586 2585 passage
1598 2554 1685 2575 near

913 2589 976 2619 the
993 2589 1064 2619 end
1083 2588 1121 2619 of
1137 2589 1200 2620 the
1218 2589 1394 2628 colloquy,
1412 2588 1555 2630 Ἀγαμος
1571 2587 1682 2628 γάμος,

913 2632 993 2662 first
1007 2632 1198 2672 published
1210 2634 1249 2663 in
1265 2633 1389 2664 March
1404 2643 1504 2673 1529:
1526 2634 1576 2663 6Ρ.
1593 2633 1683 2663 Tum

913 2676 1049 2706 feratur
1066 2677 1123 2707 lex
1144 2687 1190 2707 ne
1213 2677 1294 2716 quis
1315 2687 1396 2707 cum
1420 2677 1491 2707 alio
1516 2677 1682 2716 poculum

913 2720 1044 2750 habeat
1056 2730 1256 2751 commune.
1288 2729 1320 2751 G.
1336 2721 1449 2752 Istam
1463 2721 1523 2751 vix
1537 2720 1683 2760 recipiat

913 2763 1066 2803 Anglia’
1085 2764 1173 2804 (LB.
1192 2765 1215 2795 i.
1235 2765 1300 2803 830
1316 2764 1366 2805 D).
1418 2764 1469 2795 Cf.
1488 2764 1562 2795 also
1577 2766 1681 2801 Δάας.

912 2817 1011 2890 ὃδξο.
1039 2851 1264 2893 secundario]
1290 2851 1337 2883 Of
1356 2851 1507 2882 inferior
1523 2851 1683 2890 quality;

914 2894 1018 2925 made
1029 2894 1120 2925 from
1134 2895 1195 2926 the
1208 2895 1298 2926 flour
1309 2895 1439 2926 known
1449 2905 1486 2926 as
1496 2896 1503 2912 ‘
1512 2893 1684 2925 seconds'.

914 2937 965 2969 Cf.
985 2938 1071 2969 Hor.
1083 2941 1141 2976 Ep.
1157 2948 1188 2970 2.
1206 2949 1233 2970 1.
1251 2949 1311 2978 123
1322 2939 1393 2970 and
1411 2939 1508 2970 Suet.
1528 2941 1610 2975 Auy.
1633 2939 1681 2976 76.

957 2992 1011 3021 92.
1040 2982 1078 3013 in
1096 3006 1105 3014 .
1122 3007 1129 3013 .
1149 3005 1157 3014 .
1175 2982 1314 3023 aulam]
1338 2982 1389 3013 Cf.
1408 2983 1447 3014 ll.
1466 2991 1597 3021 217-30
1613 2980 1683 3011 and

916 3025 1004 3066 Epp-
1024 3035 1099 3066 597·
1116 3035 1155 3066 51
1172 3036 1206 3058 n·
1226 3037 1255 3064 2,
1274 3027 1347 3066 832-
1365 3035 1463 3066 35-9·
