1990 3353
234 420 275 451 30

230 699 269 720 05>

228 965 270 995 40

224 1775 263 1805 55

222 2035 264 2067 60

233 689 267 698 “·
292 690 468 726 magnus
488 689 533 715 ac
553 677 726 715 celebris
746 678 933 716 euaserit.

296 134 375 171 354
758 133 1010 172 LETTERS
1049 133 1117 172 OF
1156 133 1421 172 ERASMUS
1766 132 1894 186 [1520

294 243 544 282 admisceam
578 243 744 293 scriptis
777 243 893 289 meis,
931 256 981 280 ne
1020 241 1147 281 lector
1186 243 1273 281 eius
1308 243 1474 292 linguae
1512 243 1627 281 rudis
1663 243 1893 292 alienetur3

295 298 441 336 deinde
481 311 532 336 ne
571 298 703 347 patiar
740 299 787 336 vt
827 296 963 335 Gallia
1000 296 1080 335 sibi
1122 310 1187 335 me
1225 299 1395 343 asserat,
1435 297 1504 335 sed
1551 297 1730 347 ingenue
1764 299 1893 337 fatear

294 352 512 390 Batauiam
551 365 638 390 esse
672 351 918 390 Germaniae
951 352 1123 400 partem,
1156 351 1349 390 videlicet
1387 350 1439 389 ne
1471 354 1587 390 tanta
1620 351 1750 401 gloria
1784 354 1889 392 frau-

294 406 425 444 detur.

348 460 412 498 Ad
445 473 549 510 quae
578 462 624 498 vt
652 460 791 510 paucis
820 460 942 510 idque
973 461 1233 510 praepostero
1262 460 1532 509 respondeam
1572 459 1723 508 ordine,
1756 460 1891 510 primo

292 515 400 552 mihi
432 528 513 552 11011
542 514 767 552 admodum
796 514 944 553 referre
969 515 1133 552 videtur
1162 527 1242 563 quo
1272 515 1446 564 quisque
1475 514 1530 552 sit
1559 513 1645 552 loco
1672 516 1822 561 natus;
1851 517 1891 553 et

291 569 459 606 inanem
475 569 684 617 quandam
704 568 880 618 gloriam
900 569 1088 615 arbitror,
1108 568 1142 606 si
1161 569 1308 607 ciuitas
1328 571 1399 607 aut
1416 568 1529 606 natio
1545 581 1588 606 se
1603 568 1763 606 iactarit
1780 568 1888 618 quod

290 636 422 661 vnum
460 622 641 672 aliquem
679 623 880 672 genuerit,
920 623 991 673 qui
1028 623 1114 661 suis
1151 622 1312 669 studiis,
1348 636 1434 660 non
1472 623 1626 671 patriae
1660 622 1887 672 praesidiis,

994 677 1154 715 Iustius
1173 678 1373 726 gloriatur
1399 690 1501 726 quae
1528 690 1729 725 magnum
1750 677 1889 715 fecerit

291 745 415 781 quam
437 744 540 781 quae
562 732 760 781 genuerit.
821 732 961 781 Atque
980 732 1180 769 hactenus
1199 731 1258 769 ita
1278 731 1423 780 loquor
1443 731 1562 780 quasi
1588 731 1808 781 quicquam
1835 731 1890 769 sit

290 786 334 823 in
356 799 421 823 me
444 786 494 823 de
516 799 596 835 quo
616 786 747 835 possit
769 786 848 824 sibi
867 786 1025 835 placere
1046 786 1187 834 patria.
1247 786 1352 824 Mihi
1371 785 1471 823 satis
1492 788 1553 823 est
1573 785 1608 822 si
1628 799 1712 823 non
1737 786 1887 835 pudeat

289 839 408 878 illam
428 840 537 887 mei3
568 853 807 890 quanquam
827 839 1129 890 Peripateticus
1143 853 1225 878 non
1246 853 1437 889 prorsum
1457 839 1663 889 improbat
1681 839 1887 878 eiusmodi

289 894 478 943 gloriam,
509 908 611 943 quae
644 895 775 932 calcar
807 895 954 933 addere
988 895 1118 944 possit
1149 895 1200 932 ad
1236 894 1505 932 honestarum
1539 906 1678 931 rerum
1711 894 1887 932 aemula-

288 949 457 987 tionem.
516 948 773 987 Huiusmodi
806 949 841 987 si
875 949 973 998 quid
1008 951 1116 987 esset
1151 949 1193 986 in
1229 961 1307 995 me,
1340 948 1517 997 optarim
1549 950 1596 986 vt
1631 961 1715 986 non
1752 948 1888 986 Gallia

290 1003 410 1041 modo
448 1016 492 1040 ac
533 1003 757 1041 Germania
795 1017 862 1041 me
905 1003 986 1041 sibi
1030 1003 1225 1052 vti-inque
1269 1003 1542 1049 vindicarent,
1585 1003 1654 1040 sed
1700 1002 1885 1052 singulae
1925 1015 1931 1019 ’

288 1057 485 1106 regiones,
521 1057 707 1106 singulae
739 1057 860 1096 vrbes
893 1057 1114 1095 Erasmum
1150 1057 1229 1095 sibi
1262 1057 1448 1095 certatim
1482 1060 1733 1095 assererent:
1772 1056 1886 1094 vtilis

287 1114 396 1149 esset
417 1125 529 1149 error
548 1112 617 1161 qui
638 1114 724 1149 tam
747 1112 902 1150 multos
920 1113 970 1150 ad
991 1111 1165 1149 honesta
1185 1113 1440 1160 prouocaret.
1495 1112 1565 1148 An
1587 1111 1771 1149 Batauus
1789 1111 1881 1158 sim,

288 1166 395 1203 mihi
415 1166 603 1203 nondum
624 1166 723 1203 satis
745 1168 916 1205 constat.
958 1166 1221 1204 Hollandum
1241 1179 1328 1204 esse
1348 1179 1415 1203 me
1436 1178 1584 1214 negare
1599 1178 1684 1203 non
1699 1178 1880 1214 possum,

254 1227 264 1256 ῗ
288 1232 333 1257 ea
360 1220 404 1257 in
432 1222 545 1269 parte
571 1223 717 1258 natum
745 1221 802 1268 vt,
826 1221 862 1258 si
890 1220 1283 1270 cosmographorum
1309 1220 1483 1269 picturis
1510 1220 1727 1267 credimus,
1753 1219 1885 1268 magis

288 1275 429 1323 vergat
458 1274 508 1312 ad
539 1274 719 1313 Galliam
749 1288 873 1324 quam
903 1275 953 1313 ad
986 1274 1282 1322 Germaniam3
1317 1286 1554 1324 quanquam
1584 1276 1698 1312 extra
1727 1277 1882 1311 contro—

288 1329 467 1366 uersiam
490 1330 553 1366 est
579 1330 709 1367 totam
735 1342 826 1367 eam
851 1329 1062 1378 regionem
1088 1329 1133 1367 in
1160 1329 1339 1367 confinio
1369 1329 1527 1367 Galliae
1558 1328 1883 1377 Germaniaeque

289 1382 413 1420 sitam
435 1395 534 1421 esse.

341 1436 457 1484 Quod
486 1437 704 1487 aliquoties
736 1437 930 1476 nonnihil
961 1437 1185 1476 Graecismi
1217 1437 1320 1476 meis
1351 1437 1515 1486 scriptis
1547 1437 1764 1484 admisceo,
1797 1449 1882 1474 non

225 1505 240 1535 ζ
286 1491 420 1528 solum
452 1491 494 1528 id
524 1492 625 1529 facio
655 1492 870 1530 doctorum
899 1505 1005 1541 pene
1035 1492 1226 1530 omnium
1258 1491 1456 1541 exemplo,
1489 1493 1577 1531 siue
1606 1494 1764 1529 veteres
1793 1491 1881 1528 siue

286 1548 470 1583 recentes
495 1545 712 1594 expendaS,
741 1546 810 1583 sed
837 1546 962 1584 etiam
989 1546 1136 1594 multo,
1161 1549 1206 1584 vt
1232 1547 1390 1595 opinor,
1417 1546 1670 1585 moderatius
1698 1545 1877 1592 caeteris,

286 1613 500 1649 nunquam
517 1601 626 1637 certe
646 1601 736 1637 sine
758 1613 887 1638 causa.
927 1601 1034 1638 Sunt
1054 1601 1254 1650 quaedam
1275 1614 1388 1650 quae,
1406 1600 1489 1639 nisi
1506 1602 1657 1640 Graece
1674 1600 1878 1645 dicuntur,

285 1655 356 1690 aut
376 1654 586 1702 emphasis
604 1654 691 1692 vim
712 1656 784 1692 aut
803 1654 1020 1693 allusionis
1040 1654 1339 1694 iocunditatem
1359 1657 1430 1692 aut
1456 1654 1678 1693 schematis
1703 1654 1880 1704 gratiam

285 1708 475 1756 perdunt.
549 1708 658 1756 Quin
696 1708 889 1747 incidunt
926 1709 1096 1747 interim
1136 1722 1237 1758 quae
1277 1709 1406 1747 nolim
1444 1710 1636 1759 protinus
1673 1722 1696 1746 a
1734 1708 1881 1757 quouis

286 1762 478 1811 intelligi.
539 1762 593 1800 Et
613 1762 721 1800 haud
743 1764 826 1801 scio
847 1776 900 1801 an
920 1763 1110 1813 expediat
1128 1764 1282 1812 passim
1303 1764 1458 1813 aliquid
1487 1763 1648 1814 aspergi
1675 1762 1881 1800 sermonis

286 1816 538 1864 Graecanici,
563 1830 642 1866 quo
663 1817 795 1867 magis
815 1830 958 1855 omnes
982 1818 1287 1866 compellantur
1312 1818 1438 1856 etiam
1466 1819 1515 1856 ad
1544 1819 1709 1868 linguae
1735 1816 1881 1854 multis

282 1870 420 1908 modis
439 1871 688 1909 necessariae
708 1871 995 1921 cognitionem.
1057 1872 1227 1910 Etenim
1249 1872 1284 1909 si
1304 1886 1377 1921 par
1400 1885 1487 1910 esse
1514 1873 1670 1910 iudicas
1697 1871 1788 1909 ideo
1815 1883 1880 1908 me

282 1925 326 1962 in
360 1927 496 1963 totum
529 1926 734 1963 abstinere
767 1939 790 1963 a
824 1926 1001 1974 Graecis,
1036 1927 1142 1976 quod
1178 1926 1267 1964 sint
1302 1939 1325 1964 a
1358 1927 1508 1976 quibus
1538 1940 1622 1965 non
1656 1924 1880 1974 intelligar,

283 1979 423 2017 eadem
445 1992 566 2028 opera
582 1980 741 2018 vetabis
762 1993 813 2018 ne
834 1980 979 2018 Latine
1000 1981 1189 2029 scribam,
1211 1981 1318 2030 quod
1339 1981 1509 2030 plurimi
1530 1986 1627 2019 sunt
1643 1980 1714 2030 qui
1734 1979 1880 2017 Latine

282 2033 478 2072 nesciant.
538 2034 592 2072 Et
614 2037 753 2072 tamen
774 2047 859 2072 non
879 2034 1040 2073 inficior
1059 2048 1146 2073 esse
1166 2035 1304 2073 locum
1324 2035 1394 2073 vbi
1420 2036 1598 2073 charitas
1626 2048 1668 2073 se
1697 2033 1881 2072 demit-tit

281 2088 330 2125 ad
361 2090 528 2137 captum
558 2088 841 2137 simplicium3
876 2102 1022 2127 verum
1052 2089 1105 2127 iis
1134 2092 1336 2139 quatenus
1366 2090 1421 2127 sit
1450 2090 1764 2139 indulgendum.
1794 2100 1880 2125 non

281 2144 343 2180 est
380 2142 505 2180 huius
539 2143 738 2192 temporis
766 2143 968 2193 persequi.
1030 2143 1199 2193 Semper
1232 2143 1317 2181 illis
1352 2147 1413 2182 est
1446 2143 1721 2182 adnitendum
1750 2144 1796 2180 vt
1829 2141 1878 2179 ad

281 2196 456 2234 meliora
474 2196 702 2246 proficiant.

324 2336 375 2365 52.
403 2327 570 2357 dicantur
586 2330 624 2358 N.
762 2337 814 2367 59.
842 2330 927 2358 sunt
943 2330 994 2358 F:
1018 2328 1091 2358 sint
1109 2330 1150 2359 H.
1286 2329 1341 2359 60.
1366 2328 1533 2359 nesciunt
1549 2331 1590 2359 H.
1726 2328 1779 2359 62.
1805 2337 1881 2367 per-

282 2371 381 2408 sequi
398 2372 447 2400 H:
474 2371 640 2410 prosequi
658 2373 696 2402 F.

1115 2503 1219 2534 Corn.
1244 2503 1409 2534 Gerard’s
1433 2506 1583 2543 Baffazzicz,
1607 2515 1639 2544 p.
1659 2504 1727 2543 50).
1775 2504 1878 2544 Quite

1114 2548 1275 2586 recently
1314 2548 1566 2578 Geldenhauer
1604 2548 1675 2579 had
1715 2549 1878 2580 resumed

1113 2591 1174 2621 the
1197 2591 1395 2621 discussion
1426 2593 1463 2621 in
1480 2594 1523 2623 De
1539 2594 1736 2622 Batauorwn
1761 2595 1874 2631 insula,

1112 2635 1296 2674 Antwerp,
1318 2635 1363 2666 M.
1384 2635 1520 2673 Hillen,
1541 2645 1579 2674 19
1595 2636 1687 2675 Sept.
1709 2644 1813 2674 1520;
1838 2637 1877 2667 in

1111 2677 1173 2708 the
1209 2678 1346 2717 preface
1385 2680 1422 2708 to
1460 2679 1579 2709 which
1620 2679 1664 2709 he
1702 2679 1878 2710 describes

323 2506 374 2535 28.
400 2504 532 2544 Gallia]
558 2505 607 2535 Cf.
637 2506 723 2545 Epp.
756 2515 828 2544 321.
861 2514 937 2543 1311,
969 2514 1045 2543 421.

280 2558 373 2587 31--3,
409 2550 483 2587 926.
517 2558 571 2589 33,
605 2549 679 2588 928.
714 2559 815 2588 40-2,
861 2558 952 2579 1111.
991 2549 1043 2585 81,

283 2593 375 2630 1165.
396 2602 446 2630 47.

323 2645 377 2674 29.
401 2634 604 2676 Batauiam]
632 2635 699 2665 For
716 2635 777 2666 the
801 2635 945 2666 learned
964 2645 1042 2665 con-

279 2681 438 2718 troversy
456 2688 537 2709 over
553 2678 616 2709 the
641 2678 901 2709 identification
921 2680 960 2709 of
980 2679 1042 2709 the

280 2723 428 2753 Batavia
449 2724 487 2752 of
513 2722 641 2752 Caesar
656 2722 727 2753 and
744 2722 885 2753 Tacitus
903 2732 959 2753 see
978 2722 1040 2762 Ep.

281 2766 321 2804 78
349 2766 482 2796 introd.
530 2765 678 2795 Besides
706 2766 767 2796 the
793 2767 909 2797 works
939 2766 1042 2796 there

279 2808 487 2840 mentioned
500 2809 546 2848 by
565 2809 670 2848 Dorp,
690 2809 950 2849 Geldenhauer,
970 2809 1041 2840 and

280 2853 465 2884 Cornelius
504 2852 637 2882 Gerard
679 2852 756 2891 (Ep.
801 2862 838 2891 17
877 2853 1038 2890 inti-od),

280 2897 449 2927 Erasmus
465 2897 522 2925 too
541 2895 610 2926 had
636 2896 823 2934 expressvd
850 2897 907 2926 his
932 2897 1041 2926 views

281 2942 317 2970 in
349 2950 395 2970 an
428 2939 590 2970 addition
627 2941 663 2969 to
695 2939 757 2969 the
795 2940 904 2979 adage
943 2942 1043 2970 Auris

278 2986 415 3014 Bataua.
464 2982 560 3021 Snoy
576 2982 650 3012 also
666 2982 805 3013 alludes
829 2986 864 3013 to
884 2985 910 3013 it
928 2984 966 3014 in
984 2983 1041 3013 his

281 3030 322 3057 Dc
349 3030 436 3058 ‘rebus
461 3028 623 3056 Batauicis
654 3026 729 3065 rEp.
765 3035 833 3065 190.
870 3036 960 3065 1on;
996 3026 1036 3057 cf.

1113 2721 1281 2752 Erasmus
1294 2731 1331 2751 as
1345 2724 1352 2737 ‘
1368 2722 1586 2752 Batauorum
1601 2723 1875 2753 Germanorum-

1111 2774 1177 2803 que
1205 2765 1408 2796 immortale
1436 2766 1542 2796 decus
1554 2766 1571 2797 ’.
1621 2766 1683 2797 See
1714 2766 1747 2796 J.
1778 2766 1879 2797 Prin-

1111 2808 1202 2839 sen's
1220 2808 1280 2839 life
1297 2810 1334 2839 of
1347 2809 1609 2847 Geldenhauer,
1630 2819 1685 2849 pp.
1707 2819 1756 2848 19,
1776 2819 1872 2849 55-9.

1110 2852 1181 2882 The
1207 2852 1334 2882 earlier
1360 2853 1476 2882 works
1506 2853 1726 2890 mentioned,
1753 2857 1875 2892 except

1111 2894 1246 2934 511059»-7
1278 2905 1336 2926 are
1371 2897 1556 2935 reprinted
1592 2897 1639 2935 by
1677 2896 1873 2927 Scriverius

1112 2940 1149 2969 in
1167 2941 1264 2976 Imscr.
1286 2942 1468 2970 Germaniae
1484 2943 1706 2978 Auliquifatcs,
1725 2941 1819 2970 1611.

1153 2983 1202 3020 38⁴
1232 2982 1504 3024 Peripateticus]
1530 2984 1591 3013 Ar.
1609 2985 1696 3014 Rhet.
1716 2993 1744 3013 2.
1767 2993 1814 3014 10.

1153 3028 1205 3064 46.
1230 3026 1273 3056 ad
1292 3025 1465 3067 Galliam]
1490 3027 1540 3057 Cf.
1562 3027 1625 3066 Ep.
1643 3036 1717 3065 534.
1733 3035 1783 3065 31.
