1990 3353
74 122 197 177 1195]
499 121 569 161 ΤΟ
607 120 876 160 ALOISIUS
914 119 1254 159 MARLIANUS
1592 120 1670 160 461

70 231 244 270 omnino
264 231 477 280 reperitur,
498 244 552 269 ne
570 230 616 269 in
635 228 808 268 ludicris
825 227 993 278 quidem
1020 228 1137 268 meis.
1199 228 1254 268 Et
1282 231 1424 268 tamen
1448 229 1548 268 olim
1580 230 1671 268 hae-

70 285 188 324 retici
218 299 268 324 ex
297 284 561 335 Euangelicis
590 286 630 323 et
658 281 914 332 Apostolicis
943 282 1075 321 literis
1110 282 1356 322 hauriebant
1390 296 1464 322 sua
1495 296 1666 323 venena.

71 340 250 378 Interim
284 339 432 390 loquor
468 339 638 389 perinde
671 336 787 388 quasi
825 336 894 374 ille
933 336 1164 386 scripsisset
1201 337 1359 388 aliquid
1397 337 1666 386 haereticum,

70 396 195 444 atque
222 394 327 432 illud
357 408 378 432 e
407 394 512 432 meis
540 392 704 442 scriptis
732 390 949 429 hausisset.
1007 390 1172 430 Dicitur
1201 405 1285 430 non
1312 404 1532 440 agnoscere
1552 405 1670 442 quos-

70 448 165 486 dam
193 447 370 487 libellos.
430 448 622 486 Fortasse
643 447 801 495 saperet
830 445 866 483 si
896 444 1036 484 nullos
1065 448 1315 494 agnosceret,
1340 446 1374 484 si
1395 446 1565 496 quidem
1592 446 1670 485 hoc
1690 463 1729 496 70

70 503 313 552 persuadere
345 504 493 552 queat:
535 501 607 540 sed
641 500 958 550 quibuscunque
989 499 1155 538 auxiliis
1188 500 1260 538 ille
1294 500 1447 549 scribit,
1484 503 1592 539 certe
1624 500 1670 539 in
1716 504 1721 507 ’

69 557 266 596 omnibus
293 556 413 595 libris
433 556 504 606 qui
532 556 646 594 illius
674 554 797 593 titulo
825 553 1169 601 circunferuntur,
1199 567 1283 592 non
1313 557 1374 593 est
1394 554 1480 593 vlla
1508 554 1670 604 syllaba

70 624 173 650 mea.
232 611 324 650 Hoc
345 610 571 660 quamlibet
592 611 732 648 sancte
752 609 933 647 deierare
954 620 1038 646 non
1060 608 1261 647 dubitem.

124 668 163 704 A
185 665 331 704 multis
350 665 435 703 iam
455 664 577 703 annis
596 677 683 702 non
702 662 809 701 mihi
830 664 994 701 tantum
1020 665 1234 712 perspecta
1259 665 1321 702 est
1347 665 1419 702 tua
1444 663 1670 713 singularis

68 719 300 770 prudentia,
329 721 564 769 perspectus
592 719 759 757 animus
787 718 831 756 in
862 730 930 755 me
959 716 1161 755 candidus
1189 719 1230 756 et
1259 717 1441 765 amicus;
1481 720 1578 756 nota
1607 720 1669 756 est
1690 728 1728 763 75

69 773 264 812 omnibus
301 776 373 812 tua
410 773 621 812 autoritas.
681 772 862 811 Proinde
901 774 942 810 te
979 784 1078 821 rogo
1110 774 1157 809 vt
1195 771 1394 811 aduersus
1432 772 1671 811 istiusmodi

70 828 302 868 maliciosas
322 827 552 866 calumnias
572 827 842 877 patrocineris
867 826 1132 864 innocentiae
1158 828 1334 864 nostrae.
1392 825 1670 865 Excutiantur

69 882 210 921 omnia
239 896 343 933 quae
371 882 659 921 secretissimis
693 881 819 919 etiam
850 880 982 919 literis
1015 880 1144 919 effudi
1178 880 1222 919 in
1256 880 1397 919 sinum
1427 880 1668 929 amicorum,

68 937 241 976 fortasse
260 937 433 975 liberius
451 950 525 987 pro
546 950 639 975 meo
660 935 828 986 ingenio
845 948 969 985 quam
985 934 1176 984 expediat
1196 947 1499 985 nonnunquam
1516 949 1525 982 ;
1555 948 1671 973 excu-

69 991 229 1030 tiantur
249 1004 352 1041 quae
373 992 484 1030 inter
502 991 649 1041 pocula
675 991 802 1029 etiam
828 988 1010 1028 solemus
1035 989 1226 1028 effutire:
1256 989 1365 1028 nihil
1395 989 1672 1040 comperietur
1689 999 1730 1030 80

70 1045 151 1085 nisi
171 1059 238 1084 me
258 1045 456 1084 maluisse
476 1046 709 1085 Lutherum
731 1047 959 1083 correctum
976 1056 1101 1094 quam
1122 1044 1366 1092 extinctum,
1385 1057 1515 1094 quum
1536 1044 1671 1082 adhuc

69 1113 162 1150 spes
182 1104 289 1139 esset
311 1101 397 1139 fore
416 1103 461 1139 vt
483 1113 570 1139 sese
590 1101 770 1138 verteret
797 1098 845 1137 ad
874 1098 1056 1137 meliora.
1115 1098 1171 1137 Et
1197 1111 1308 1137 nunc
1329 1111 1492 1149 quoque
1523 1097 1670 1137 malim

69 1168 157 1193 rem
178 1154 305 1205 sopiri
326 1168 451 1205 quam
472 1168 624 1205 magno
645 1153 756 1193 orbis
776 1153 964 1192 tumultu
991 1153 1234 1191 exacerbari.
1295 1152 1467 1191 Mallem
1499 1166 1523 1192 a
1548 1152 1671 1191 malis

70 1209 178 1247 bona
212 1209 380 1256 secerni
413 1222 539 1259 quam
576 1208 667 1247 odio
698 1207 959 1270 quorundam
991 1221 1094 1257 quae
1127 1207 1238 1245 mala
1265 1207 1474 1255 videntur,
1512 1207 1670 1257 optima

68 1264 211 1313 perire.
271 1263 485 1302 Postremo
505 1264 656 1302 suadeo
676 1263 733 1302 sic
752 1276 840 1301 esse
859 1261 1072 1300 vitandam
1094 1262 1379 1300 Lutheranam
1399 1261 1595 1312 Scyllam,
1619 1275 1672 1300 ne
1686 1267 1727 1307 85

69 1318 312 1369 praecipites
337 1331 480 1356 eamus
508 1318 551 1356 in
572 1317 829 1367 Charybdim
856 1316 1043 1355 diuersae
1063 1316 1267 1355 factionis.
1329 1316 1445 1355 Haec
1471 1316 1506 1355 si
1526 1316 1669 1354 viden-

68 1375 138 1411 tur
159 1372 283 1422 digna
303 1372 519 1422 supplicio,
544 1373 699 1411 habent
726 1384 843 1410 reum
873 1371 1156 1410 confitentem.
1215 1371 1304 1420 Ego
1332 1373 1441 1409 certe
1470 1384 1556 1409 non
1589 1370 1669 1409 alio

69 1427 210 1465 animo
239 1426 314 1465 feci
342 1440 464 1477 quam
496 1429 542 1465 vt
571 1426 833 1465 consulerem
860 1428 901 1463 et
929 1425 1138 1463 Rhomani
1161 1425 1376 1464 Pontificis
1399 1428 1440 1464 et
1460 1425 1670 1475 theologo·

69 1495 163 1520 rum
184 1481 379 1530 dignitati
400 1484 441 1519 et
461 1481 647 1531 publicae
661 1480 921 1520 Christianae
943 1479 1116 1518 ditionis
1137 1479 1443 1530 tranquillitati.
1493 1480 1671 1517 Nullum

69 1536 202 1574 adhuc
222 1535 395 1574 Lut-heri
415 1535 585 1582 librum,
609 1535 804 1586 quamuis
824 1534 1039 1585 pusillum,
1062 1533 1143 1583 legi
1169 1536 1330 1581 totum3
1360 1533 1526 1572 nullum
1554 1533 1671 1572 illius
1689 1548 1731 1579 90

68 1591 322 1639 paradoxum
341 1603 526 1640 vnquam
545 1589 712 1628 defendi
732 1589 797 1628 vel
816 1590 916 1628 ioco.
977 1589 1249 1637 Quorundam
1279 1588 1467 1627 indoctos
1497 1591 1538 1627 et
1567 1587 1671 1626 sedi·

69 1644 196 1684 tiosos
229 1645 438 1683 tumultus
472 1658 547 1683 nec
580 1644 718 1695 probo,
753 1657 829 1682 nec
860 1643 1080 1694 quisquam
1111 1642 1176 1682 vir
1212 1642 1338 1692 probe
1377 1643 1570 1682 cordatus
1603 1643 1669 1681 hic

68 1698 223 1748 probat.
297 1699 506 1748 Quorsum
545 1699 721 1738 tendant
761 1698 891 1744 video,
927 1697 1130 1736 nimirum
1169 1697 1214 1735 in
1253 1697 1428 1736 exitium
1466 1696 1669 1736 bonarum

70 1753 285 1793 literarum
318 1756 360 1792 et
391 1754 440 1792 ad
474 1753 766 1792 stabiliendam
799 1765 919 1791 suam
951 1751 1231 1802 tyrannidem.
1292 1751 1358 1790 Sic
1392 1751 1522 1801 igitur
1554 1751 1670 1801 fugio

69 1808 314 1856 Lutherum,
336 1811 384 1847 vt
411 1808 489 1847 hos
518 1809 660 1847 tamen
690 1807 863 1858 probare
891 1820 974 1845 non
1004 1807 1171 1856 possim.
1231 1806 1360 1845 Pauci
1391 1808 1502 1854 sunt,
1527 1806 1599 1844 sed
1626 1806 1671 1844 hi
1689 1815 1728 1847 95

70 1862 228 1902 multos
247 1863 470 1902 concitant.
530 1862 626 1901 Non
646 1862 798 1901 damno
819 1861 1018 1908 ordinem,
1040 1860 1112 1899 sed
1132 1860 1213 1911 ipsi
1233 1873 1306 1899 suo
1332 1860 1469 1898 ordini
1495 1860 1671 1911 pessime

69 1916 306 1956 consulunt.

123 1971 275 2017 Habes,
310 1972 356 2011 R.
379 1971 441 2019 Ρ.,
474 1973 606 2010 totam
636 1971 767 2010 animi
800 1970 882 2009 mei
919 1969 1116 2008 tabulam.
1178 1969 1296 2018 Quod
1335 1969 1370 2007 si
1409 1968 1507 2018 quid
1546 1969 1672 2008 isthic

68 2026 244 2065 iactatur
276 2026 383 2076 quod
413 2028 616 2076 repugnet
645 2025 838 2076 religioni
861 2024 1132 2070 Christianae,
1156 2024 1262 2074 quod
1292 2023 1432 2062 turbet
1460 2023 1670 2073 publicam

68 2081 426 2131 tranquillitatem,
463 2080 568 2131 quod
603 2081 849 2119 aduersetur
887 2079 1082 2129 dignitati
1120 2078 1228 2117 sedis
1268 2078 1522 2125 Rhomanae,
1558 2080 1669 2116 certo
1692 2092 1753 2115 100

69 2135 219 2174 certius
240 2136 389 2174 habeto
411 2149 495 2174 non
517 2147 604 2173 esse
631 2135 862 2185 profectum
884 2133 936 2172 ab
957 2133 1143 2181 Erasmo,
1167 2145 1411 2182 quocunque
1443 2131 1568 2170 titulo
1599 2133 1671 2170 cir·

70 2190 308 2229 cumfertur.
368 2189 418 2228 Id
453 2190 512 2228 ita
545 2202 634 2228 esse
668 2191 842 2238 tempus,
878 2187 987 2226 nihil
1021 2200 1106 2225 non
1141 2187 1354 2237 proferens
1386 2186 1429 2224 in
1465 2188 1667 2236 apertum,

69 2244 170 2282 olim
201 2244 444 2283 declarabit:
479 2246 520 2282 et
549 2257 662 2282 nunc
690 2245 857 2294 paratus
885 2255 978 2280 sum
1010 2254 1255 2291 quocunque
1285 2243 1529 2290 argumento
1558 2240 1670 2279 testi-

68 2298 181 2336 ficari
210 2312 276 2337 me
307 2312 382 2337 nec
402 2311 585 2348 vnguem
617 2298 747 2336 latum
767 2297 874 2336 velle
904 2296 1109 2335 discedere
1138 2295 1188 2334 ab
1218 2295 1269 2334 iis
1300 2295 1372 2345 qui
1400 2295 1671 2333 consentiunt

69 2365 164 2391 cum
195 2353 378 2392 Ecclesia
406 2353 628 2392 Catholica.
689 2352 782 2391 Scio
811 2351 978 2402 quiduis
1008 2363 1099 2389 esse
1132 2349 1349 2388 ferendum
1378 2349 1517 2399 potius
1546 2362 1671 2400 quam
1691 2364 1749 2396 105

68 2409 115 2445 vt
135 2407 326 2457 publicus
347 2406 457 2445 orbis
477 2409 610 2446 status
630 2407 820 2446 turbetur
841 2405 885 2444 in
906 2405 1033 2455 peius,
1059 2405 1143 2443 scio
1170 2404 1337 2454 pietatis
1362 2416 1450 2443 esse
1478 2417 1670 2443 nonnun-

70 2474 195 2510 quam
230 2462 360 2500 celare
393 2462 623 2510 veritatem,
656 2474 831 2511 eamque
865 2473 998 2510 neque
1032 2459 1180 2509 quouis
1220 2458 1324 2505 loco,
1355 2471 1491 2508 neque
1522 2459 1670 2508 quouis

69 2518 264 2565 tempore,
301 2529 432 2565 neque
470 2516 578 2566 apud
615 2515 795 2566 quosuis,
834 2527 968 2564 neque
1007 2513 1156 2564 quouis
1193 2513 1328 2561 modo,
1367 2525 1500 2562 neque
1540 2514 1669 2552 totam

69 2569 220 2620 vbique
254 2570 538 2620 promendam.
598 2570 740 2621 Neque
774 2581 1011 2620 quenquam
1045 2567 1257 2606 eruditum
1290 2567 1398 2617 fugit
1432 2580 1521 2605 esse
1554 2580 1670 2617 quae-

238 2683 285 2712 72.
314 2674 374 2712 qui
391 2675 446 2705 H:
471 2683 560 2713 quae
576 2676 612 2705 F.
789 2674 841 2713 98.
867 2672 906 2704 R.
927 2672 965 2704 P.
984 2675 1032 2703 F:
1056 2671 1282 2703 ornatissime
1300 2670 1442 2711 praesul
1460 2673 1502 2701 H.

70 2783 122 2815 Cf.
150 2784 223 2815 also
248 2784 334 2824 Epp.
357 2793 450 2823 1225.
467 2792 586 2823 334—5,
608 2783 700 2822 1384.
732 2792 832 2814 10-11
904 2792 975 2821 411.
995 2783 1051 2812 8n.

73 2827 182 2867 (Hess
199 2828 235 2859 ii.
256 2829 347 2867 567).
947 2826 1000 2864 85.
1026 2823 1198 2865 Scyllam]
1219 2823 1271 2856 Cf.
1288 2824 1351 2863 Ep.
1373 2824 1465 2854 1186.
1488 2833 1573 2863 mn.-

116 2881 166 2911 74.
191 2872 224 2903 A
251 2871 378 2902 multis
409 2870 481 2901 iam
512 2870 634 2912 annis]
667 2870 838 2901 Erasmus
947 2871 999 2908 96.
1029 2868 1208 2909 ordinem]
1237 2867 1311 2898 The
1337 2868 1596 2904 Dominicans3
1628 2866 1670 2897 cf.

72 2914 141 2945 had
187 2925 233 2946 no
271 2914 380 2945 doubt
418 2913 529 2944 heard
567 2914 606 2945 of
640 2914 838 2945 Marlianus
904 2913 967 2953 Ep.
990 2913 1082 2943 1006.
1102 2922 1159 2950 411.

72 2958 227 2998 through
265 2957 492 2989 Ammonius'
523 2957 613 2988 book
647 2957 685 2988 of
718 2967 839 2997 poems
952 2966 1024 2995 107.
1050 2955 1163 2987 celare
1182 2954 1388 2996 veritatem]
1414 2954 1466 2986 Cf.
1492 2954 1554 2994 Ep.
1577 2963 1670 2994 1119.

70 3002 262 3042 published
275 3003 311 3033 in
331 3011 429 3042 1511;
447 3011 504 3032 see
516 3001 602 3042 Epp.
617 3002 680 3032 218
691 3001 834 3041 introd.‚
905 3010 984 3039 4011.
