1990 3353
267 132 345 171 150
720 130 970 168 LETTERS
1010 129 1079 168 OF
1117 129 1381 168 ERASMUS
1735 126 1860 181 [1519

266 242 412 291 libelli,
434 243 619 292 primum
640 255 771 280 vnum
793 243 1008 280 hominem
1028 241 1178 279 scelere
1205 240 1459 277 contaminat
1479 253 1488 277 :
1519 239 1589 277 isti
1617 241 1679 277 tot
1705 238 1861 276 faciunt

267 299 431 335 autores
450 297 607 335 alienae
627 296 834 342 infamiae,
858 298 958 345 quot
978 295 1200 333 hominum
1221 294 1385 342 linguas
1404 294 1601 331 inficiunt
1630 297 1670 331 et
1701 292 1864 330 infectis

267 351 507 390 abutuntur.
569 351 648 389 Ille
668 364 742 388 suo
763 350 945 400 periculo
966 349 1111 388 scribit
1128 363 1136 387 :
1166 349 1210 386 hi
1231 348 1426 398 quoniam
1450 349 1698 397 praetexunt
1717 346 1864 384 sancti-

185 420 250 453 430
268 405 464 452 moniam,
500 405 666 443 laudem
695 404 822 442 etiam
856 403 936 442 sibi
965 406 1171 443 venantur
1201 416 1249 441 ex
1283 403 1497 440 maleficio.
1558 402 1636 439 Ille
1667 401 1865 451 quoniam

267 459 403 509 palam
423 459 638 508 profitetur
658 459 837 505 hostem,
856 459 901 496 in
922 460 1057 496 totum
1078 458 1162 496 fere
1183 457 1261 495 sibi
1281 457 1406 494 fidem
1433 456 1624 506 abrogat:
1653 456 1725 493 isti
1751 455 1864 492 cultu

270 513 507 561 venerandi,
526 514 571 550 in
592 513 692 551 locis
706 512 834 550 sacris
849 526 924 562 pro
937 512 1125 551 doctrina
1139 511 1294 550 Christi
1311 514 1511 560 spargunt
1526 523 1684 548 venena
1700 510 1867 558 linguae

269 568 314 606 in
335 568 637 606 immerentem.
687 567 755 605 Ad
775 567 874 605 haec
893 567 1036 604 libello
1056 566 1226 613 famoso,
1250 565 1375 603 etiam
1395 566 1430 602 si
1450 566 1633 603 incertus
1652 567 1714 601 est
1735 565 1867 609 autor,

270 624 412 660 tamen
447 621 645 670 quoniam
677 624 787 659 certa
818 621 996 659 crimina
1030 620 1185 667 obiicit,
1223 619 1460 668 responderi
1498 621 1656 668 potest:
1706 617 1813 667 quod
1844 631 1868 655 a

188 685 251 717 435
270 675 512 715 Caesaribus
534 675 691 722 aliquot
715 675 841 713 etiam
861 676 1098 713 factitatum
1120 674 1310 723 legimus.
1369 674 1429 711 Hi
1457 673 1655 723 quoniam
1681 674 1723 710 et
1741 671 1869 709 multi

275 733 317 768 et
338 730 514 779 sparsim
535 733 576 768 et
596 730 680 767 fere
701 729 936 767 clanculum
957 730 1200 776 obtrectant,
1222 727 1378 766 nescias
1398 729 1496 777 quid
1518 727 1584 765 cui
1606 726 1864 776 1·espondeaS‚

271 787 312 823 et
334 784 490 822 vulnus
509 784 652 831 sentis,
676 797 753 822 nec
772 784 870 822 licet
893 786 1081 822 autorem
1106 783 1292 821 vulneris
1319 782 1634 831 deprehendere.
1695 780 1812 828 Quod
1834 780 1869 817 si

272 838 438 888 quando
462 839 841 887 deprehenduntur,
870 838 929 876 ibi
956 839 1001 876 in
1030 840 1225 887 promptu
1254 839 1317 874 est
1347 838 1481 874 status
1510 835 1716 881 inficialis,
1742 835 1870 872 etiam

271 895 307 931 si
337 893 565 930 rhetoricen
597 906 813 942 nunquam
843 892 1102 931 didicerunt:
1149 892 1243 929 Non
1273 891 1369 937 dixi,
1404 904 1487 928 non
1516 890 1596 928 ista
1624 890 1721 937 dixi,
1755 901 1872 927 secus

191 965 254 995 440
272 948 451 985 relatum
466 949 529 985 est
545 960 669 997 quam
689 947 785 985 dixi.

327 1001 421 1040 Iam
441 1003 486 1039 vt
512 1002 693 1039 maxime
720 1001 1002 1050 deprehendas
1030 1000 1182 1047 omnia,
1218 999 1310 1049 quis
1335 1000 1465 1048 possit
1492 1012 1587 1037 cum
1610 1000 1698 1037 tam
1724 997 1871 1035 multis

272 1056 487 1105 delitigare
503 1056 523 1093 ‘?
579 1055 687 1103 Quid
708 1056 815 1105 quod
836 1055 907 1093 vix
923 1054 1033 1093 vllus
1052 1054 1220 1092 libellus
1239 1057 1324 1092 tam
1346 1054 1428 1091 late
1448 1053 1585 1103 spargi
1598 1054 1734 1102 potest
1747 1064 1872 1101 quam

273 1110 450 1148 istorum
471 1110 713 1153 calumniae,
736 1110 808 1159 qui
830 1110 889 1148 sic
909 1123 981 1159 per
1001 1109 1142 1147 orbem
1164 1111 1367 1146 terrarum
1390 1108 1675 1153 obambulant,
1698 1110 1744 1145 vt
1771 1106 1873 1144 olim

275 1178 359 1202 non
392 1177 517 1213 aeque
551 1164 779 1213 Apostoli?
819 1164 969 1214 quibus
1003 1163 1146 1201 nullus
1179 1165 1240 1200 est
1271 1162 1481 1200 thalamus
1511 1165 1598 1199 tam
1631 1161 1798 1200 abditus
1829 1159 1874 1197 in

191 1235 255 1266 445
275 1232 398 1268 quem
420 1231 504 1256 non
524 1222 743 1267 penetrent
762 1233 771 1265 3
801 1220 870 1268 qui
892 1231 976 1255 non
995 1217 1115 1255 aliter
1132 1217 1329 1266 permixti
1351 1218 1449 1254 sunt
1470 1216 1549 1253 toti
1571 1216 1727 1254 mundo
1748 1227 1874 1264 quam

275 1273 445 1322 sanguis
465 1274 506 1310 et
524 1286 668 1311 succus
682 1286 754 1322 per
766 1286 914 1322 corpus
928 1272 1170 1310 vniuersum
1187 1271 1374 1310 diffusus.
1435 1271 1542 1318 Quid
1557 1270 1665 1320 quod
1678 1269 1875 1307 infamiae

275 1327 468 1365 libellum
502 1340 804 1376 nonnunquam
840 1329 1006 1365 excusat
1039 1326 1295 1364 necessitas?
1334 1325 1536 1363 nimirum
1565 1325 1637 1363 vbi
1666 1324 1878 1362 territatur

277 1384 481 1430 tyrannus
502 1395 625 1430 quem
645 1381 862 1430 obiurgare
881 1381 989 1418 nulli
1010 1380 1064 1419 sit
1091 1382 1242 1418 tutum.
1303 1380 1381 1418 Isti
1401 1379 1681 1417 vociferantur
1709 1378 1753 1416 in
1779 1391 1876 1415 eum

278 1436 351 1486 qui
371 1436 533 1474 cunctis
553 1436 703 1473 obuius
718 1438 760 1473 et
775 1435 988 1484 expositus
1002 1438 1170 1484 paratus
1186 1436 1247 1472 est
1261 1434 1457 1472 omnibus
1473 1434 1678 1471 rationem
1694 1432 1877 1470 reddere.

194 1502 260 1533 450
278 1490 397 1528 Nihil
417 1490 608 1540 cuiquam
630 1490 794 1528 charius
814 1492 877 1528 est
897 1503 1022 1538 quam
1043 1502 1118 1527 sua
1137 1489 1233 1527 vita.
1296 1488 1350 1526 Et
1371 1491 1511 1526 tamen
1532 1488 1652 1525 bonis
1671 1486 1775 1526 viris
1802 1486 1877 1524 hac

279 1558 442 1595 quoque
463 1545 625 1582 charior
644 1546 705 1582 est
724 1545 848 1591 fama,
874 1546 943 1593 qui
965 1544 1096 1582 vitam
1117 1543 1219 1590 eripi
1241 1543 1468 1592 patiuntur,
1492 1542 1648 1580 famam
1667 1541 1770 1590 eripi
1792 1553 1879 1578 non

279 1599 437 1637 sinunt.
498 1598 618 1637 Hanc
633 1598 762 1648 igitur
783 1598 855 1647 qui
877 1598 1081 1636 destinata
1095 1597 1260 1635 malicia
1275 1597 1406 1647 eripit,
1428 1610 1566 1634 nonne
1582 1595 1796 1634 nocentior
1816 1596 1879 1632 est

280 1653 426 1692 sicario
457 1655 528 1691 aut
562 1653 687 1691 etiam
722 1652 941 1691 venefico?
996 1651 1370 1690 sceleratissimum
1401 1650 1617 1691 homicidii
1652 1663 1785 1700 genus
1815 1651 1879 1687 est

280 1720 491 1746 venenum
511 1707 557 1744 in
576 1707 730 1757 lingua,
753 1721 836 1744 non
856 1707 901 1744 in
921 1707 1082 1756 pyxide,
1105 1707 1367 1744 circunferre.

196 1773 260 1805 455
335 1762 416 1800 His
440 1762 605 1799 iniuriis
628 1775 722 1799 cum
747 1762 947 1799 hactenus
971 1774 1185 1810 nunquam
1212 1760 1383 1809 perpelli
1402 1759 1614 1809 'quiuerim
1641 1761 1687 1796 vt
1713 1758 1880 1796 obliuis-

281 1829 394 1854 cerer
423 1815 648 1854 modestiae
677 1815 949 1863 Christianae,
980 1815 1066 1853 imo
1097 1829 1146 1852 ne
1177 1815 1227 1852 ad
1256 1814 1334 1852 hoc
1365 1815 1546 1864 quidem,
1577 1816 1622 1851 vt
1651 1813 1700 1851 de
1729 1811 1881 1850 studiis

282 1870 387 1908 bene
407 1870 557 1907 mereri
579 1870 820 1917 desinerem,
841 1883 926 1908 non
946 1872 1033 1907 erat
1062 1869 1170 1919 quod
1191 1871 1403 1906 vereretur
1425 1869 1543 1916 Leus,
1566 1868 1693 1905 etiam
1718 1867 1754 1905 si
1783 1865 1881 1916 quid

282 1924 513 1973 scripsisset
541 1924 752 1973 procacius
779 1927 850 1962 aut
881 1923 1119 1962 iuuenilius.
1179 1923 1269 1961 Iam
1301 1923 1476 1961 istarum
1505 1935 1645 1960 rerum
1673 1934 1756 1959 non
1788 1933 1881 1958 sum

283 1979 479 2025 insolens,
511 1982 552 2016 et
575 1979 789 2028 pulchrius
811 1980 934 2028 atque
956 1979 1080 2016 etiam
1108 1978 1257 2015 fortius
1285 1977 1462 2015 arbitror
1487 1978 1667 2015 alienam
1696 1975 1882 2025 petulan-

200 2041 265 2082 460
284 2033 387 2071 tiam
411 2033 519 2070 ferre
543 2046 669 2082 quam
696 2033 860 2071 referre.
920 2033 1003 2070 Nec
1027 2033 1198 2070 interim
1227 2032 1375 2069 desunt
1400 2034 1540 2069 tamen
1567 2031 1638 2080 qui
1663 2029 1770 2068 mihi
1793 2042 1882 2079 pro-

284 2087 469 2125 cacitatis
497 2087 692 2125 morbum
721 2090 925 2125 conentur
950 2087 1191 2136 impingere,
1223 2086 1330 2135 quod
1360 2085 1515 2123 alicubi
1542 2085 1745 2134 attingam
1777 2096 1883 2121 com-

285 2154 435 2179 munes
455 2141 675 2179 hominum
699 2155 843 2188 mores,
868 2142 977 2190 quod
998 2154 1021 2178 a
1041 2141 1224 2190 probatis
1244 2154 1288 2178 ac
1309 2140 1483 2189 receptis
1501 2139 1716 2178 autoribus
1734 2137 1885 2176 alicubi

286 2195 541 2243 dissentiam,
575 2197 683 2245 quod
722 2209 817 2234 cum
848 2195 1060 2234 stomacho
1098 2195 1299 2244 quaedam
1333 2194 1528 2232 reiiciam.
1588 2193 1634 2231 Si
1665 2192 1885 2231 dissentire

286 2250 540 2288 contumelia
578 2252 649 2297 est,
691 2249 784 2299 quis
822 2263 1006 2299 vnquam
1046 2249 1209 2298 scripsit
1248 2248 1319 2297 qui
1358 2262 1442 2286 non
1477 2248 1631 2286 alicubi
1666 2247 1885 2284 dissentiat

203 2313 267 2354 465
288 2317 311 2341 a
331 2304 501 2341 caeteris
514 2306 534 2342 ⁵?
590 2305 634 2342 Si
655 2304 908 2342 contumelia
927 2306 991 2342 est
1011 2306 1150 2341 taxare
1168 2303 1212 2341 in
1239 2316 1389 2352 genere
1414 2302 1655 2340 mortalium
1676 2301 1791 2348 vicia,
1814 2313 1887 2338 cur

287 2358 331 2396 in
352 2358 526 2406 publicis
547 2358 817 2396 concionibus
838 2358 1069 2408 depingunt
1088 2360 1128 2395 et
1148 2357 1346 2406 euulgant
1364 2369 1610 2394 arcanorum
1630 2355 1884 2404 flagitiorum

288 2412 521 2461 mysteria?
561 2413 668 2461 quod
702 2426 724 2450 a
755 2425 821 2450 me
855 2415 995 2450 tamen
1028 2425 1234 2461 nusquam
1268 2414 1330 2448 est
1364 2411 1529 2449 factum.
1589 2410 1721 2447 Porro
1754 2408 1886 2446 sicubi

288 2466 430 2504 videor
450 2467 783 2514 stomachantior,
803 2467 1031 2516 expendere
1051 2466 1186 2504 decuit
1206 2466 1315 2503 vnde
1338 2464 1578 2502 stomachus
1607 2464 1679 2501 ille
1707 2475 1887 2501 nascere-

288 2522 366 2558 tur.
426 2520 568 2558 Saeuit
604 2521 647 2558 in
686 2521 876 2558 Turnum
911 2523 1073 2558 Aeneas
1092 2534 1101 2565 ;
1145 2520 1215 2557 sed
1246 2519 1387 2568 pietati
1423 2519 1544 2557 datur
1577 2518 1686 2567 quod
1724 2517 1884 2555 saeuiit.

205 2586 271 2619 470
291 2574 497 2612 Pallantis
517 2575 638 2612 occisi
659 2575 850 2613 baltheus
863 2575 964 2612 vicit
979 2574 1166 2612 natiuam
1183 2574 1344 2612 Aeneae
1361 2572 1637 2611 clementiam.
1686 2571 1889 2610 Videbam

290 2630 570 2667 sacrosanctos
609 2629 812 2667 Ecclesiae
845 2629 1031 2667 doctores
1060 2628 1211 2678 partim
1245 2641 1317 2676 pro
1351 2627 1582 2676 antiquatis
1615 2629 1656 2665 et
1695 2624 1889 2664 obsoletis

291 2682 446 2729 haberi,
473 2682 615 2720 haberi
644 2683 899 2731 deprauatos,
929 2683 1134 2728 confusos,
1165 2683 1466 2730 conspurcatos.
1529 2680 1732 2718 Videbam
1754 2679 1887 2717 Euan-

333 2788 407 2818 429.
435 2779 473 2809 hi
491 2791 510 2808 α
524 2782 553 2809 N
566 2781 642 2810 LB:
665 2780 718 2810 hii
735 2782 868 2811 FLoml.
975 2789 1048 2819 432.
1074 2782 1124 2810 F:
1148 2780 1319 2818 spergunt
1336 2790 1366 2809 α.
1486 2787 1559 2816 435.
1586 2777 1636 2808 Ηί
1654 2778 1798 2807 aNLB:
1823 2775 1889 2807 Hii

291 2824 422 2853 FLoml.
555 2824 629 2860 461.
657 2826 711 2854 Hz
733 2824 872 2863 attingo
888 2835 918 2854 α.
1056 2833 1130 2862 470.
1155 2826 1203 2853 F:
1229 2822 1390 2852 Palantis
1406 2834 1437 2851 a.

337 2932 412 2970 438.
439 2930 622 2971 inficialis]
649 2930 699 2961 Of.
717 2931 838 2969 Quint.
854 2941 884 2969 3.
898 2933 928 2962 6.
948 2941 994 2970 15,
1011 2941 1064 2971 32.
1123 2931 1184 2970 Ep.
1209 2932 1299 2961 1126.
1320 2939 1382 2969 272
1400 2940 1471 2969 seq.

337 2985 411 3012 447.
439 2974 600 3014 excusat]
631 2974 698 3004 For
725 2975 786 3004 the
811 2985 872 3005 us«¹
898 2975 1000 3006 mad(¹
1027 2976 1065 3005 of
1165 2985 1238 3013 470.
1267 2973 1449 3014 baltheus]
1469 2972 1520 3005 Cf.
1538 2972 1638 3012 Verg.
1657 2975 1739 3004 Aen.
1760 2981 1807 3002 12.
1824 2981 1893 3011 940

293 3018 367 3049 this
384 3028 527 3058 passage
552 3018 641 3048 later
664 3018 771 3057 hyan
797 3020 975 3058 opponent
1004 3028 1060 3048 seo
1122 3028 1191 3057 seq.
