1990 3353
116 127 236 181 1053]
609 128 678 167 TO
716 128 951 168 THOMAS
988 130 1209 169 LUPSET
1638 134 1715 173 149

115 236 262 275 dubito
282 236 383 287 quin
403 251 477 287 pro
497 250 581 275 vno
593 237 766 275 Erasmo
779 236 918 287 plures
933 238 1019 276 sint
1033 237 1234 276 exorituri
1251 238 1323 288 qui
1339 238 1422 277 Leo
1438 241 1715 290 respondeant

112 291 409 330 inclementius
428 304 552 341 quam
573 304 648 340 ego
667 291 817 329 fuerim
837 305 1110 342 responsurus
1129 306 1138 340 ;
1169 293 1242 342 qui
1259 295 1321 331 tot
1337 295 1602 333 contumeliis
1617 295 1715 334 hinc

111 347 237 395 atque
257 346 354 383 hinc
383 346 609 392 lacessitus
632 346 822 384 nondum
847 346 899 384 ab
927 346 1124 385 instituto
1145 348 1281 385 vetere
1302 347 1421 396 potui
1446 348 1611 397 depelli,
1635 363 1714 399 quo

111 400 323 438 decretum
354 402 419 438 est
451 413 536 438 non
566 400 824 438 committere
853 402 900 438 vt
930 400 1147 451 quisquam
1179 401 1286 439 meis
1318 401 1485 450 scriptis
1512 403 1585 441 fiat
1613 407 1711 451 ater,
1736 411 1798 451 :385

111 454 236 492 etiam
270 454 306 492 si
336 467 421 492 non
455 453 678 492 defuerunt
707 454 779 504 qui
808 467 876 492 me
906 455 1026 493 libris
1061 455 1210 494 aeditis
1249 456 1588 504 petulantissime
1625 471 1715 507 pro-

111 508 322 546 sciderint.

166 563 236 602 Ab
255 562 351 600 aliis
369 564 578 611 repertum
606 564 670 601 est
699 576 859 601 nouum
884 576 1016 612 genus
1040 563 1173 602 libelli
1201 563 1361 603 famosi.
1421 565 1714 614 Conspiratum

111 619 175 655 est
203 616 450 666 agminatim
478 617 529 655 ab
558 617 625 655 his
655 617 727 666 qui
756 630 799 655 se
824 618 1084 656 deuouerunt
1113 618 1194 656 diis
1217 618 1424 667 manibus,
1451 619 1498 657 ni
1523 620 1716 658 funditus

111 671 288 720 perdant
318 673 360 709 et
389 671 519 709 bonas
553 671 695 710 literas
728 673 771 709 et
803 673 987 710 veterem
1020 672 1287 722 theologiam,
1320 675 1366 710 vt
1394 687 1601 723 nusquam
1631 689 1713 713 non
1734 690 1798 722 390

112 725 317 764 blaterent
343 726 388 763 in
409 725 644 774 Erasmum,
668 725 713 764 in
733 726 1123 775 compotationibus,
1149 727 1194 764 in
1215 727 1327 773 foris
1350 727 1394 765 in
1415 729 1712 777 conciliabulis,

111 779 156 817 in
176 779 533 829 pharmacopolfis,
554 780 599 818 in
619 781 821 828 curribus,
846 781 890 818 in
907 781 1140 825 tonstrinis,
1158 782 1203 819 in
1215 781 1456 829 fornicibus,
1481 783 1524 820 in
1540 784 1715 833 priuatis

111 847 157 872 ac
176 834 354 884 publicis
373 834 630 881 lectionibus,
654 834 698 872 in
718 834 979 873 scholasticis
1000 835 1204 883 diatribis,
1222 836 1266 874 in
1286 836 1413 874 sacris
1432 838 1713 885 concionibus,

112 889 157 926 in
176 889 335 927 arcanis
355 888 582 938 colloquiis,
601 889 646 927 in
666 889 837 927 secretis
856 889 1130 928 admissorum
1146 890 1486 938 confessionibus,
1504 892 1549 930 in
1570 892 1713 931 biblio-

111 943 247 992 poliis,
264 943 308 981 in
329 943 516 981 tabernis
535 956 772 992 pauperum,
790 943 834 981 in
850 943 958 982 aulis
979 945 1172 993 diuitum,
1191 946 1235 983 in
1250 945 1414 994 palatiis
1430 959 1585 995 regum,
1604 948 1712 996 apud
1734 956 1796 989 395

109 997 420 1047 superstitiosos
440 1010 570 1043 senes,
592 998 702 1047 apud
722 1011 879 1036 crassos
898 998 1044 1046 Midas,
1067 1000 1175 1049 apud
1201 1000 1413 1038 indoctam
1440 1001 1710 1050 plebeculam,

109 1051 220 1101 apud
244 1052 394 1090 stultas
413 1051 702 1091 mulierculas:
732 1066 804 1101 per
823 1065 934 1102 quas,
957 1054 1162 1102 serpentis
1185 1053 1300 1091 illius
1325 1055 1526 1104 exemplo,
1551 1056 1713 1095 aditum

109 1106 191 1144 sibi
217 1108 365 1156 parant
388 1106 438 1145 ad
467 1106 671 1145 fallendos
689 1107 813 1155 viros,
837 1120 1044 1157 nusquam
1071 1121 1156 1146 non
1185 1110 1463 1158 penetrantes,
1488 1110 1596 1148 nihil
1628 1124 1712 1149 non

110 1161 372 1205 mentientes,
394 1174 476 1211 quo
498 1174 565 1198 me
585 1161 780 1199 videlicet
796 1161 846 1199 de
862 1162 1059 1201 omnibus
1077 1162 1411 1202 benemerentem
1432 1164 1473 1202 ln
1497 1165 1712 1214 publicum

106 1215 251 1253 odium
270 1218 431 1253 vocent.
1732 1232 1798 1264 400

163 1270 231 1307 Ad
253 1269 330 1308 hoc
349 1272 540 1307 sanctum
564 1270 782 1319 negocium
805 1270 924 1308 alunt
950 1284 1047 1308 suos
1072 1271 1317 1319 emissarios,
1349 1285 1431 1310 non
1456 1273 1597 1312 minus
1622 1274 1713 1312 dili-

108 1326 254 1373 genter
278 1324 502 1362 instructos
530 1324 581 1362 ad
609 1324 854 1363 inficiendos
881 1326 1044 1363 animos
1069 1326 1325 1375 simplicium
1353 1330 1394 1365 et
1421 1327 1713 1377 imperitorum

106 1379 150 1416 et
179 1378 555 1416 constabiliendum
584 1391 762 1427 regnum
791 1378 955 1426 diaboli,
989 1393 1114 1429 quam
1145 1380 1335 1419 Christus
1365 1395 1460 1420 suos
1490 1382 1713 1432 discipulos

107 1432 363 1470 instruxerat
392 1433 443 1471 ad
474 1432 800 1482 praedicandum
832 1447 1009 1483 regnum
1041 1434 1129 1473 Dei.
1192 1435 1257 1473 Ad
1289 1435 1366 1474 hoc
1396 1450 1554 1475 munus
1580 1438 1712 1476 Euan-

106 1487 287 1537 gelicum
315 1486 579 1537 Euangelicis
607 1487 710 1525 viris
740 1487 1007 1536 potissimum
1036 1490 1136 1527 sunt
1155 1489 1231 1534 vsi,
1257 1502 1362 1538 quos
1380 1490 1503 1529 hodie
1530 1492 1714 1530 mundus
1731 1506 1795 1537 405

107 1541 235 1580 simul
257 1543 298 1579 et
319 1542 533 1579 mendicos
552 1541 627 1579 alit
647 1544 688 1579 et
709 1542 858 1580 tolerat
878 1544 1093 1592 tyrannos.
1155 1543 1273 1592 Quod
1294 1557 1369 1594 ego
1389 1558 1489 1583 sane
1514 1546 1647 1584 nolim
1668 1547 1712 1584 in

108 1609 374 1634 communem
403 1595 533 1634 vllius
563 1596 721 1634 ordinis
750 1596 954 1634 inuidiam
983 1598 1082 1646 rapi,
1112 1598 1182 1635 sed
1213 1598 1258 1635 in
1286 1612 1356 1636 eos
1385 1599 1588 1638 duntaxat
1616 1601 1712 1639 reci-

107 1650 202 1688 dere
222 1651 294 1700 qui
318 1650 399 1688 sibi
425 1650 696 1700 tyrannidem
723 1651 932 1699 quandam
960 1654 1208 1701 vsurpantes
1234 1654 1478 1702 opprimunt
1508 1654 1637 1693 bonos
1665 1668 1712 1693 ac

107 1704 426 1743 mansuetudine
454 1704 693 1744 Christiana
716 1705 936 1754 praeditos.
997 1706 1223 1745 Asciscunt
1252 1710 1293 1746 et
1322 1708 1545 1747 auxiliares
1575 1709 1712 1759 copias

105 1772 252 1798 eorum
291 1759 364 1809 qui
401 1759 467 1797 vel
506 1760 640 1798 frusto
673 1759 794 1809 panis
826 1760 876 1797 ad
911 1760 1089 1810 quoduis
1121 1761 1284 1800 facinus
1316 1763 1491 1801 conduci
1522 1771 1709 1813 possunt.
1732 1776 1797 1808 410

109 1814 242 1862 Quem
263 1827 348 1852 non
369 1813 651 1852 subornarunt
669 1814 720 1852 ad
741 1815 946 1863 agendam
972 1814 1080 1853 hanc
1106 1816 1292 1854 fabulam
1308 1818 1329 1855 Ῥ
1385 1817 1512 1856 Cuius
1541 1818 1712 1868 ingenio

105 1871 178 1907 aut
206 1868 351 1907 morbo
379 1881 463 1906 non
492 1870 592 1906 sunt
620 1868 772 1907 abusi?
827 1869 883 1906 Et
906 1869 1032 1907 huius
1058 1869 1222 1908 fabulae
1244 1873 1345 1909 sunt
1372 1874 1551 1919 autores,
1572 1873 1643 1922 qui
1663 1873 1712 1912 de

103 1923 320 1961 sarcienda
339 1922 534 1972 pecuniae
552 1922 708 1961 iactura
727 1925 813 1961 tam
833 1924 1117 1972 superstitiose
1137 1925 1368 1973 disputant,
1386 1939 1459 1964 nec
1479 1926 1713 1966 diffitentur

105 1977 341 2027 grauiorem
360 1990 449 2015 esse
468 1978 669 2016 iacturam
690 1980 851 2027 ereptae
866 1978 1001 2016 famae
1022 1991 1145 2028 quam
1166 1980 1376 2029 pecuniae.
1438 1981 1578 2030 Siquis
1602 1982 1712 2020 ausit

105 2032 259 2070 mutire
280 2031 323 2070 in
345 2031 552 2081 sophistas
572 2031 798 2081 theologos,
821 2031 857 2069 si
877 2032 970 2081 quis
997 2032 1041 2070 in
1061 2033 1379 2072 Carmelitarum
1408 2037 1480 2073 aut
1500 2035 1710 2075 Praedica-
1729 2048 1792 2081 415

106 2088 245 2124 torum
270 2086 611 2135 superstitionem
636 2089 771 2124 tentet
799 2086 975 2124 verbum
998 2088 1140 2134 facere,
1168 2089 1358 2137 protinus
1387 2089 1549 2128 coelum
1578 2093 1711 2129 terrae

105 2141 388 2179 commiscent.
461 2140 750 2178 Vociferantur
794 2140 1018 2190 periclitari
1063 2141 1287 2181 Ecclesiam
1329 2142 1498 2191 Christi,
1539 2158 1710 2194 superos

104 2197 228 2245 atque
252 2195 407 2232 inferos
431 2194 669 2233 inclamant.
727 2194 816 2244 Ipsi
845 2208 940 2233 cum
969 2196 1085 2234 tanta
1113 2196 1286 2242 malicia,
1321 2199 1438 2235 tanta
1468 2199 1706 2247 pertinacia,

106 2251 225 2288 tanta
257 2249 563 2298 conspiratione
593 2249 854 2287 mentiantur
884 2250 1081 2288 aduersus
1113 2263 1209 2288 eum
1245 2251 1315 2301 qui
1345 2252 1484 2290 studet
1513 2254 1710 2291 omnibus

106 2304 310 2353 prodesse,
331 2303 491 2342 laedere
511 2304 736 2353 neminem,
759 2300 938 2342 sanctuli
959 2304 1154 2342 videlicet
1173 2305 1253 2343 sibi
1273 2306 1468 2344 videntur
1485 2309 1528 2345 et
1548 2307 1618 2358 pii.
1728 2321 1793 2353 420

161 2357 214 2396 In
234 2358 442 2396 famosum
470 2358 659 2396 libellum
681 2357 869 2407 capitalis
895 2360 958 2396 est
983 2359 1099 2397 actio.
1161 2359 1240 2397 Isti
1269 2361 1419 2398 talium
1446 2361 1526 2399 sibi
1554 2362 1708 2401 conscii

105 2425 193 2450 non
213 2412 406 2450 dubitant
428 2413 619 2461 protinus
638 2412 768 2450 illotis
787 2412 940 2450 animis
956 2412 1005 2450 ad
1019 2417 1321 2452 sacrosanctam
1340 2413 1499 2453 Christi
1518 2429 1707 2455 mensam

104 2467 305 2505 accedere.
368 2466 422 2504 Et
443 2466 543 2505 satis
562 2479 650 2505 esse
677 2465 851 2505 credunt
871 2467 907 2504 si
933 2467 1019 2505 suis
1039 2467 1160 2506 viciis
1179 2471 1390 2519 vtcunque
1411 2469 1681 2509 blandiantur
1698 2486 1707 2509 :

104 2521 224 2571 quasi
243 2534 340 2559 vero
366 2521 472 2559 desit
492 2520 652 2559 sicariis
672 2523 713 2559 et
736 2521 966 2570 parricidis,
987 2534 1067 2570 quo
1090 2522 1170 2559 sibi
1197 2535 1272 2560 sua
1294 2523 1478 2563 facinora
1495 2527 1707 2575 vtcunque

103 2577 311 2614 excusent.
372 2575 473 2624 Age,
498 2575 768 2622 conferamus,
792 2575 829 2614 si
848 2575 1023 2622 videtur,
1047 2578 1251 2625 quantum
1277 2577 1426 2615 horum
1446 2578 1579 2617 scelus
1598 2580 1707 2618 absit
1726 2593 1789 2624 4²5

103 2642 129 2668 a
148 2629 291 2668 libello
310 2629 467 2668 famoso
485 2631 557 2668 aut
576 2629 702 2667 etiam
724 2629 775 2668 ab
802 2629 1039 2668 homicidio.
1101 2631 1297 2681 Quisquis
1321 2635 1440 2670 autor
1465 2635 1528 2671 est
1558 2635 1707 2673 famosi

148 2732 222 2771 384.
249 2734 357 2771 atque
373 2731 461 2762 hinc
477 2734 551 2763 add.
568 2735 602 2762 F.
723 2733 799 2771 389.
825 2733 883 2763 his
900 2744 920 2761 ο.
935 2744 942 2763 :
967 2733 1011 2762 iis
1029 2736 1063 2763 F.
1188 2744 1263 2774 390.
1288 2737 1329 2765 vt
1344 2737 1398 2766 II:
1422 2738 1458 2766 et
1475 2748 1505 2767 α.
1627 2747 1702 2776 391.

105 2778 187 2807 aH:
217 2775 397 2806 blaterant
412 2778 561 2814 FCorriq.
705 2786 779 2814 401.
805 2779 850 2806 F:
875 2776 1079 2807 emissorios
1096 2788 1126 2807 α.
1270 2787 1345 2817 413.
1371 2781 1417 2810 F:
1444 2780 1655 2810 diffidentur
1671 2793 1702 2811 α.

103 2828 178 2858 415.
206 2818 495 2849 Praedicatorum
512 2830 532 2848 a
547 2830 554 2849 :
579 2819 898 2850 Dominicanorum
916 2822 957 2851 H.
1121 2821 1195 2859 416.
1221 2821 1336 2853 facere
1353 2834 1393 2854 a:
1419 2824 1530 2853 iacere
1548 2826 1576 2853 F
1592 2826 1705 2862 eorl-iq.

104 2872 178 2902 423.
204 2865 233 2893 F
248 2865 358 2900 (forr-iq.
375 2873 383 2893 t
408 2862 595 2893 blanditur
608 2874 639 2895 α.

147 2973 220 3010 382.
248 2972 384 3013 plures]
410 2973 474 3004 See
491 2972 579 3013 Epp.
597 2974 673 3013 998.
689 2975 769 3014 6611,
793 2975 887 3013 1083.
993 2984 1068 3014 397.
1097 2975 1289 3017 serpentis]
1311 2976 1398 3007 Gen.
1418 2986 1447 3015 3.

147 3016 222 3055 385.
249 3015 341 3057 ater]
367 3016 417 3047 Cf.
436 3016 498 3055 Ep.
523 3026 615 3056 1007.
637 3018 718 3049 8111.
988 3028 1061 3056 401.
1089 3019 1306 3060 emissarios]
1332 3019 1383 3050 Cf.
1404 3020 1466 3059 Ep.
1486 3021 1560 3060 998.
1581 3021 1699 3059 59>-6o.
