1990 3353
271 608 312 638 30

270 1150 312 1180 40

270 2227 311 2258 60

269 2497 310 2538 65

333 154 414 192 218
798 155 1051 195 LETTERS
1089 155 1157 194 OF
1196 155 1464 194 ERASMUS
1806 154 1933 210 [1520

334 278 550 315 nunquam
580 265 662 304 fuit
695 265 879 304 vllorum
917 266 1165 316 populorum
1200 265 1425 313 concordia,
1462 264 1569 304 libro
1602 266 1933 305 virulentissimo

295 338 311 368 5
333 321 573 370 rependeret
592 335 600 368 ;
630 333 799 369 sperans
816 320 1010 358 videlicet
1031 333 1162 370 neque
1182 321 1269 357 tam
1289 320 1501 358 oculatum
1519 320 1605 358 fore
1631 334 1865 371 quenquam
1884 325 1931 360 vt

332 374 374 412 id
395 377 531 423 posset
551 387 715 412 cernere
733 374 783 412 ad
805 374 913 423 quod
939 374 1021 424 ipsi
1047 373 1148 412 libet
1173 373 1403 422 conniuere,
1427 387 1559 425 neque
1584 377 1671 413 tam
1694 374 1933 425 importune

332 441 547 467 saeuerum
581 428 759 466 iudicem
792 430 840 467 vt
872 428 985 467 aliud
1018 429 1156 478 exigat
1187 428 1507 477 probamentum
1537 442 1661 478 quam
1694 432 1930 467 narrantem

332 482 536 530 Brixium,
589 482 828 531 praesertim
877 496 973 522 suae
1017 495 1158 522 causae
1198 483 1447 533 aequitatem
1479 485 1598 522 tanta
1642 496 1738 522 cum
1781 483 1933 522 fiducia

329 536 564 575 iactantem.

385 592 446 629 At
475 591 583 630 mihi
612 594 721 630 certe
748 591 862 630 visus
891 593 1001 629 esset
1028 590 1241 641 aliquanto
1270 591 1410 631 minus
1441 591 1673 642 impudens,
1704 591 1742 630 si
1771 591 1846 630 has
1878 592 1930 631 ad

330 645 532 695 populum
552 648 718 685 tantum
738 645 928 695 phaleras
952 646 1231 695 exposuisset3
1262 646 1306 685 in
1331 659 1412 696 quo
1439 647 1615 696 reperire
1636 645 1839 696 potuisset
1858 646 1930 685 ali·

333 712 435 749 quos
459 700 611 749 quibus
636 714 701 739 res
727 701 861 738 adhuc
886 702 996 738 esset
1022 700 1244 750 incognita,
1273 700 1430 740 multos
1456 700 1606 751 quibus
1635 701 1833 739 alteruter
1858 714 1931 739 no-

331 755 478 802 strum,
507 754 703 804 quosdam
733 754 883 805 quibus
906 754 972 793 vel
999 754 1140 804 inique
1168 755 1332 805 placent
1357 754 1494 794 rixae:
1525 768 1570 793 ac
1596 768 1680 793 non
1705 755 1783 793 hoc
1811 757 1932 804 pacto

331 806 405 846 bos
425 808 629 847 eiusmodi
649 822 735 847 sese
754 809 919 847 iactaret
941 808 1146 859 ephippiis
1173 810 1281 859 apud
1301 812 1356 856 te,
1376 808 1448 859 qui
1471 822 1555 847 non
1574 811 1741 848 tantum
1763 822 1928 859 proram

294 877 310 908 5
329 863 588 912 puppimque
617 863 857 902 certaminis
883 862 977 912 (nisi
1006 876 1090 901 non
1121 863 1260 914 legisti
1289 863 1613 912 Chordigeram;
1647 876 1744 902 nam
1770 866 1929 902 caetera

329 916 480 966 legisse
499 919 541 955 te
567 917 666 967 scio)
691 918 967 956 verumetiam
991 919 1212 956 certatores
1237 918 1347 968 ipsos
1370 917 1500 966 intus,
1526 917 1634 968 quod
1660 917 1789 965 aiunt,
1819 919 1861 956 et
1884 918 1928 956 in

330 973 424 1009 cute
444 971 555 1010 nosti
572 986 581 1019 ;
611 974 702 1010 tum
724 972 790 1010 cui
810 973 912 1010 sciat
928 971 1131 1010 eiusmodi
1150 972 1272 1020 rixas,
1290 972 1453 1010 etiamsi
1473 985 1574 1022 quae
1589 972 1698 1011 iusta
1717 972 1802 1010 sint
1816 984 1930 1010 exor-

330 1027 397 1063 tae
419 1038 555 1074 causa,
582 1028 723 1065 tamen
749 1040 823 1076 pro
852 1026 915 1064 tui
941 1025 1099 1075 ingenii
1127 1026 1302 1065 candore
1328 1028 1452 1076 atque
1480 1026 1739 1064 humanitate
1769 1026 1928 1065 odiosas

329 1078 568 1129 inuisasque
605 1094 703 1129 esse,
744 1080 901 1118 nedum
942 1080 1048 1119 hanc
1085 1080 1202 1120 illius
1239 1080 1560 1130 ineptissimam,
1594 1080 1925 1126 iniustissimam‚

330 1133 737 1182 inhumanissimam,
759 1137 800 1173 et
821 1148 944 1184 quam
972 1134 1045 1172 abs
1071 1136 1112 1173 te
1132 1135 1304 1174 vidisset
1323 1135 1496 1184 epistola
1525 1134 1574 1173 ad
1601 1148 1644 1173 se
1664 1135 1794 1174 missa
1811 1135 1930 1173 velut

329 1188 578 1237 praeiudicio
595 1189 845 1236 damnatam,
863 1188 1033 1227 adiectis
1051 1190 1177 1228 etiam
1192 1192 1286 1228 tuae
1302 1190 1533 1228 sententiae
1548 1189 1682 1228 causis
1697 1201 1708 1226 ι
1737 1189 1866 1227 altera
1884 1189 1928 1227 in

329 1242 528 1281 honorem
556 1243 773 1293 vtriusque
797 1243 977 1281 ciuiliter
1002 1243 1134 1294 magis
1161 1243 1390 1294 excogitata
1419 1257 1544 1294 quam
1569 1257 1676 1292 vere,
1707 1244 1823 1294 quasi
1852 1256 1930 1282 nos

329 1309 514 1335 essemus
530 1297 573 1336 hi
594 1311 697 1348 quos
716 1297 931 1336 literarum
951 1297 1117 1336 intersit
1133 1299 1354 1337 concordes
1373 1311 1460 1336 esse
1480 1312 1490 1346 ;
1517 1298 1645 1336 altera
1661 1300 1769 1337 certe
1789 1298 1927 1336 iustis-

328 1350 446 1398 sima,
483 1352 592 1402 quod
627 1365 730 1402 quae
764 1351 867 1390 olim
897 1352 1095 1402 flagrante
1122 1352 1301 1391 lusimus
1328 1353 1450 1400 bello,
1483 1365 1530 1391 ea
1558 1366 1667 1391 nunc
1696 1353 1802 1391 facta
1829 1364 1928 1402 pace

292 1422 306 1451 g
330 1407 550 1444 conueniat
579 1406 806 1446 obliterari.
862 1406 925 1444 Ex
953 1406 1021 1444 his
1049 1406 1183 1445 causis
1212 1407 1331 1445 illam
1364 1420 1467 1457 quae
1497 1406 1658 1445 ciuilior
1686 1408 1773 1445 erat
1801 1419 1926 1456 quam

329 1458 477 1508 verior,
501 1473 737 1511 quanquam
758 1461 807 1498 de
827 1474 893 1498 me
914 1461 1190 1511 contemptius
1209 1462 1406 1509 admittit,
1430 1461 1480 1499 de
1499 1474 1542 1499 se
1561 1463 1700 1499 tamen
1726 1460 1928 1500 candidus

329 1515 455 1564 atque
473 1515 685 1553 modestus
703 1515 915 1564 agnoscit:
944 1515 1116 1554 alteram
1135 1515 1250 1553 illam
1276 1529 1378 1566 quae
1399 1520 1484 1554 tam
1504 1528 1600 1554 vera
1618 1515 1699 1553 fuit
1719 1517 1763 1554 vt
1784 1515 1927 1565 negari

329 1580 414 1606 non
435 1571 585 1617 posset,
616 1569 928 1608 dissimulanter
951 1569 1171 1619 praeteriit,
1195 1583 1240 1608 ac
1267 1583 1409 1608 rursus
1434 1570 1485 1608 ob
1509 1570 1649 1608 oculos
1674 1569 1814 1607 fundit
1840 1582 1927 1619 plo-

331 1623 557 1661 uocationis
577 1623 808 1674 puluerem,
830 1637 909 1674 qua
937 1637 979 1662 se
1007 1624 1245 1663 lacessitum
1264 1638 1287 1663 a
1307 1624 1427 1663 nobis
1447 1626 1488 1662 et
1515 1623 1632 1674 prius
1659 1623 1866 1674 praedicat
1885 1625 1927 1662 et

270 1693 285 1723 5
328 1675 550 1716 hostiliter

385 1730 439 1769 Et
458 1732 642 1781 profecto
660 1731 696 1770 si
722 1731 902 1780 Erimus,
924 1734 968 1770 vt
991 1735 1104 1771 totus
1127 1735 1189 1771 est
1215 1733 1259 1770 in
1284 1733 1552 1782 metaphmis
1564 1732 1744 1780 comicis,
1766 1731 1818 1770 ab
1846 1732 1928 1782 epi·

329 1788 557 1834 grammate
579 1799 670 1824 meo
685 1786 801 1825 velut
821 1787 872 1824 ab
892 1787 1039 1837 epitasi
1058 1787 1199 1826 iubeat
1218 1787 1324 1825 hanc
1343 1787 1546 1837 auspicari
1564 1787 1757 1834 fabulam,
1776 1799 1928 1836 negare

329 1852 415 1877 non
441 1853 613 1889 possum
643 1841 744 1890 quin
769 1841 857 1890 ipse
881 1841 1204 1890 prouocauerim.
1264 1842 1337 1880 Sin
1366 1842 1578 1880 communi
1603 1854 1718 1879 more
1746 1841 1927 1890 patietur

327 1893 422 1932 addi
441 1907 516 1933 suo
535 1895 626 1933 loco
645 1896 855 1944 protasim,
874 1909 959 1934 non
978 1896 1066 1944 erit,
1090 1895 1246 1946 opinor,
1264 1896 1506 1946 ambiguum
1525 1896 1633 1946 quod
1650 1895 1757 1934 nihil
1777 1895 1925 1933 habeat

270 1964 307 1995 5·
329 1947 534 1987 comicum
554 1949 669 1987 illius
695 1949 932 1988 turbulenta
957 1950 1226 1999 catastrophe.
1286 1950 1393 1988 Nam
1420 1950 1603 2000 primum
1630 1950 1723 2000 quis
1748 1962 1834 1988 non
1859 1949 1925 1987 ad·

329 2001 504 2040 miretur
528 2003 738 2052 insignem
763 2004 1068 2053 impudentiam
1096 2003 1220 2042 toties
1249 2004 1515 2043 occlamantis
1544 2005 1659 2054 prius
1687 2004 1924 2042 lacessitum

329 2068 382 2104 se,
412 2070 543 2107 quum
569 2058 671 2096 sciat
696 2058 865 2096 interim
892 2071 1011 2096 suam
1038 2059 1192 2108 passim
1220 2061 1407 2108 prostare
1433 2059 1762 2109 Chordigeram‘?
1800 2071 1924 2107 quam

329 2123 412 2149 non
442 2111 613 2149 fuissem
640 2115 915 2162 prosequutus
941 2113 1246 2162 epigrammate,
1275 2113 1356 2150 nisi
1384 2116 1570 2152 nostram
1598 2115 1766 2162 gentem
1794 2114 1924 2151 totam

328 2166 600 2204 mendacibus
618 2166 851 2216 impetisset
871 2167 1079 2205 conuiciis.
1141 2167 1230 2215 Qua
1249 2167 1294 2204 in
1313 2181 1357 2205 re
1381 2167 1478 2217 quid
1503 2167 1764 2206 comminisci
1788 2168 1924 2216 potest

330 2220 437 2269 quod
459 2220 532 2258 isti
550 2221 788 2270 praetendat
809 2221 1038 2259 calumniae
1051 2223 1071 2260 i>
1108 2234 1162 2260 an
1182 2222 1290 2271 quod
1311 2221 1608 2271 epigrammata
1632 2234 1723 2259 mea
1747 2234 1926 2271 praeces-

329 2274 461 2311 serint
481 2275 570 2313 eius
595 2275 796 2321 libellum,
819 2288 949 2325 quum
977 2288 1061 2313 non
1085 2276 1135 2314 ad
1159 2276 1271 2314 aliud
1296 2289 1421 2325 quam
1442 2276 1491 2313 ad
1512 2276 1601 2314 eius
1627 2275 1759 2314 libelli
1778 2275 1924 2314 ludant

330 2327 551 2376 inscitiam,
570 2329 692 2377 furta,
710 2329 955 2368 mendacia?
1000 2330 1105 2377 Aut,
1119 2332 1165 2368 vt
1180 2331 1243 2367 est
1257 2332 1403 2367 acutus
1418 2330 1685 2378 rhetorculus,
1705 2330 1926 2368 contendet

330 2381 375 2419 in
402 2382 652 2433 Chordigera
679 2383 787 2421 nihil
813 2397 900 2422 esse
931 2384 1135 2422 conuitii‘?
1181 2386 1239 2422 At
1267 2384 1378 2422 idem
1407 2384 1678 2433 quantumuis
1705 2384 1925 2433 impudens

330 2448 414 2473 non
443 2437 611 2486 negabit
637 2437 681 2475 in
708 2438 842 2487 primo
867 2437 1014 2476 limine
1040 2438 1315 2487 Chordigerae
1340 2451 1415 2476 nos
1436 2438 1683 2487 foedifragos
1700 2451 1845 2477 vocare
1865 2450 1921 2484 se,

329 2491 368 2527 et
400 2492 636 2540 petulanter
667 2492 872 2541 appellare
902 2492 1098 2542 periuros.
1158 2493 1212 2530 Et
1243 2495 1381 2530 tamen
1412 2492 1533 2531 audet
1567 2493 1742 2541 praefari
1769 2492 1924 2531 oliuam

417 2626 469 2655 53.
495 2618 587 2655 quin
604 2619 728 2647 Jortz‘n:
754 2626 858 2655 quein
876 2628 906 2648 α.
1039 2618 1092 2655 64.
1118 2627 1181 2648 nos
1197 2619 1310 2656 Jortz'u,
1327 2621 1354 2647 vc
1372 2621 1405 2648 ιή
1421 2621 1451 2648 ΖΙ.
1469 2628 1522 2657 94,
1546 2619 1624 2656 183:
1650 2627 1772 2648 omnes
1789 2629 1818 2648 a.

374 2745 427 2774 35.
453 2735 722 2777 Chordigoram]
750 2737 812 2767 See
829 2738 890 2777 Ep.
907 2748 980 2769 212.
1004 2748 1055 2770 In.
1160 2747 1281 2777 poenis
1297 2748 1343 2768 on
1363 2738 1419 2768 the
1437 2738 1537 2768 affair
1554 2738 1592 2769 of
1609 2738 1670 2768 the
1689 2739 1871 2775 Chordz'qera
1883 2737 1922 2767 in

418 2779 569 2819 caetera]
612 2780 741 2810 More's
781 2791 860 2810 own
894 2783 1070 2821 epigrams
1088 2791 1095 2817 3
1160 2781 1287 2811 More’s
1326 2785 1572 2819 Epigyrmnmala,
1615 2781 1728 2812 Basle.
1770 2781 1923 2820 Froben,

331 2823 373 2854 cf.
394 2823 415 2853 l.
433 2831 510 2861 5111.
1161 2824 1281 2855 March
1303 2826 1394 2863 1518,
1416 2835 1473 2864 pp.
1491 2826 1609 2862 242-6.
1656 2824 1708 2855 Cf.
1728 2824 1751 2855 l.
1772 2833 1869 2863 13511.

374 2868 426 2905 36.
454 2865 571 2906 intus]
598 2866 690 2896 Pers.
710 2877 741 2905 3.
758 2878 809 2906 30.
1204 2877 1257 2906 52.
1283 2869 1326 2899 ab
1341 2867 1483 2909 epitasi]
1497 2870 1533 2899 in
1546 2869 1608 2899 the
1620 2868 1766 2907 middle,
1780 2867 1921 2898 instead

374 2921 425 2947 40.
451 2909 615 2949 epistola]
644 2910 706 2949 Ep.
726 2912 800 2941 620.
1161 2912 1198 2942 of
1219 2914 1255 2942 at
1273 2913 1334 2942 the
1352 2912 1569 2951 beginning:
1594 2911 1655 2942 the
1672 2913 1800 2948 epitasis
1818 2912 1921 2950 being

375 2964 427 2992 47.
452 2954 626 2993 agnoscit]
651 2954 708 2992 Ep.
733 2964 824 2993 1045.
848 2964 962 2985 10—20.
1161 2955 1223 2985 the
1240 2955 1377 2986 conti-al
1394 2956 1528 2995 partos
1549 2955 1610 2986 the
1634 2954 1726 2995 play,
1746 2954 1803 2985 led
1819 2964 1867 2994 up
1886 2956 1923 2984 to

375 3007 427 3035 49.
452 2996 569 3037 prius]
596 2997 657 3035 Ep.
681 3007 773 3035 1045.
795 3008 844 3037 79.
1160 2999 1205 3038 by
1223 2999 1284 3029 the
1296 3002 1441 3035 protasis.

374 3050 427 3079 51.
454 3041 725 3081 epigrnininatv]
761 3042 873 3071 There
906 3051 964 3071 are
996 3041 1093 3081 eight
1202 3043 1253 3080 64.
1282 3042 1508 3083 foedifragos]
1534 3042 1585 3074 Cf.
1606 3043 1713 3072 Chora.
1733 3041 1769 3073 ll.
1790 3041 1896 3079 17,18.
