1990 3353
86 141 207 196 1162]
617 143 688 182 TO
728 143 965 183 THOMAS
1002 145 1160 184 MORE
1607 149 1686 187 385

80 254 266 304 inquam,
312 255 393 293 ‘ita
426 257 541 293 esse.’
599 255 716 294 ‘Non
761 254 909 293 faciam
926 255 945 301 ',
988 254 1138 304 inquit.
1201 255 1281 292 ‘At
1318 267 1426 315 pone
1463 253 1521 292 ita
1560 268 1682 302 esse,

81 309 265 359 inquam.
327 309 446 348 ‘Non
484 322 636 360 ponam
651 310 671 353 ⁹,
713 309 863 360 inquit.
938 309 1023 347 ‘Sit
1060 309 1190 357 igitur
1228 308 1319 354 ita',
1360 308 1544 358 inquam.
1603 310 1686 347 ‘At

82 376 167 402 non
195 366 257 402 est
275 363 295 411 ³,
318 363 466 413 inquit.
528 362 660 412 ‘Quid
689 363 841 413 igitur'
868 362 1054 413 inquam,
1081 363 1169 401 ‘vis
1201 376 1269 402 me
1299 362 1490 401 dicere?'
1550 362 1673 401 ‘Dic
1677 393 1685 410 ,

81 417 233 467 inquit,
259 422 266 436 ⁴
286 418 391 456 '‘Ita
409 418 510 457 est.'’
524 418 534 433 '
1708 427 1747 457 55

136 471 219 510 Vix
257 472 409 511 Rector
446 472 689 522 impetrauit
720 474 767 510 vt
805 473 961 511 sineret
999 484 1067 509 me
1104 471 1229 521 loqui.
1305 471 1386 509 ‘Vt
1418 484 1563 510 verum
1595 471 1650 509 sit
1665 472 1684 517 ⁹,

81 526 268 576 inquam,
296 528 388 565 ‘me
407 526 452 564 in
479 527 595 565 libris
622 526 726 564 meis
748 527 950 575 quaedam
976 525 1189 576 scripsisse
1218 538 1335 564 secus
1361 539 1485 575 quam
1512 528 1684 575 oportet,

83 593 170 618 non
199 584 340 619 tamen
370 582 446 620 hoc
476 583 562 619 erat
585 583 717 629 tut.,m
739 581 791 619 ad
820 581 952 620 animi
976 581 1040 618 tui
1059 580 1289 618 vindictam
1318 579 1434 618 abuti
1464 580 1568 618 sacri
1596 580 1687 628 loci,

83 647 220 673 530130
247 635 456 674 concionis
480 635 712 681 autoritate,
736 639 775 673 et
795 635 940 685 populi
965 633 1171 696 simplicis
1201 635 1456 673 credulitate.
1517 634 1689 673 Poteras

82 689 269 727 vicissim
298 690 342 727 in
373 703 439 727 me
469 689 655 737 scriba-,e
678 692 840 739 poteras
868 703 936 728 me
966 689 1011 727 in
1036 689 1102 727 ius
1120 701 1276 727 vocare.
1338 688 1459 727 Nunc
1488 702 1574 727 11011
1603 692 1689 727 tam
1708 693 1751 725 60

84 742 193 781 mihi
222 744 323 782 facis
351 744 551 782 iniuiiam
578 757 703 794 quam
732 745 811 782 toti
839 744 936 783 huic
965 743 1228 790 Academiae,
1261 756 1386 793 quam
1416 744 1495 782 toti
1524 743 1686 793 populo,

84 810 210 847 quam
231 811 368 836 sacrae
388 798 589 846 concioni,
612 811 715 848 quae
735 799 859 849 longe
878 798 973 837 aliis
991 797 1146 836 fabulis
1166 797 1300 836 dicata
1326 797 1416 836 est.'
1456 797 1538 835 Hic
1560 811 1690 848 quum

84 853 244 890 deesset
264 852 429 890 homini
450 853 558 902 quod
579 852 858 903 responderet,
877 853 969 900 alio,
986 855 1032 891 vt
1052 852 1170 899 solet,
1188 851 1367 890 deflexit.
1414 852 1484 890 ‘Ia
1498 853 1519 899 ⁵,
1539 852 1688 902 inquit,

88 908 271 956 ‘optares
308 907 388 945 tibi
424 907 607 945 similem
645 907 940 947 autoritatem.'
1014 906 1226 955 ‘Quam'?’
1281 906 1466 956 inquam,
1512 907 1691 945 ‘'concio-

84 961 270 999 nandi?’
303 961 479 999 Annuit.
553 961 730 1011 ‘Atqui'
763 961 937 1011 inquam
970 963 1034 1000 ‘et
1071 961 1175 999 olim
1210 974 1304 999 sum
1340 961 1617 1009 concionatus,
1651 963 1690 999 et
1710 966 1750 1007 65

83 1015 264 1053 arbitror
297 1028 365 1053 me
398 1029 517 1065 posse
550 1016 721 1054 meliora
754 1016 888 1054 dicere
924 1029 1050 1066 quam
1081 1015 1204 1054 audio
1233 1017 1273 1053 te
1305 1015 1529 1065 aliquando
1563 1016 1692 1065 profe·

83 1069 274 1108 rentem.’
342 1070 475 1118 ‘Quin
504 1069 633 1120 igitur
650 1070 658 1085 '
682 1070 834 1120 inquit,
864 1071 1041 1109 ‘facis'?⁷
1102 1070 1229 1118 ‘Quia
1258 1071 1360 1119 puto
1390 1083 1457 1108 me
1474 1069 1483 1083 ²
1503 1071 1687 1120 inquam,

85 1124 247 1161 ‘maius
286 1125 619 1174 operaeprecium
651 1125 784 1163 facere
817 1125 1047 1164 scribendis
1083 1124 1233 1171 libris;
1275 1124 1442 1163 tametsi
1476 1126 1593 1162 tuam
1632 1125 1690 1162 in·

85 1178 290 1217 dustriam
329 1192 415 1217 non
453 1179 745 1228 improbarem,
787 1179 823 1217 si
862 1180 985 1218 modo
1024 1180 1189 1218 doceres
1220 1192 1267 1217 ea
1301 1192 1404 1228 quae
1441 1179 1599 1217 faciunt
1640 1179 1692 1216 ad

85 1232 216 1271 bonos
245 1233 409 1272 11101053
477 1233 543 1271 Ibi
571 1234 690 1272 venit
719 1234 883 1272 homini
912 1235 956 1272 in
992 1236 1178 1272 mentem
1208 1234 1318 1283 quod
1357 1233 1611 1284 scripsissem
1647 1234 1692 1271 in
1713 1245 1753 1276 70

85 1286 218 1325 literis
248 1288 297 1325 ad
328 1288 549 1326 Rectorem
569 1288 736 1337 (legerat
766 1288 905 1338 enim),
929 1289 1028 1327 haec
1057 1288 1164 1326 mihi
1192 1288 1444 1335 immerenti,
1473 1288 1558 1326 imo
1587 1288 1692 1326 bene

85 1342 276 1389 merenti,
299 1341 472 1392 indigne
490 1342 593 1380 fieri.
641 1346 649 1362 ⁴
662 1343 746 1389 Vbi
759 1343 768 1358 '
788 1343 938 1393 inquit.
966 1344 1034 1382 ‘tu
1054 1342 1158 1381 bene
1179 1343 1349 1381 mereris
1362 1343 1381 1380 i>
1396 1342 1404 1356 ²
1446 1342 1692 1381 ‘Fatentur'

85 1395 274 1446 inquam,
297 1396 396 1434 ‘hoc
416 1396 599 1445 plurimi,
621 1410 689 1435 me
709 1410 794 1435 non
816 1398 925 1435 male
944 1396 1145 1435 meritum
1165 1397 1214 1435 de
1234 1397 1355 1434 bonis
1373 1397 1533 1435 literis?
1584 1398 1592 1415 ·'
1609 1397 1655 1435 Ia
1670 1397 1690 1438 ⁷,

86 1450 236 1499 inquit,
265 1450 344 1488 ‘sic
363 1464 438 1489 vos
465 1464 533 1489 eas
560 1451 802 1501 appellatis;
844 1454 943 1490 sunt
970 1451 1103 1489 malae
1131 1451 1301 1489 literae.'
1361 1451 1438 1489 ‘Et
1467 1451 1512 1489 111
1542 1452 1668 1490 sacris
1685 1452 1693 1465 ³

85 1505 267 1554 inquam,
307 1504 463 1543 ‘literis
504 1506 641 1543 multa
679 1505 870 1544 restituis
941 1506 1085 1553 ‘Imo,’
1119 1506 1266 1555 inquit,
1312 1505 1468 1543 ‘multa
1506 1506 1694 1544 falsasti.'
1716 1519 1753 1550 :5

90 1559 197 1598 ‘Cur
215 1559 344 1608 igitur
358 1561 366 1575 ⁷
385 1560 570 1609 inquam,
599 1561 606 1578 ⁴
623 1560 822 1610 approbat
843 1560 1059 1599 Romanus
1080 1560 1277 1598 Pontifex
1307 1573 1381 1598 suo
1411 1559 1639 1609 diplomate
1652 1560 1671 1598 ⁴?
1686 1560 1694 1574 ²

91 1613 172 1661 ‘Ia,
208 1613 455 1663 diplomate'
492 1614 654 1664 inquit:
698 1615 814 1664 ‘quis
848 1614 954 1652 vidit
990 1618 1114 1653 tuum
1148 1615 1383 1664 diploniaP'
1426 1614 1695 1653 subindicans

86 1680 108 1705 a
127 1681 196 1706 me
211 1668 436 1706 confictum
453 1681 554 1707 esse.
598 1670 690 1707 ‘An
702 1668 889 1718 postulas
902 1668 911 1682 ⁹
927 1670 1109 1718 inquam,
1133 1670 1201 1707 ‘vt
1217 1669 1400 1718 diploma
1416 1682 1490 1717 per
1509 1669 1696 1718 singulos

88 1722 363 1760 circunferam
392 1725 464 1761 aut
492 1723 536 1761 in
557 1723 645 1761 foro
664 1723 913 1761 exhibeam?
970 1723 1153 1762 Exhibui
1173 1724 1336 1770 Atensi.
1360 1724 1467 1761 vidit
1490 1723 1696 1772 Dorpius'

93 1776 176 1823 ‘Ia,
213 1776 420 1826 Dorpius'
454 1777 619 1828 inquit3
654 1777 871 1816 additurus
905 1780 944 1816 et
982 1778 1029 1816 in
1061 1778 1185 1816 illum
1223 1778 1380 1827 aliquid
1421 1778 1608 1817 conuicii.
1651 1778 1696 1816 ni
1717 1782 1757 1811 So

89 1831 240 1869 Rector
267 1831 393 1870 illum
427 1845 502 1871 suo
533 1832 655 1870 vultu
689 1832 1023 1881 compescuisset.
1084 1832 1279 1871 ‘Videbis
1310 1834 1349 1870 et
1385 1835 1443 1880 tu,
1479 1832 1513 1870 51
1543 1832 1691 1878 voles⁷,

89 1884 276 1934 inquam.
321 1886 452 1924 ‘Nolo
466 1887 475 1902 ’
489 1887 638 1936 inquit,
658 1888 667 1905 ⁴
680 1886 821 1924 videre
841 1886 940 1925 tua.'
989 1890 997 1905 ⁴
1013 1886 1097 1925 Cur
1117 1887 1245 1935 igitur
1262 1887 1433 1925 damnas
1447 1889 1466 1925 Ῥ
1480 1888 1488 1901 ²
1507 1887 1692 1936 inquam.

94 1940 102 1958 ⁶
119 1939 203 1978 Cur
223 1940 268 1977 in
282 1939 468 1978 Luthero
484 1941 721 1979 damnando
741 1943 908 1979 tantum
928 1942 1037 1991 apud
1059 1944 1100 1980 te
1113 1941 1226 1979 valet
1247 1940 1464 1979 Pontificis
1484 1943 1693 1990 autoritas,

90 1993 136 2031 in
157 1994 262 2032 meis
281 1994 506 2044 probandis
525 1995 670 2044 pluma
690 1995 824 2034 leuior
843 1999 906 2033 est
919 1996 961 2034 2³⁷

145 2048 238 2086 Hoc
273 2062 464 2087 sermone
502 2049 656 2088 omisso
691 2051 823 2099 coepit
861 2062 1197 2096 commemorare,
1234 2050 1318 2088 iam
1349 2050 1465 2088 velut
1501 2050 1697 2088 affectum
1717 2053 1756 2092 85

91 2104 283 2141 moturus
316 2106 402 2142 arte
431 2103 646 2152 rhetorica,
678 2105 848 2154 quantis
887 2104 1117 2142 honoribus
1150 2104 1383 2143 affecissent
1418 2117 1485 2142 me
1515 2104 1697 2154 theologi

90 2156 372 2196 Louanienses
408 2158 651 2208 priusquam
684 2159 730 2197 in
769 2171 838 2197 eos
876 2158 1143 2209 scripsissem.
1208 2159 1341 2206 'Quid
1380 2172 1465 2197 non
1500 2158 1696 2196 secimus'

91 2211 239 2261 inquit,
265 2212 423 2250 ‘tibi·?²
478 2213 695 2252 Caeterum
724 2213 775 2251 de
795 2213 1019 2251 virulentis
1049 2213 1422 2251 obtrectationibus
1450 2213 1601 2262 quibus
1629 2225 1696 2250 me

92 2265 266 2304 laniarat
305 2266 620 2316 Egmondanus,
653 2267 781 2305 etiam
816 2267 1060 2317 priusquam
1095 2268 1328 2305 Louanium
1363 2268 1692 2316 commigrarem,

91 2319 210 2358 1111113
237 2321 409 2359 mentio.
470 2321 682 2371 Respondi
707 2335 792 2360 non
819 2334 905 2359 esse
934 2322 1018 2360 mei
1048 2321 1176 2360 moris
1203 2325 1425 2360 extenuare
1454 2322 1698 2372 cuiusquam
1717 2335 1758 2366 90

91 2373 136 2411 in
156 2387 223 2412 me
243 2374 501 2422 beneficium,
526 2378 735 2414 caeterum
754 2389 821 2414 me
841 2376 1043 2414 hactenus
1068 2376 1354 2425 theologorum
1384 2375 1586 2414 beneficio
1613 2389 1697 2414 non

91 2428 317 2467 admodum
337 2442 459 2467 vsum
479 2430 616 2468 fuisse.
660 2430 726 2468 Ibi
747 2431 884 2469 nescio
904 2444 984 2480 quo
1006 2434 1124 2480 pacto
1144 2431 1277 2468 factus
1303 2430 1455 2477 mitior,
1482 2430 1661 2468 ‘Verum
1674 2430 1694 2476 ',

92 2482 242 2532 inquit,
280 2484 398 2533 ‘quia
431 2497 512 2522 non
547 2485 761 2534 potuimus
780 2485 801 2523 ².
864 2485 1020 2534 ‘Ergo'
1050 2485 1234 2534 inquam,
1269 2489 1342 2522 ‘ne
1377 2484 1559 2533 imputes
1588 2485 1697 2534 quod

93 2549 179 2574 non
216 2537 493 2586 praestitistis.
569 2539 676 2576 Nam
710 2542 916 2589 quantum
955 2540 1174 2589 potueritis
1211 2539 1519 2587 malefaciendo,
1561 2539 1698 2586 sensi;

93 2589 214 2628 officii
235 2590 342 2629 nihil
363 2595 555 2640 expertus
574 2606 679 2640 sum,
700 2593 781 2632 nisi
794 2593 904 2643 quod
925 2606 991 2631 me
1008 2593 1186 2632 vocastis
1205 2593 1256 2632 ad
1276 2596 1391 2631 actus
1412 2606 1515 2643 quos
1528 2594 1694 2639 vocatis,
1719 2605 1758 2637 95

93 2647 133 2683 et
164 2645 355 2683 conuiuia
375 2647 577 2695 quaedam
607 2647 803 2694 solennia,
829 2661 851 2685 a
871 2647 1023 2698 quibus
1051 2661 1174 2686 nemo
1200 2648 1334 2698 magis
1359 2648 1553 2686 abhorret
1575 2661 1699 2698 quam

181 2732 234 2770 65.
260 2733 314 2762 N:
339 2732 386 2762 At
402 2733 465 2771 qui
480 2735 518 2763 F.
569 2734 613 2771 Cf.
631 2735 689 2769 Ep.
710 2733 802 2771 1167.
822 2743 876 2773 52.
1167 2744 1218 2773 77.
1245 2737 1302 2765 H:
1325 2734 1558 2765 subiudicans
1575 2737 1608 2765 F.

137 2815 190 2852 65.
215 2823 295 2845 sum
315 2815 559 2857 concionatus]
578 2815 630 2847 Cf.
649 2826 672 2855 1,
692 2827 724 2857 p.
743 2827 796 2856 37.
813 2827 861 2857 15,
975 2816 1026 2847 88.
1054 2815 1394 2857 obtrectationibus]
1426 2816 1515 2846 This
1543 2825 1698 2855 passage.

99 2858 138 2887 16
153 2857 226 2887 and
243 2858 307 2897 Ep.
326 2868 368 2898 43
385 2859 519 2890 introd.
931 2860 1120 2891 combined
1132 2859 1221 2890 with
1235 2859 1297 2899 Ep.
1310 2869 1323 2889 1
1333 2860 1403 2899 196.
1416 2869 1430 2889 1
1440 2869 1476 2899 15
1490 2869 1573 2898 seq,
1585 2859 1700 2890 shows

139 2910 190 2940 70.
216 2903 450 2943 scripsissem]
468 2903 530 2943 Ep.
552 2912 643 2942 1153.
667 2904 737 2942 196.
932 2904 1013 2934 that
1039 2903 1297 2943 Egmondanus
1320 2913 1393 2934 was
1417 2904 1480 2934 the
1506 2903 1700 2934 Carnu—lite

141 2945 192 2983 76.
217 2945 428 2988 diplomate]
448 2947 510 2987 Ep.
525 2947 599 2985 864.
931 2948 967 2977 of
982 2947 1068 2988 Epp.
1086 2947 1160 2986 483.
1180 2948 1269 2985 26,7‚
1287 2948 1361 2986 948.
1378 2948 1519 2986 136-43.

140 2989 192 3026 84.
217 2988 341 3027 pluma
372 2989 504 3031 leuior]
538 2990 590 3022 Cf.
626 2990 742 3021 Plaut.
775 2993 858 3022 Men.
973 3000 1026 3030 95.
1052 2990 1169 3031 actus]
1189 2990 1340 3030 Cf.Epp.
1353 2991 1429 3030 695.
1449 2991 1564 3028 18-19.
1584 2998 1701 3028 7193:

95 3032 171 3070 488,
190 3034 279 3064 Poen.
297 3033 372 3065 812.
932 3034 994 3065 but
1013 3043 1070 3065 see
1088 3034 1150 3065 the
1166 3038 1247 3065 Acta
1262 3037 1368 3065 Acacl.
1385 3037 1520 3071 Louan„
1539 3036 1583 3064 f0.
1602 3032 1645 3063 21³.

163 3097 239 3119 4624
868 3101 889 3128 C
911 3102 930 3128 C
