1990 3353
95 126 217 181 1046]
637 130 707 168 TO
745 130 896 170 JOHN
936 130 1162 171 ROBYNS
1618 136 1696 175 133

322 280 531 312 ERASMVS
562 281 785 311 ROTEROD.
810 281 851 310 D.
874 282 1037 313 105.in
1070 283 1254 323 ROBINO,
1283 285 1464 318 DECANO

661 350 1010 390 MECHLINIENSI,
1033 353 1066 382 S.
1089 353 1128 383 P.

144 443 230 482 Vm
267 443 428 491 eximie,
461 443 577 483 vides
613 443 822 482 humanae
855 442 966 481 vitae
1003 454 1156 481 scenas.

92 497 214 536 aliter
258 500 421 537 constat
464 498 566 537 haec
603 498 757 537 fabula.

91 552 188 590 Iesu
227 552 393 591 Christi.

1236 443 1344 492 Quid
1383 444 1542 483 facias?
1600 444 1696 484 Non

834 496 994 535 Paulus
1041 497 1247 547 gloriatur
1290 511 1333 536 se
1370 499 1561 537 vinctum
1607 513 1695 538 esse

454 552 662 602 Rutgerus
700 551 870 601 gloriari
909 553 1045 599 potest
1084 565 1125 590 se
1164 552 1356 591 vinctum
1395 566 1483 592 esse
1522 553 1695 604 Collegii

91 606 330 656 Trilinguis.
392 606 672 645 Dissimulent
692 605 1011 656 quantumlibet,
1034 605 1112 644 hoc
1142 606 1363 656 collegium
1392 607 1488 646 illos
1516 609 1693 657 pessime

89 661 225 700 habet.
286 662 425 711 Atque
454 662 555 700 haec
583 661 756 710 auguria
784 659 892 698 mihi
926 660 1182 709 portendunt
1216 661 1318 699 olim
1348 662 1694 702 florentissimum
1716 682 1734 712 5

90 716 295 754 futurum.
355 716 422 754 Sic
443 718 590 754 natum
612 717 674 754 est
694 716 931 753 Romanum
947 713 1183 764 imperium.
1244 715 1312 754 Sic
1332 717 1463 755 creuit
1484 717 1692 756 Hebraeo-

91 782 184 807 rum
222 770 377 820 gloria,
425 770 484 808 sic
524 772 624 817 orta,
668 769 726 808 sic
768 771 1006 819 propagata.
1048 769 1106 807 sic
1148 770 1413 809 constabilita
1457 771 1695 810 Christiana

90 824 246 874 religio.
306 824 433 863 Nulla
465 837 530 863 res
559 824 722 874 egregia
749 823 833 862 nisi
862 823 1115 862 difficillibus
1145 824 1279 862 initiis
1308 827 1405 864 nata
1428 828 1501 864 est.
1562 829 1695 877 Argu-

90 882 283 918 mentum
312 891 436 917 omne
464 892 682 929 cognosces
711 891 762 916 ex
789 877 1096 924 Bartholomeo,
1128 879 1201 928 qui
1229 879 1311 918 fuit
1341 892 1426 918 non
1455 880 1578 918 modo
1609 894 1697 931 spe-

91 935 222 972 ctator
240 934 516 972 verumetiam
536 933 671 972 affinis
691 932 884 982 periculo.
943 931 1001 971 Vt
1020 934 1120 970 sunt
1140 946 1204 971 res
1224 933 1429 973 humanae
1448 948 1534 973 non
1553 948 1698 985 vsque·
1720 950 1759 971 10

92 1000 252 1037 quaque
280 1001 417 1037 purae,
443 988 572 1026 etiam
601 987 636 1026 si
665 987 764 1037 quid
795 986 1066 1025 commissum
1096 990 1214 1031 esset.
1247 990 1388 1027 tamen
1418 989 1697 1029 humanitatis

91 1044 253 1081 vestrae
272 1043 405 1081 fuerat
424 1042 696 1092 aliquousque
720 1042 857 1080 fauere
885 1041 1130 1079 Professori.
1188 1041 1310 1080 Nunc
1340 1045 1380 1081 et
1408 1043 1482 1082 1311
1513 1046 1553 1082 01
1579 1044 1696 1083 inno-

90 1096 332 1135 centissimo
354 1097 488 1135 multo
515 1097 658 1135 minus
687 1096 842 1134 debetis
862 1096 1012 1134 deesse.
1074 1096 1246 1135 Doctior
1273 1110 1326 1135 311
1356 1098 1538 1136 inueniri
1566 1099 1698 1148 possit

92 1152 238 1199 nescio,
281 1152 389 1190 certe
437 1151 746 1201 diligentiorem
793 1163 838 1189 30
885 1150 1071 1189 moribus
1118 1151 1331 1200 puriorem
1373 1151 1445 1190 vix
1491 1153 1693 1192 inuenias.

91 1205 262 1244 Vtimur
295 1205 436 1244 eadem
469 1219 624 1253 mensa,
658 1208 699 1243 et
732 1205 843 1243 inter
876 1204 1022 1254 pocula
1051 1205 1218 1255 quiduis
1247 1207 1464 1256 garrimus.
1525 1207 1604 1246 Ille
1633 1210 1696 1246 tot
1720 1222 1756 1253 15

92 1260 228 1299 modis
247 1260 328 1299 fuit
347 1260 729 1299 lacessitus—hunc
750 1259 863 1297 enim
889 1258 1029 1298 studio
1055 1262 1269 1309 expetunt,
1293 1274 1345 1298 ne
1365 1261 1463 1310 quid
1486 1262 1697 1300 offendant

92 1315 225 1365 magis
263 1315 548 1362 masculos—3
597 1328 672 1353 nec
710 1327 897 1364 vnquam
943 1316 1084 1352 tamen
1126 1314 1268 1353 audiui
1312 1315 1436 1353 illum
1476 1317 1697 1367 quicquam

92 1369 367 1418 impotentius
386 1368 640 1419 loquentem.

147 1423 180 1462 Ο
195 1426 340 1474 pectus
358 1437 454 1462 vere
475 1424 788 1462 Christianum!
837 1421 960 1461 Modo
981 1436 1077 1461 cum
1097 1423 1231 1462 Paulo
1252 1424 1412 1462 contuli
1434 1425 1667 1474 Rutgerum
1684 1440 1694 1473 ;

92 1478 163 1528 qui
191 1478 268 1517 hac
298 1480 406 1517 certe
437 1480 552 1528 parte
582 1478 726 1524 vincit,
758 1477 868 1527 quod
898 1477 969 1527 qui
998 1476 1180 1517 Paulum
1210 1477 1457 1527 affligebant,
1489 1480 1692 1527 errabant,
1719 1497 1758 1518 20

91 1533 295 1571 nimirum
323 1533 450 1573 alieni
478 1546 502 1571 a
530 1533 785 1582 professione
820 1530 1100 1581 Euangelica;
1139 1532 1185 1570 hi
1216 1545 1403 1582 proceres
1437 1533 1696 1573 Christianae

93 1587 313 1636 doctrinae,
349 1589 586 1637 prudentes,
624 1588 674 1625 de
709 1586 937 1635 composito
977 1586 1078 1625 haec
1117 1586 1349 1636 designant.
1411 1587 1696 1627 Inhibuerunt

91 1644 132 1680 et
152 1642 376 1690 Nesenum,
401 1655 643 1694 aggressum
664 1641 972 1691 Geographiam
993 1640 1219 1690 Pomponii
1238 1640 1370 1680 Melae
1387 1656 1396 1690 ;
1426 1642 1497 1692 qui
1526 1643 1561 1680 si
1582 1642 1696 1681 domi

91 1709 190 1735 suae
218 1697 394 1747 lupanar
422 1697 589 1747 aliquod
618 1695 878 1742 instituisset,
903 1695 1142 1734 tolerandus
1173 1697 1271 1734 erat.
1330 1696 1363 1734 Ο
1385 1699 1572 1735 sanctam
1592 1698 1695 1736 Aca-

93 1751 289 1796 demiam,
310 1752 345 1789 si
372 1765 468 1791 cum
493 1751 586 1790 aliis
610 1751 868 1789 conferatur!
902 1749 973 1787 sed
1001 1750 1174 1800 dignam
1203 1750 1296 1788 aliis
1317 1764 1494 1800 quorum
1523 1752 1696 1790 arbitrio
1718 1767 1732 1788 2
1740 1769 1756 1799 5

92 1808 358 1856 temperetur.
420 1806 525 1845 Mihi
555 1805 700 1843 multis
735 1804 870 1842 modis
900 1803 1067 1842 videtur
1095 1804 1174 1842 hoc
1208 1806 1358 1843 mereri
1393 1805 1614 1856 Rutgerus,
1648 1808 1695 1845 vt

92 1860 158 1898 illi
186 1860 394 1908 salarium,
420 1860 529 1911 quod
557 1860 641 1898 iam
669 1859 808 1908 aliqua
836 1858 1025 1908 portione
1050 1861 1113 1896 est
1136 1861 1318 1906 auctum,
1344 1863 1543 1910 augeatur
1563 1874 1695 1910 vsque

91 1915 143 1953 ad
165 1916 390 1953 octodecim
409 1916 549 1954 libras.
593 1914 653 1952 De
674 1914 913 1952 Professore
935 1913 1086 1951 Latino
1106 1916 1371 1963 prospectum
1393 1918 1466 1963 est,
1491 1915 1536 1953 ni
1556 1915 1692 1962 fallor,

92 1982 144 2007 ex
172 1969 304 2007 animi
331 1970 460 2008 vestri
487 1968 705 2008 sententia.
766 1968 826 2006 De
856 1967 1047 2005 Hebraeo
1075 1981 1159 2005 non
1194 1981 1365 2017 possum
1399 1969 1593 2016 iudicare,
1624 1969 1696 2007 sed

93 2024 309 2062 consulam
328 2037 396 2063 eos
417 2025 489 2074 qui
508 2024 598 2062 sine
620 2022 746 2061 dubio
766 2023 950 2071 possunt.
994 2021 1296 2061 Excellentiam
1309 2025 1428 2061 tuam
1442 2022 1694 2062 incolumem
1717 2037 1758 2068 30

93 2080 230 2116 seruet
250 2078 368 2117 Iesus
389 2078 572 2128 optimus
591 2076 811 2116 maximus.

149 2133 326 2171 Louanii
347 2133 500 2172 calend.
525 2131 740 2171 Decembr.
799 2132 923 2169 Axxo
943 2142 1124 2169 M.D.x1x.

267 2229 297 2257 9.
325 2219 576 2258 Barptolemeo
592 2221 629 2249 H
640 2229 648 2249 ε
671 2217 939 2258 Bai-ptolemaeo
955 2216 1001 2247 N¹
1011 2220 1106 2248 Lond.
1125 2228 1133 2248 t
1157 2217 1456 2258 Barptholomaeo
1473 2218 1528 2250 Xss.

138 2328 168 2348 2.
198 2318 347 2359 Paulus]
372 2317 463 2356 Eph.
485 2326 515 2356 3.
545 2325 570 2354 1,
597 2328 626 2355 4.
653 2325 692 2355 1;
724 2325 743 2345 2
763 2315 859 2346 Tim.

925 2316 1029 2347 tured
1047 2327 1093 2347 011
1111 2317 1188 2347 him
1206 2319 1242 2348 at
1259 2318 1420 2349 Louvain
1438 2319 1477 2348 in
1493 2318 1573 2350 Feb.
1592 2328 1694 2358 1522:

97 2370 124 2392 1.
143 2362 186 2400 8;
211 2361 363 2392 Philem.
386 2371 412 2399 1,
431 2370 460 2399 9.

927 2370 984 2391 see
1002 2360 1109 2391 EHR.
1129 2361 1214 2392 xxii.
1235 2371 1306 2399 747.

137 2415 167 2445 9.
195 2403 464 2444 Bartholomeo]
486 2403 644 2442 Perhaps
661 2403 758 2433 Bart.
776 2403 860 2434 Gra—

94 2449 184 2488 vius,
226 2449 306 2480 who
344 2458 416 2478 was
457 2446 668 2478 afterwards
706 2445 860 2477 Rescius'

93 2495 241 2532 partner
257 2493 295 2523 in
314 2491 488 2531 printing,
508 2490 580 2521 and
599 2491 681 2520 who
702 2490 786 2521 took
804 2489 862 2521 his

95 2537 219 2576 degree
243 2538 279 2566 at
303 2535 474 2566 Louvain.
532 2535 595 2565 See
620 2534 694 2565 BN.
722 2544 755 2565 v.
787 2543 856 2564 112.

92 2580 192 2611 Bart.
227 2579 270 2609 de
300 2578 457 2609 Wessem
488 2579 567 2618 (Ep.
602 2587 695 2616 1051.
731 2578 792 2616 811)
829 2578 859 2607 is

94 2623 247 2664 possible
262 2623 326 2653 but
343 2622 412 2653 less
423 2622 556 2662 likely;
580 2621 635 2652 for
650 2624 689 2652 in
708 2621 765 2652 his
781 2632 859 2652 case

94 2677 191 2697 some
215 2667 296 2697 title
312 2667 430 2706 might
447 2666 537 2696 have
562 2666 651 2696 been
675 2665 854 2705 expected.

94 2711 272 2741 Whoever
296 2710 326 2740 it
343 2719 425 2747 was,
442 2718 589 2749 appears
605 2712 641 2739 to
663 2709 753 2739 have
771 2710 861 2740 been

95 2753 294 2785 concerned
306 2754 344 2785 in
357 2753 419 2784 the
430 2752 685 2793 presentaffair
694 2753 784 2783 with
797 2754 859 2783 the

97 2798 232 2829 Rcctor.

144 2851 191 2880 17.
219 2841 330 2881 magis
346 2837 536 2879 masculos]
554 2840 621 2870 For
637 2840 791 2871 Rescius'
809 2850 862 2870 rv-

97 2886 210 2925 tiring
225 2884 408 2915 character
424 2884 465 2914 cf.
486 2884 549 2924 Ep.
572 2892 663 2922 1237.

142 2938 193 2967 23.
223 2926 419 2967 Nesenum]
444 2927 496 2958 Cf.
537 2927 734 2967 Epp.1104.
763 2928 857 2966 25⁴8,

99 2981 188 3002 1111.
210 2973 306 3002 61—2.

185 3014 314 3056 Melae]
355 3014 461 3044 Vives
500 3014 757 3054 subsequently
792 3015 859 3045 lvc-

971 2405 1022 2434 28.
1051 2405 1197 2445 Latino]
1212 2405 1401 2436 Goelenius
1414 2406 1492 2446 (Ep.
1511 2406 1607 2446 1209)
1623 2407 1695 2438 had

924 2447 1000 2486 just
1018 2449 1107 2478 been
1119 2448 1313 2488 appointed
1328 2452 1363 2480 to
1376 2450 1523 2480 succeed
1539 2450 1697 2482 Barland

931 2492 986 2532 gcf.
1008 2492 1096 2531 Epp.
1119 2501 1211 2530 1050,
1235 2492 1277 2532 1).

971 2545 1021 2575 29.
1052 2535 1232 2576 Hebraeo]
1251 2536 1353 2566 Matt.
1372 2536 1509 2567 Adrian
1525 2537 1604 2578 (Ep.
1619 2538 1693 2569 686.

926 2580 988 2619 511)
1008 2579 1078 2609 had
1096 2580 1184 2610 been
1200 2580 1390 2610 succeeded
1415 2581 1461 2618 by
1477 2590 1523 2611 an
1545 2581 1697 2621 English

927 2622 1108 2661 Hebraist,
1139 2623 1238 2654 Robt.
1270 2623 1466 2659 Wakefeld,
1498 2624 1580 2654 who
1611 2625 1698 2665 only

930 2666 1012 2696 held
1031 2667 1087 2696 1113
1104 2666 1202 2697 chair
1217 2667 1272 2697 for
1282 2667 1362 2698 four
1372 2668 1529 2707 months,
1550 2678 1563 2698 1
1583 2670 1698 2708 Aug.—

931 2720 945 2740 1
971 2710 1053 2741 Dec.
1083 2719 1187 2749 1519;
1215 2711 1286 2741 and
1308 2714 1580 2750 arrangements
1603 2722 1696 2743 were

930 2764 1009 2784 now
1033 2764 1219 2793 necessary
1243 2756 1279 2785 to
1303 2754 1355 2784 fill
1381 2755 1439 2784 1113
1463 2754 1572 2794 place.
1622 2756 1695 2786 The

929 2807 1105 2828 successor
1134 2798 1339 2837 appointed,
1367 2798 1468 2829 Robt.
1495 2799 1694 2839 Shirwood,

929 2842 1002 2870 also
1049 2850 1093 2871 an
1141 2841 1389 2881 Englishman,
1438 2842 1570 2872 retii-cd
1622 2843 1696 2872 ·in-

928 2884 1145 2924 floriously’
1175 2885 1266 2915 after
1294 2895 1312 2915 a
1338 2886 1478 2916 inonth.
1525 2886 1589 2917 See
1614 2887 1692 2917 Val.

930 2929 1102 2967 Andreas,
1127 2938 1184 2968 pp.
1211 2929 1329 2967 283-4,
1357 2929 1462 2968 Neve,
1490 2930 1560 2960 and
1586 2930 1693 2960 DNB.

930 2972 1138 3011 Campensis
1161 2981 1234 3003 was
1263 2973 1325 3003 1110
1357 2972 1431 3003 first
1460 2976 1496 3003 to
1523 2972 1608 3003 hold
1633 2974 1695 3003 the

928 3016 1028 3046 chair
1045 3015 1099 3046 for
1115 3025 1185 3054 any
1201 3015 1326 3055 length
1342 3016 1380 3046 of
1393 3016 1492 3048 time.
