1990 3353
89 145 212 198 1061]
603 141 757 182 FROM
795 141 1049 180 EDWARD
1086 141 1193 179 LEE
1605 142 1682 181 169

84 256 321 306 indulgens,
350 255 467 294 nullo
495 255 605 293 certo
632 256 877 303 argumento
904 266 980 291 nec
1009 252 1260 291 testimonio.
1321 252 1415 290 Imo
1444 265 1517 290 nec
1550 265 1680 290 vnum

84 312 235 349 testem
256 310 434 361 proferre
454 311 571 359 potes
590 308 662 358 qui
687 321 872 358 vnquam
898 306 1107 346 audiuerit
1135 320 1213 354 me,
1244 308 1359 344 extra
1385 309 1678 355 argumentum

84 365 210 403 huius
238 363 532 414 disputationis
559 362 610 400 de
638 362 756 400 Nouo
785 362 1052 400 Testamento
1081 363 1154 399 tuo
1176 363 1217 398 et
1240 360 1521 398 defensionem
1545 373 1681 398 meam

84 422 228 457 contra
265 418 506 465 calumnias,
547 417 591 454 in
629 419 670 455 te
709 416 930 466 quicquam
969 418 1124 453 temere
1157 414 1427 453 effutientem.
1487 414 1682 453 Christus

83 473 311 511 retundens
347 471 599 511 calumniam
636 470 848 519 respondit
888 469 1154 509 daemonium
1193 482 1236 507 se
1273 482 1358 507 non
1397 468 1557 506 habere.
1625 468 1680 507 Et
1702 481 1765 513 390

83 527 244 566 Paulus
273 526 398 565 Petro
427 526 581 565 restitit
610 525 840 563 secundum
869 523 1016 562 faciem
1045 524 1142 574 quia
1171 537 1256 562 non
1287 525 1397 561 recte
1426 522 1677 562 ambulabat.

84 582 139 620 Et
159 595 232 619 cur
251 595 335 619 non
362 580 468 619 mihi
495 580 617 618 liceat
643 579 710 618 his
737 578 940 628 exemplis
964 578 1064 616 hinc
1091 578 1320 616 calumnias
1343 576 1558 626 depellere,
1581 576 1679 615 hinc

83 636 253 674 fratrem
275 638 481 673 errantem
502 634 680 683 ingenue
700 633 900 671 monere?
947 632 1060 671 Haec
1079 632 1237 671 faciens
1256 631 1292 670 si
1311 634 1353 669 te
1374 631 1544 678 offendi,
1563 631 1681 669 nulla

83 703 176 728 mea
195 690 314 739 culpa
332 692 404 736 est,
429 689 500 727 sed
520 691 602 735 tua,
627 689 697 737 qui
717 688 825 737 quod
845 700 1026 736 aequum
1051 689 1112 725 est
1140 700 1224 725 non
1249 685 1420 736 patiaris
1438 685 1482 724 in
1509 687 1550 724 te
1575 685 1676 733 fieri,

83 757 214 793 quum
234 757 450 793 nunquam
471 756 602 781 cesses
628 755 730 792 quae
756 741 1019 791 iniquissima
1043 743 1144 780 sunt
1169 741 1310 779 facere.
1373 740 1490 789 Quod
1517 740 1552 778 si
1579 740 1678 790 quid
1702 754 1763 786 395

82 798 205 848 paulo
224 797 402 848 amplius
422 798 534 836 iusto
553 797 733 835 excussit
752 796 860 834 mihi
880 795 1005 840 calor,
1025 796 1127 835 dum
1153 809 1220 833 me
1246 808 1389 844 purgo,
1410 808 1495 832 non
1521 794 1563 832 id
1592 798 1679 833 tam

81 866 207 901 graue
234 855 323 891 erat
351 855 397 891 vt
426 865 510 889 non
537 851 620 890 nisi
648 849 1027 900 impudentissimis
1055 863 1102 888 ac
1131 849 1462 888 mendacissimis
1491 849 1680 887 crimina·

82 906 267 945 tionibus
292 907 336 944 in
364 906 581 955 publicum
610 905 755 944 efflatis
783 904 968 954 potuerit
992 903 1210 943 vindicari.
1266 903 1409 942 Vnum
1435 903 1541 941 illud
1569 903 1679 953 quod

81 960 258 999 memini
276 963 318 999 te
344 974 510 998 mecum
530 959 823 1009 expostulasse,
846 959 954 1009 quod
975 958 1020 996 in
1040 959 1174 997 literis
1193 958 1244 996 ad
1265 958 1447 996 amicum
1468 960 1508 996 te
1529 957 1679 996 faciam

79 1015 424 1054 calumniatorem
445 1015 659 1053 literarum
680 1027 900 1061 sacrarum,
923 1026 998 1051 nec
1017 1013 1245 1051 admodum
1264 1012 1428 1050 inficior
1452 1025 1529 1050 nec
1556 1012 1681 1062 plane
1700 1022 1764 1054 400

80 1071 218 1109 certus
238 1083 331 1108 sum
352 1083 404 1108 an
424 1069 482 1107 sic
501 1069 747 1119 scripserim.
806 1068 928 1106 Forte
948 1067 1069 1117 paulo
1088 1067 1262 1105 liberius
1280 1067 1443 1105 effutiui
1464 1066 1679 1116 quippiam

80 1124 132 1162 ad
162 1124 343 1162 amicum
371 1123 580 1173 quendam
610 1137 696 1161 non
725 1135 872 1161 verum
901 1123 972 1160 sed
1001 1123 1199 1169 fucatum,
1231 1134 1304 1159 nec
1333 1134 1488 1169 meum,
1518 1123 1563 1160 vt
1590 1134 1680 1159 sero

82 1178 209 1217 nimis
244 1178 364 1225 sensi,
401 1179 469 1216 sed
505 1180 638 1225 tuum,
675 1178 761 1215 imo
800 1177 884 1215 mei
915 1176 1024 1225 apud
1063 1179 1103 1214 te
1142 1175 1408 1226 proditorem.
1466 1175 1510 1214 Is
1548 1188 1679 1225 quum

82 1232 278 1282 vtrinque
293 1232 473 1270 nimium
490 1232 692 1270 officiosus
708 1231 816 1269 mihi
830 1232 1021 1281 proderet
1037 1244 1138 1281 quae
1154 1230 1307 1280 partim
1323 1243 1372 1268 ex
1388 1232 1439 1277 te,
1460 1230 1614 1280 partim
1628 1243 1679 1268 ex

81 1286 167 1324 tuis
200 1287 393 1335 audisset,
428 1286 534 1324 mihi
568 1299 652 1324 non
687 1286 787 1324 satis
820 1288 945 1335 grata,
982 1298 1111 1335 quum
1146 1298 1230 1323 non
1260 1284 1485 1323 admodum
1514 1285 1679 1323 vacaret
1698 1295 1760 1327 405

79 1341 312 1389 rescribere,
336 1344 376 1379 et
396 1342 536 1379 tamen
556 1342 721 1390 vrgeret
740 1342 786 1378 vt
806 1340 1114 1390 responderem,
1135 1340 1270 1377 nescio
1295 1339 1329 1377 si
1350 1339 1449 1389 quid
1475 1339 1678 1378 feruidius

81 1395 126 1433 in
146 1395 220 1434 illo
239 1398 353 1434 aestu
373 1395 669 1434 emurmuraui.

134 1450 291 1488 Verum
312 1451 412 1496 esto,
437 1450 495 1488 ita
514 1450 595 1487 sit:
625 1449 689 1487 vel
711 1449 746 1487 si
767 1448 849 1486 tale
870 1447 969 1498 quid
988 1448 1113 1486 etiam
1135 1448 1185 1486 ad
1207 1447 1308 1486 alios
1335 1448 1490 1486 amicos
1518 1447 1676 1497 scripsi,

79 1506 300 1554 postquam
327 1506 373 1542 tu
401 1517 468 1542 me
493 1504 577 1542 iam
604 1504 844 1542 traduxeras
870 1516 956 1541 non
982 1503 1124 1552 paucis
1149 1502 1192 1539 in
1214 1502 1328 1549 locis,
1353 1516 1438 1540 non
1458 1504 1519 1540 est
1543 1502 1678 1541 adhuc

79 1558 157 1596 hoc
175 1561 262 1597 tam
283 1557 466 1608 capitale,
485 1557 648 1608 quando
667 1558 708 1596 id
730 1558 814 1596 iam
835 1557 997 1606 negocii
1014 1557 1161 1606 agitur,
1181 1559 1228 1594 vt
1243 1557 1321 1594 hoc
1336 1557 1520 1606 probem.
1561 1556 1677 1604 Quod
1698 1564 1762 1596 4¹0

80 1612 124 1650 ni
142 1613 382 1663 probauero,
404 1612 533 1651 cecidi
552 1625 576 1650 a
594 1624 725 1651 causa.
776 1612 860 1650 Nec
879 1614 995 1650 extra
1014 1624 1179 1649 causam
1198 1613 1272 1658 est,
1295 1611 1331 1649 si
1349 1611 1427 1649 hoc
1448 1610 1547 1649 dixi.
1598 1610 1677 1649 Sed

79 1680 179 1716 rogo
199 1669 249 1716 te,
273 1680 368 1706 sum
389 1680 463 1717 ego
484 1666 564 1705 tibi
584 1667 933 1712 eircunforaneus,
956 1665 1074 1713 leuis,
1096 1665 1348 1711 inconstans,
1373 1678 1443 1714 per
1465 1668 1678 1704 momenta

79 1721 124 1758 in
146 1735 255 1760 noua
275 1723 473 1769 mutatus,
494 1721 627 1759 nullis
646 1734 731 1758 non
754 1720 930 1770 negotiis
945 1720 1119 1766 illectus,
1138 1722 1179 1758 et
1199 1719 1458 1758 errabundus
1473 1720 1645 1769 Vlysses
1658 1721 1678 1759 ⁶?

79 1778 125 1813 vt
152 1790 218 1814 me
244 1776 500 1815 ardelionem
524 1788 659 1819 voces,
681 1775 752 1813 sed
779 1775 987 1813 elemento
1013 1775 1148 1824 primo
1173 1787 1197 1812 a
1216 1774 1300 1811 fine
1324 1775 1502 1821 mutato„
1524 1788 1606 1824 quo
1626 1775 1676 1813 ad

79 1832 272 1869 nostrum
293 1843 445 1869 nomen
465 1830 597 1879 magis
616 1829 788 1868 alludas.
848 1829 937 1868 Risi
957 1832 1065 1867 certe
1079 1829 1383 1867 humanitatem
1403 1831 1520 1867 tuam
1547 1842 1677 1878 quum
1696 1837 1758 1868 4¹5

79 1884 264 1933 primum
294 1885 372 1923 hoc
400 1885 590 1934 legerem,
617 1884 689 1933 qui
709 1897 776 1922 me
801 1883 996 1921 omnibus
1025 1884 1283 1921 ornamentis
1311 1883 1396 1921 tuis
1426 1883 1600 1930 decores,
1629 1886 1676 1922 vt

79 1939 189 1977 nihil
209 1952 334 1988 prope
358 1939 437 1978 tibi
464 1938 613 1988 reliqui
639 1938 776 1977 facias.
834 1938 1019 1984 Possem,
1049 1937 1084 1975 si
1110 1937 1274 1983 vellem,
1297 1937 1376 1975 hoc
1403 1937 1444 1975 in
1471 1939 1512 1975 te
1538 1937 1677 1986 aptius

78 1996 339 2042 retorquere;
393 1993 464 2032 sed
510 2006 595 2031 non
633 1992 791 2041 faciam,
842 2005 916 2030 nec
962 1992 1185 2030 admodum
1232 2005 1334 2041 opus
1372 1992 1506 2029 fuerit.
1568 1991 1675 2030 Nam

78 2047 280 2086 Erasmus
300 2047 423 2097 probe
443 2049 568 2086 notus
588 2049 660 2085 est.
722 2047 852 2085 Porro
872 2046 976 2084 illud
997 2059 1122 2096 quam
1143 2046 1252 2096 sapit
1278 2046 1524 2084 modestiam
1546 2048 1677 2090 tuam,

78 2102 186 2150 quod
216 2115 284 2140 me
313 2102 355 2140 in
382 2102 570 2151 epistolis
595 2102 645 2140 ad
672 2101 828 2140 amicos
854 2101 1033 2150 quodam
1057 2101 1146 2138 loco
1167 2100 1422 2138 virulentam
1442 2100 1676 2143 bestiolam,
1694 2109 1758 2140 420

77 2156 231 2194 alicubi
263 2158 506 2205 portentum
539 2156 678 2195 verius
712 2169 835 2205 quam
870 2155 1097 2202 hominem,
1132 2155 1284 2193 alicubi
1322 2154 1531 2204 insignem
1566 2167 1677 2204 syco-

79 2210 281 2259 phantam
308 2211 462 2250 vocas?
516 2211 577 2248 At
603 2210 709 2248 illud
738 2223 863 2260 quam
892 2209 1003 2247 nihil
1029 2210 1079 2248 ad
1107 2222 1195 2247 rem
1216 2209 1405 2258 pertinet,
1430 2209 1512 2246 nisi
1533 2211 1579 2247 vt
1598 2221 1678 2258 pus

78 2277 285 2314 nusquam
302 2278 385 2303 non
401 2277 573 2312 excrees,
589 2264 696 2314 quod
713 2277 779 2302 me
794 2264 1132 2307 homuncionem,
1146 2264 1361 2313 pallidum,
1377 2263 1678 2307 macillentum,

76 2332 101 2356 0
121 2332 244 2369 quam
265 2319 466 2358 inoffenso
486 2319 711 2366 stomacho,
733 2319 947 2357 nominas!
987 2318 1031 2356 Si
1051 2318 1156 2355 mihi
1175 2318 1301 2355 etiam
1323 2317 1444 2355 liceat
1459 2317 1678 2367 paululum

79 2373 265 2422 ineptire,
288 2374 536 2423 proceritate
556 2377 695 2411 tecum
722 2375 847 2417 certo,
874 2372 974 2422 quin
1002 2373 1140 2410 verius
1166 2376 1205 2410 te
1233 2373 1434 2421 despecto.
1494 2371 1678 2410 Crassior
1695 2382 1757 2413 425

76 2428 292 2477 aliquanto
321 2440 386 2465 1110
415 2441 469 2466 es.
530 2427 707 2465 Palloris
737 2429 778 2465 et
807 2427 953 2465 maciei
982 2439 1085 2476 pene
1115 2439 1245 2476 aequa
1273 2428 1383 2464 sorte
1409 2439 1570 2473 sumus,
1595 2426 1677 2464 nisi

76 2482 176 2530 quid
198 2482 292 2531 plus
312 2484 358 2520 tu
378 2484 469 2520 tum
491 2482 763 2531 pertinaciore
784 2481 922 2519 studio
942 2483 1033 2519 tum
1054 2482 1187 2519 aetate
1211 2494 1294 2518 non
1317 2480 1438 2529 paulo
1459 2480 1675 2529 grandiore

76 2537 342 2575 contraxeris.

132 2591 289 2629 Verum
309 2589 510 2628 succurrit
527 2590 634 2628 mihi
650 2590 750 2640 quid
767 2589 845 2628 tibi
862 2589 1108 2628 blandiatur.
1169 2589 1276 2627 Sunt
1291 2589 1359 2639 qui
1375 2591 1415 2627 te
1431 2591 1674 2639 nuncupent

119 2736 196 2774 389.
225 2733 404 2775 Christus]
429 2733 525 2765 John
544 2734 574 2764 8.
594 2743 646 2772 49.
908 2735 955 2771 v⁰,
974 2731 1018 2762 E3
1034 2735 1082 2772 v0,
1101 2743 1158 2772 pp.
1179 2742 1252 2772 501,
1273 2743 1345 2771 517.

119 2788 194 2818 391.
221 2778 370 2819 Paulus]
397 2778 472 2808 Gal.
493 2787 523 2807 2.
546 2787 591 2808 11.
951 2786 1024 2814 414.
1050 2776 1291 2817 ardelionem]
1316 2776 1366 2807 Cf.
1387 2777 1494 2816 l.373.

121 2832 195 2860 403.
220 2820 665 2861 proditorem]Evidently
676 2820 846 2860 Lypsius;
951 2829 1025 2857 420.
1052 2821 1090 2850 in
1119 2820 1299 2860 epistolis]
1326 2821 1378 2852 Cf.
1396 2821 1480 2860 Epp.
1501 2821 1574 2859 906.
1596 2830 1670 2858 444,

74 2867 119 2896 cs.
138 2866 226 2905 Epp.
241 2875 303 2904 912
320 2864 463 2903 introd.,
479 2874 554 2903 922.
566 2874 662 2902 30—4‚
677 2865 752 2902 960.
774 2866 844 2900 1—6,
906 2864 980 2901 448.
1000 2873 1074 2902 455,
1093 2873 1168 2902 999.
1182 2873 1322 2902 315-21.

80 2918 172 2948 1074.
196 2909 311 2947 105-8,
332 2908 403 2939 and
420 2908 456 2938 ll.
483 2908 568 2945 76-ss
590 2917 696 2944 supra.
741 2908 844 2937 From
949 2917 1023 2945 425.
1051 2907 1279 2947 proceritate]
1305 2907 1416 2937 These
1436 2907 1528 2937 lim-s
1543 2907 1673 2936 contri-

75 2953 139 2983 the
163 2956 252 2989 Apol.
275 2962 336 2989 qua
354 2954 521 2989 respondet,
537 2952 577 2981 1'0.
595 2951 635 2981 (3³
653 2954 702 2990 νυ,
725 2951 845 2981 Jortin
906 2951 989 2980 bute
1018 2952 1220 2990 something
1247 2954 1282 2981 to
1311 2961 1375 2981 our
1403 2950 1610 2988 knowledge
1639 2951 1676 2979 ol'

78 2997 114 3026 ii.
130 3005 206 3035 507,
226 2997 255 3026 it
272 2996 301 3025 is
321 2995 415 3025 clear
438 2995 518 3024 that
543 2995 605 3024 the
629 2995 757 3024 traitor
774 3004 844 3024 was
906 2994 1085 3024 Erasmus'
1109 2995 1273 3034 persona]
1298 3004 1536 3034 appearaan
1560 2994 1603 3024 cf.
1622 3002 1669 3022 xv.

75 3048 123 3070 au
150 3039 280 3071 Austin
308 3049 421 3069 canon
440 3049 447 3076 ;
471 3039 513 3069 cf.
544 3038 617 3067 also
647 3037 734 3068 ibid.
752 3038 784 3069 ff.
803 3038 845 3067 13²
905 3048 969 3078 529
986 3047 1054 3076 seq.
1076 3038 1145 3068 and
1165 3039 1225 3077 Ep.
1246 3048 1320 3077 999.
1341 3047 1421 3076 3411.
