1990 3353
291 132 372 171 502
765 132 1016 172 LETTERS
1054 133 1125 171 OF
1162 132 1426 172 ERASMUS
1763 132 1885 187 [1521

216 258 274 289 130
292 241 422 291 prodi,
447 255 576 292 quum
601 241 687 280 sint
710 240 780 291 qui
806 241 893 279 nati
915 241 1069 280 Gratiis
1092 242 1221 289 iratis,
1246 243 1353 281 nihil
1383 256 1466 282 non
1494 243 1820 292 interpretentur
1845 244 1889 282 in

292 298 453 345 partem
487 297 680 345 peiorem.
740 296 1045 345 Saepenumero
1079 296 1127 334 fit
1156 300 1202 334 vt
1231 298 1337 347 quod
1368 297 1412 335 in
1450 298 1642 336 conuiuio
1675 300 1746 336 aut
1779 298 1891 336 inter

293 350 490 388 candidos
522 349 797 388 homunculos
829 350 987 388 dictum
1018 351 1195 401 gratiam
1222 351 1359 399 habet,
1388 352 1424 390 si
1449 352 1561 390 idem
1588 351 1676 390 loco
1704 365 1788 389 non
1815 365 1888 391 suo

293 405 463 451 dicatur,
486 407 641 443 atroces
665 405 814 442 excitet
838 404 1081 453 tragoedias.
1143 406 1234 444 Hac
1260 406 1425 456 quidem
1458 406 1508 444 de
1534 419 1653 444 causa
1680 406 1889 455 pauciores

292 458 590 497 admiscuimus
610 472 660 496 ex
680 458 732 496 iis
752 458 903 508 quibus
922 459 1230 507 respondemuS,
1254 462 1295 498 et
1314 462 1455 498 tamen
1473 460 1629 510 aliquot
1648 460 1887 510 adiecimus,

212 524 271 556 ¹35
292 514 535 562 praesertim
557 513 834 551 eruditorum:
865 513 1017 562 partim
1045 514 1152 563 quod
1180 527 1247 552 me
1273 514 1454 564 piguerit
1478 514 1631 553 laboris
1655 528 1779 564 quem
1806 518 1891 553 An-

292 566 409 616 gelus
443 568 680 606 Politianus
710 568 792 605 fere
821 568 962 613 sumit,
993 567 1037 606 in
1067 568 1289 617 repetendo
1324 571 1571 617 argumento
1601 569 1796 619 epistolae
1823 570 1891 607 cui

292 621 504 668 rescribit;
534 621 687 671 partim
707 622 830 671 quod,
847 623 893 659 vt
913 622 1040 660 addas
1057 625 1363 673 argumentum,
1383 623 1539 673 aliquid
1560 625 1702 661 tamen
1722 623 1827 662 lucis
1845 636 1892 662 ac

292 676 402 714 vitae
423 676 588 714 videtur
608 675 758 722 deesse,
782 676 826 714 ni
845 676 963 725 prius
981 676 1092 725 legas
1111 689 1202 714 eam
1223 677 1273 715 ad
1294 690 1419 727 quam
1441 678 1722 727 respondetur.

347 730 501 777 Habes,
524 730 736 778 Rhenane,
756 730 884 768 totius
905 730 1067 769 consilii
1087 731 1170 769 mei
1190 731 1404 770 rationem.
1464 731 1582 770 Nihil
1602 734 1787 781 superest
1808 732 1892 770 nisi

213 796 274 829 140
292 787 338 823 vt
355 785 538 833 primum
554 787 596 823 te
611 798 753 833 rogem
769 787 814 822 vt
830 785 873 822 in
890 785 1049 823 delectu
1065 786 1255 824 animum
1271 786 1400 824 istum
1416 799 1512 824 vere
1527 786 1707 824 amicum
1722 799 1863 825 exeras
1880 801 1888 832 ;

292 839 440 878 deinde
461 852 631 889 superos
649 851 790 888 precer
807 841 854 877 vt
873 841 994 877 tuum
1021 839 1221 878 iudicium
1249 853 1472 890 meumque
1498 841 1742 890 obsequium
1759 840 1893 879 velint

291 906 378 932 esse
404 893 512 940 felix,
537 907 621 932 non
642 893 779 931 solum
803 893 920 941 mihi,
946 893 1016 942 qui
1043 894 1248 932 sodalium
1272 895 1488 933 affectibus
1511 908 1740 944 repugnare
1768 896 1892 945 perti·

292 949 449 986 naciter
468 961 553 986 non
574 961 753 997 possum,
777 948 1053 986 verumetiam
1074 948 1160 986 illis
1183 949 1254 998 qui
1280 950 1357 987 hoc
1378 949 1562 1000 obsequii
1581 949 1737 987 maiore
1756 949 1893 988 studio

293 1015 416 1052 quam
437 1002 589 1040 iudicio
610 1015 632 1039 a
652 1001 772 1041 nobis
792 1004 1064 1040 extorserunt.
1125 1003 1239 1041 Bene
1260 1004 1361 1042 vale.

212 1068 271 1100 145
348 1057 535 1095 Louanii.
560 1059 594 1094 6.
618 1057 691 1095 cal.
713 1056 863 1094 iunias.
887 1053 1034 1108 [Anno
1054 1054 1240 1109 M.D.xx.]

702 1231 828 1272 1207.
890 1229 1022 1271 FROM
1055 1229 1196 1270 BAsiL
1227 1204 1500 1273 AiibassACH.

340 1330 451 1366 Basle
471 1330 547 1366 MS.
568 1331 610 1367 G.
630 1331 679 1367 II.
701 1337 773 1377 13³.
792 1342 825 1377 9.
1651 1334 1769 1370 Basle.

1578 1403 1624 1438 30
1640 1393 1728 1438 May
1749 1402 1851 1439 1521.

338 1480 412 1522 [An
439 1481 590 1521 original
619 1482 853 1522 manuscript,
879 1483 1077 1522 autograph
1103 1483 1347 1523 throughout;
1371 1484 1442 1515 and
1466 1484 1680 1524 apparently
1702 1483 1765 1515 the
1791 1485 1897 1516 letter

294 1524 453 1564 actually
476 1528 568 1565 sent,
595 1527 692 1556 since
718 1527 747 1557 it
772 1526 802 1556 is
825 1526 956 1565 folded,
984 1528 1055 1566 cut,
1082 1527 1154 1557 and
1182 1527 1310 1558 scaled.
1357 1528 1427 1558 But
1453 1537 1491 1559 as
1514 1529 1544 1559 it
1568 1538 1642 1558 was
1664 1528 1897 1568 presumably

293 1569 430 1599 carried
460 1569 506 1609 by
533 1569 712 1600 Erasmus'
742 1579 823 1600 own
852 1579 1055 1609 messenger
1074 1570 1113 1611 (1.
1130 1570 1202 1611 30),
1229 1572 1257 1601 it
1284 1571 1313 1600 is
1338 1574 1399 1602 not
1425 1572 1518 1602 clear
1540 1571 1626 1611 why
1647 1572 1676 1602 it
1700 1571 1829 1602 should
1852 1572 1894 1602 be

292 1613 481 1652 preserved
498 1623 626 1653 among
643 1613 705 1643 the
722 1613 1079 1644 Amorbach-Froben
1096 1624 1222 1654 papers
1246 1616 1282 1645 at
1306 1615 1427 1646 Basle:
1468 1615 1630 1655 Possibly
1645 1615 1739 1646 after
1758 1616 1896 1656 sealing

293 1656 380 1696 this,
398 1655 497 1687 Basil
514 1657 652 1687 wished
668 1658 704 1688 to
721 1657 825 1688 make
848 1667 945 1688 some
969 1657 1135 1699 changes,
1153 1658 1225 1689 and
1242 1660 1352 1689 wrote
1370 1668 1389 1688 a
1404 1658 1514 1689 fairer
1531 1668 1619 1698 copy
1635 1658 1690 1689 for
1706 1659 1872 1698 dispatch
1887 1671 1895 1698 ;

294 1710 332 1730 or
353 1699 496 1731 Jerome
522 1700 671 1740 Froben,
690 1700 772 1731 who
788 1710 860 1731 was
877 1701 914 1731 in
933 1701 1111 1732 Erasmus’
1134 1703 1270 1733 service
1294 1703 1402 1733 about
1426 1702 1499 1733 this
1524 1703 1611 1733 time
1636 1703 1696 1742 (cf.
1714 1703 1801 1742 Epp.
1818 1712 1894 1742 903.

294 1753 352 1779 2n‚
376 1752 469 1783 1209.
490 1746 552 1783 5n)
571 1754 653 1783 may
670 1745 759 1775 have
775 1744 945 1784 acquired
962 1744 1024 1775 the
1041 1745 1148 1776 letter
1164 1746 1235 1776 and
1252 1746 1337 1785 kept
1354 1747 1399 1783 it.»

336 1787 409 1819 The
426 1788 608 1827 year-date
625 1790 655 1819 is
672 1788 868 1819 confirmed
885 1788 931 1828 by
947 1788 1144 1820 Boniface's
1161 1793 1287 1820 return
1305 1790 1398 1820 from
1414 1789 1611 1830 Avigntnn]

349 1875 569 1914 Primum
606 1888 770 1914 mecum
799 1876 899 1925 agis,
932 1876 1102 1914 vnicum
1141 1877 1270 1916 seculi
1300 1878 1434 1925 decus,
1470 1879 1653 1923 Erasme,
1692 1879 1761 1928 qui
1800 1891 1896 1917 cum

294 1930 653 1968 lucubrationibus
679 1930 763 1969 tuis
788 1929 1099 1968 immortalibus
1125 1944 1192 1969 me
1219 1931 1501 1971 immortalem
1533 1932 1772 1980 reddideris,
1805 1936 1896 1971 tum

294 1984 499 2022 modicam
530 1984 647 2023 illam
672 1984 862 2034 opellam,
886 1998 967 2034 qua
995 1985 1214 2034 aliquoties
1244 1988 1446 2025 secundae
1476 1987 1586 2025 Noui
1616 1986 1895 2026 Instrumenti

294 2039 491 2077 aeditioni
509 2039 680 2089 praefui,
704 2039 811 2077 tanti
830 2040 930 2077 facis
950 2040 997 2076 vt
1016 2052 1111 2078 cum
1131 2040 1248 2078 iuxta
1268 2041 1483 2080 Diomedis
1503 2044 1542 2079 et
1564 2042 1713 2080 Glauci
1732 2054 1894 2090 permu-

258 2105 276 2138 5
295 2094 496 2132 tationem
511 2106 634 2132 aurea
654 2107 728 2143 pro
747 2093 878 2131 aereis
897 2093 1137 2140 reddideris,
1154 2095 1316 2133 nullam
1338 2098 1480 2134 tamen
1496 2096 1630 2134 adhuc
1645 2095 1723 2134 tibi
1741 2096 1894 2134 videris

294 2147 484 2186 retulisse
499 2148 688 2197 gratiam.
730 2147 838 2196 Quid
854 2147 982 2197 igitur
1000 2147 1107 2186 mihi
1126 2148 1332 2188 incumbit
1348 2150 1425 2188 tibi
1441 2150 1637 2188 omnibus
1656 2150 1899 2188 nominibus

295 2202 507 2240 obnoxio?
565 2203 609 2241 Si
637 2202 824 2252 profiteri
852 2202 1034 2248 debeam,
1066 2202 1266 2242 soluendo
1303 2207 1411 2242 certe
1448 2217 1533 2243 non
1572 2217 1677 2251 sum,
1710 2206 1751 2242 et
1788 2204 1898 2243 vltro

296 2269 485 2295 cessurus
518 2256 649 2295 bonis.
719 2256 797 2294 Pro
835 2256 1081 2295 mortalibus
1110 2258 1223 2296 enim
1251 2258 1517 2305 immortalia,
1551 2272 1625 2307 pro
1655 2258 1899 2308 vulgaribus

295 2311 457 2357 eximia,
479 2323 553 2360 pro
573 2311 744 2350 modicis
764 2310 948 2349 maxima
966 2310 1112 2360 accepi.
1163 2311 1243 2350 Sed
1265 2313 1341 2351 hoc
1361 2313 1616 2351 humanitati
1636 2315 1730 2351 tuae
1749 2312 1899 2351 tribue-

237 2375 278 2400 10
296 2365 388 2410 rim,
408 2378 488 2414 qua
508 2365 574 2403 vel
591 2365 756 2403 Gratias
775 2365 885 2414 ipsas
905 2364 1048 2403 vincis.
1100 2365 1241 2404 Patiar
1261 2366 1388 2416 igitur
1406 2380 1474 2405 me
1493 2367 1570 2405 hoc
1589 2367 1711 2413 vinci,
1732 2367 1897 2417 quando

297 2432 405 2457 vnus
424 2432 498 2468 ego
522 2432 543 2457 e
569 2419 759 2468 pluribus
787 2418 1029 2458 huiusmodi
1053 2419 1348 2459 beneficiorum
1374 2434 1522 2471 genere
1549 2424 1688 2459 tecum
1708 2434 1782 2460 nec
1803 2434 1896 2459 con-

297 2473 412 2522 gredi
450 2473 580 2512 velim
619 2487 692 2512 nec
723 2473 890 2523 possim.
951 2472 1045 2511 Non
1075 2476 1214 2512 tamen
1253 2474 1423 2514 interim
1453 2476 1582 2514 deerit
1611 2489 1753 2514 meum
1783 2476 1827 2514 in
1856 2477 1897 2513 te

298 2527 493 2574 studium,
536 2540 628 2566 mea
669 2527 945 2575 obseruantia,
987 2527 1185 2578 quicquid
1233 2528 1274 2567 id
1313 2532 1375 2568 est
1416 2530 1630 2568 referendi.
1707 2529 1823 2578 Quod
1862 2528 1898 2568 si

344 2641 438 2671 1206.
460 2650 531 2681 131.
557 2644 714 2682 peiorem
733 2645 869 2683 partem
887 2644 924 2672 F.
1035 2650 1104 2680 134.
1131 2641 1176 2672 iis
1193 2653 1234 2675 a:
1260 2641 1317 2672 his
1334 2645 1369 2673 F.
1479 2643 1551 2680 136.
1576 2644 1625 2672 F:
1650 2641 1853 2672 Policianus
1868 2651 1900 2671 α.

302 2694 372 2724 137.
402 2688 521 2716 tamen
539 2685 679 2725 aliquid
697 2689 732 2718 F.
849 2695 921 2725 139.
949 2684 1122 2715 Rlienane
1139 2695 1198 2716 om.
1218 2688 1253 2716 F.
1373 2695 1444 2723 142.
1470 2687 1531 2724 qui
1545 2684 1723 2715 sodalium
1740 2709 1748 2716 .
1768 2708 1776 2716 .
1795 2708 1804 2716 .
1826 2693 1896 2723 143.
1918 2708 1919 2711 η

300 2737 370 2758 nou
389 2738 532 2767 possum
550 2732 622 2760 add.
645 2733 680 2761 F.
822 2739 891 2769 145.
918 2729 1029 2759 Anno
1045 2738 1178 2760 maxx.
1201 2731 1274 2759 add.
1295 2731 1337 2759 H.

324 2833 730 2876 1206.136.Politianus]
743 2835 1063 2876 SeeEp.126.129n.
1132 2836 1168 2865 et
1196 2833 1365 2873 Basilius,
1396 2833 1465 2864 viri
1491 2831 1691 2864 doctissimi
1721 2834 1757 2863 et
1785 2832 1898 2863 nostri

325 2876 418 2907 1207.
433 2887 465 2917 3.
481 2878 650 2920 opellam]
663 2879 736 2909 The
747 2880 855 2910 letter
865 2878 1065 2910 attributed
1133 2877 1385 2915 amantissimi,
1400 2878 1491 2908 bona
1502 2876 1572 2908 fide
1586 2886 1650 2907 nos
1661 2875 1877 2907 adiuuerunt
1890 2885 1899 2913 ;

301 2925 337 2954 to
355 2921 491 2953 Froben
507 2923 546 2953 in
564 2922 625 2953 the
641 2922 771 2953 second
788 2922 929 2954 edition
946 2922 984 2954 of
1004 2922 1066 2953 the
1136 2921 1173 2952 id
1200 2920 1294 2960 quod
1322 2920 1396 2951 illis
1423 2929 1559 2951 nouum
1591 2929 1663 2951 non
1695 2920 1781 2950 est'.
1828 2919 1899 2949 But

301 2966 413 3004 N.‘1¹.,
436 2974 528 3006 1519,
558 2975 590 3005 p.
620 2966 693 3004 566,
722 2966 871 2997 testifica
902 2968 938 2998 to
970 2966 1065 2997 this:
1136 2964 1233 2995 Basil
1261 2973 1334 2995 was
1361 2966 1424 2995 not
1450 2963 1536 2994 fond
1564 2964 1601 2994 of
1625 2963 1823 3002 correcting
1846 2963 1899 2994 for

305 3009 1067 3049 ‘SiquidemvtriqueAmorbacchii,Bruno
1135 3008 1198 3039 the
1215 3017 1313 3048 press
1329 3018 1337 3045 3
1361 3008 1404 3038 cf.
1425 3007 1487 3047 Ep.
1505 3017 1581 3047 904.
1598 3017 1676 3045 40n.
