1990 3353
268 120 346 159 114
729 121 980 160 LETTERS
1019 121 1088 159 OF
1126 120 1394 161 ERASMUS
1743 119 1868 174 [1519

266 230 398 270 mihi:
430 243 527 269 nam
547 229 657 268 vitae
677 229 1009 277 sanctimoniam,
1033 243 1158 279 quam
1179 230 1283 268 mihi
1308 230 1460 269 tribuis
1487 232 1684 279 oratione,
1706 231 1871 270 vtinam

209 296 247 328 15
267 284 492 336 aliquando
513 297 587 323 sua
607 284 866 334 benignitate
886 283 994 322 mihi
1014 285 1171 323 tribuat
1191 284 1395 333 Christus,
1417 285 1555 324 omnis
1579 288 1698 324 autor
1724 284 1872 323 sancti-

266 340 432 378 moniae
451 341 460 378 1

324 393 441 442 Quod
463 392 619 431 nostris
632 392 990 431 lucubrationibus
1010 392 1190 431 oblectas
1209 393 1347 431 ocium
1367 395 1500 442 tuum,
1518 393 1621 433 facis
1637 397 1683 432 tu
1703 393 1872 443 quidem

269 448 412 496 amice,
438 447 623 485 facturus
652 446 777 485 etiam
806 446 976 495 vtiliter,
1005 446 1041 485 si
1069 447 1193 486 modo
1222 450 1364 486 nostra
1392 448 1504 498 legas
1537 461 1634 487 cum
1667 447 1874 486 iudicio-—

271 515 403 552 neque
430 501 545 540 enim
575 501 769 550 dogmata
798 500 1044 548 scribimus3
1083 502 1233 540 deinde
1262 502 1297 540 si
1327 504 1419 540 tum
1448 503 1627 552 denique
1657 515 1795 540 sumes
1829 501 1875 539 in

212 570 252 592 20
270 569 421 595 manus
446 555 681 603 Erasmum,
705 567 801 593 cum
828 568 912 593 non
942 556 1058 594 adest
1083 556 1305 594 meliorum
1333 557 1598 596 voluminum
1628 557 1755 606 copia.
1815 556 1876 594 At

271 624 370 649 sane
397 611 531 648 totam
558 610 684 648 istam
713 609 927 659 regionem
956 610 1075 648 nobis
1107 610 1335 649 admodum
1368 611 1560 661 graphice
1594 610 1800 661 depingis,
1829 613 1877 649 vt

272 665 366 715 plus
386 678 511 714 prope
526 664 693 702 videam
712 664 758 702 in
778 664 961 703 oratione
982 666 1054 703 tua
1073 678 1197 715 quam
1217 667 1512 715 conspecturus
1533 666 1685 704 fuerim
1700 665 1736 703 si
1750 664 1877 703 isthic

272 732 404 758 annos
422 718 583 768 aliquot
602 718 790 768 egissem.

328 773 446 821 Quod
488 774 628 811 vestra
667 773 892 811 Germania
929 774 1086 823 passim
1123 773 1355 812 latrociniis
1393 777 1456 813 est
1494 774 1682 820 obnoxia,
1724 773 1878 823 partim

215 838 254 869 25
274 827 420 876 opinor
448 827 493 865 in
524 840 643 865 causa
672 840 761 865 esse
791 827 988 877 reliquias
1017 828 1174 877 priscae
1203 828 1407 876 feritatis3
1445 828 1596 878 partim
1627 829 1737 878 quod
1767 828 1879 877 regio

275 882 448 920 dissecta
467 883 530 920 est
549 881 594 919 in
615 883 678 919 tot
697 881 877 920 ditiones
896 895 942 920 ac
969 882 1155 920 minutos
1180 882 1399 933 principes,
1422 896 1599 932 quorum
1626 896 1750 921 nemo
1776 881 1880 920 velit

275 935 395 975 alteri
432 935 656 974 concedere
671 950 681 983 3
728 936 885 986 partim
924 937 1032 986 quod
1077 936 1194 975 nulla
1238 950 1339 986 gens
1382 937 1567 975 crebrius
1609 936 1882 986 belligeratur

277 990 484 1040 stipendio
518 990 731 1028 conducta.
791 990 858 1029 Ita
890 990 1118 1029 latrociniis
1150 991 1390 1030 exercendis
1428 991 1536 1029 bello
1569 1005 1611 1029 se
1644 993 1803 1041 parant,
1841 992 1883 1028 et

279 1045 386 1083 bello
410 1044 597 1083 defuncti
624 1044 726 1082 belli
756 1045 952 1095 reliquias
977 1048 1180 1084 exercent.
1235 1045 1327 1084 Iam
1358 1058 1453 1084 cum
1482 1045 1600 1084 nulla
1623 1059 1687 1083 res
1713 1045 1769 1084 sit
1793 1046 1882 1082 tam

217 1109 260 1140 30
279 1099 542 1137 incommoda
562 1099 663 1148 quin
683 1099 808 1137 alicui
828 1101 882 1137 sit
897 1100 1128 1147 commodo,
1144 1100 1292 1150 quibus
1311 1113 1362 1138 ex
1381 1100 1633 1138 deducendis
1648 1099 1883 1149 hospitibus

279 1156 352 1192 aut
372 1153 706 1203 negociatoribus
726 1155 922 1203 quaestus
941 1156 1012 1201 est,
1036 1153 1081 1191 hi
1102 1167 1409 1204 nonnunquam
1429 1155 1650 1204 procurant
1669 1167 1721 1192 ne
1742 1156 1883 1192 tutum

280 1208 334 1246 sit
354 1207 445 1255 iter,
462 1220 515 1245 ne
535 1207 722 1257 ipsorum
741 1208 897 1246 auxilio
918 1222 1002 1246 non
1017 1208 1072 1246 sit
1088 1221 1201 1258 opus
1243 1210 1306 1247 Ac
1321 1222 1414 1247 mea
1429 1209 1638 1247 sententia
1653 1207 1885 1247 consultius

282 1264 388 1300 esset
409 1262 650 1299 huiusmodi
676 1261 800 1300 malis
827 1275 1039 1301 occurrere
1064 1263 1340 1312 prudentibus
1367 1263 1552 1302 consiliis
1576 1277 1627 1301 ne
1655 1262 1885 1302 committe·

282 1318 437 1364 rentur,
460 1329 586 1366 quam
605 1316 753 1365 punire
779 1317 1012 1356 commissa.
1073 1317 1162 1365 Qua
1187 1320 1445 1356 commeatus
1470 1320 1579 1356 esset
1602 1317 1886 1367 frequentissi-

221 1381 261 1411 35
283 1383 390 1419 mus,
413 1370 484 1409 via
502 1370 671 1409 liberari
691 1374 828 1420 posset
852 1371 1048 1410 arborum
1075 1372 1291 1418 densitate,
1311 1385 1357 1410 ac
1382 1372 1494 1420 vicis,
1518 1372 1632 1410 villis
1658 1375 1699 1410 et
1724 1370 1887 1410 arcibus

283 1424 542 1464 communiri.
603 1424 794 1464 Profecto
815 1439 901 1464 non
922 1439 1070 1476 parum
1090 1426 1332 1465 indecorum
1352 1427 1459 1465 mihi
1476 1426 1645 1466 videtur
1663 1439 1748 1465 non
1775 1425 1885 1463 idem

285 1480 494 1529 praestare
533 1479 762 1518 Germanas
799 1480 921 1519 vrbes
959 1493 1004 1518 ac
1042 1480 1248 1530 principes
1286 1481 1331 1519 in
1369 1481 1456 1519 suis
1494 1481 1733 1531 regionibus
1777 1479 1886 1529 quod

285 1533 444 1572 Eluetii
481 1535 695 1583 praestant
733 1534 778 1571 in
816 1547 902 1583 sua,
940 1535 1129 1584 populari
1162 1535 1336 1574 consilio
1373 1535 1480 1574 freti.
1542 1535 1621 1574 Sed
1661 1535 1727 1573 his
1764 1534 1888 1572 malis

286 1588 460 1626 fortasse
480 1588 718 1626 medebitur
737 1589 910 1627 Carolus
930 1592 1072 1627 noster
1092 1589 1304 1638 Princeps,
1328 1591 1376 1628 vt
1396 1603 1597 1637 summus,
1620 1590 1679 1628 ita
1701 1588 1889 1628 iusticiae

224 1652 267 1684 40
286 1642 419 1681 cultor
440 1643 662 1681 maximus.
1528 1683 1531 1684 ⁷

342 1697 561 1736 Caeterum
591 1697 699 1746 quod
731 1697 782 1735 ad
809 1697 905 1736 fidei
931 1697 1151 1736 dissidium
1179 1698 1341 1746 attinet,
1365 1698 1499 1736 leuior
1524 1700 1631 1736 esset
1660 1697 1887 1743 calamitas,

288 1764 380 1790 mea
405 1751 623 1798 sententia,
649 1751 684 1789 si
709 1751 821 1790 idem
847 1765 960 1790 error
986 1752 1154 1790 haberet
1181 1765 1335 1791 omnes.
1396 1753 1519 1791 Nunc
1548 1752 1664 1791 bona
1683 1765 1777 1802 pars
1806 1765 1891 1789 non

288 1805 424 1844 solum
446 1805 666 1854 dissidetis,
689 1808 736 1845 vt
755 1806 884 1853 aiunt,
907 1806 959 1844 ab
987 1806 1170 1844 Ecclesia
1195 1806 1418 1855 Catholica,
1440 1819 1586 1845 verum
1612 1807 1738 1845 etiam
1765 1805 1891 1844 variis

288 1859 496 1898 erroribus
526 1860 636 1897 inter
667 1873 742 1898 vos
775 1860 1075 1910 digladiamini.
1136 1861 1245 1899 Nam
1278 1861 1388 1911 quod
1423 1861 1599 1900 Iudaeos
1637 1861 1799 1899 habetis
1830 1860 1892 1898 ad-

229 1920 271 1953 45
291 1915 455 1959 mixtos,
481 1913 522 1952 id
542 1914 718 1953 fortasse
738 1928 959 1953 commune
979 1917 1041 1953 est
1061 1928 1156 1954 cum
1184 1915 1329 1954 Italiae
1358 1916 1684 1965 Germaniaeque
1711 1915 1893 1964 reliquae

291 1968 488 2018 partibus,
513 1968 584 2006 sed
611 1969 828 2018 praecipue
854 1983 949 2007 cum
977 1969 1192 2019 Hispania.
1255 1970 1356 2018 Quis
1384 1972 1525 2008 autem
1555 1970 1739 2008 crederet
1761 1969 1894 2008 adhuc

293 2035 507 2072 superesse
551 2023 622 2072 qui
661 2023 891 2062 stulticiam
930 2024 1099 2073 Epicuri
1143 2024 1450 2073 profiterentur,
1492 2027 1691 2074 negantes
1733 2024 1895 2062 animas

293 2080 455 2115 nostras
488 2090 701 2127 superesse
734 2080 827 2127 post
861 2078 1055 2117 obitum?
1098 2078 1264 2116 Passim
1297 2080 1338 2116 et
1370 2079 1438 2116 hic
1471 2079 1610 2117 videre
1643 2081 1706 2116 est
1736 2078 1807 2128 qui
1837 2078 1895 2116 sic
1938 2077 1941 2079 ’

293 2132 441 2170 viuant
470 2131 588 2181 quasi
616 2145 702 2170 non
731 2132 901 2170 credant
929 2146 1142 2182 superesse
1171 2135 1392 2182 quicquam
1421 2146 1444 2171 a
1473 2135 1633 2180 morte;
1672 2132 1742 2171 sed
1773 2145 1896 2170 nemo

234 2196 277 2228 50
294 2188 381 2224 tam
419 2186 593 2224 demens
630 2186 703 2235 qui
740 2186 866 2224 huius
903 2187 1112 2226 doctrinae
1149 2186 1217 2225 vel
1255 2187 1339 2225 dux
1377 2200 1466 2225 esse
1503 2187 1606 2225 velit
1643 2187 1711 2225 vel
1745 2199 1894 2224 comes.

296 2240 659 2288 Quemadmodum
679 2243 720 2279 et
741 2241 966 2280 Nicolaitas
991 2241 1171 2291 reperias
1196 2242 1443 2291 permultos,
1463 2241 1613 2291 quibus
1637 2253 1786 2279 vxores
1813 2240 1899 2278 sint

296 2307 392 2332 cum
426 2294 573 2332 multis
607 2307 875 2343 communes;
919 2295 989 2333 sed
1024 2295 1150 2333 huius
1184 2295 1390 2345 dogmatis
1428 2295 1546 2334 nulla
1582 2297 1646 2334 est
1683 2295 1899 2344 professio,

297 2348 425 2386 etiam
448 2349 484 2386 si
511 2348 641 2397 Plato,
668 2349 823 2387 nobilis
846 2352 982 2396 autor,
1003 2350 1054 2388 ab
1080 2350 1157 2388 hac
1187 2350 1397 2388 sententia
1423 2362 1507 2387 non
1531 2349 1758 2388 abhorruit.
1818 2348 1898 2386 Sed

298 2402 468 2440 obsecro
499 2404 552 2450 te,
590 2403 648 2441 mi
682 2403 859 2452 Slechta,
895 2417 950 2442 an
984 2405 1085 2442 istos
1120 2417 1205 2442 non
1239 2404 1367 2453 pudet
1404 2403 1605 2454 appellari
1642 2403 1901 2442 haereticos?

238 2466 278 2499 55
300 2455 416 2494 Nihil
436 2456 514 2494 hoc
534 2457 705 2496 nomine
724 2458 970 2506 probrosius,
990 2472 1070 2508 quo
1090 2460 1232 2496 tamen
1252 2458 1342 2507 ipso
1361 2457 1557 2496 videntur
1576 2458 1751 2506 indigni.
1794 2457 1899 2505 Quid

299 2510 412 2549 enim
451 2510 580 2548 credit
616 2511 688 2561 qui
726 2514 849 2562 negat
886 2512 1246 2551 immortalitatem
1284 2513 1551 2550 animarum?
1599 2512 1705 2560 Quid
1752 2511 1902 2550 tribuit

302 2564 532 2613 Euangelio
552 2563 623 2614 qui
642 2565 735 2603 vult
754 2579 902 2604 vxores
921 2580 1009 2605 esse
1029 2566 1285 2616 promiscuas
1298 2567 1318 2605 ‘?

357 2618 471 2656 Illud
500 2618 606 2656 mihi
635 2620 791 2657 mirum
822 2621 953 2659 videri
982 2621 1100 2668 solet,
1128 2620 1235 2658 nihil
1265 2620 1489 2669 excogitari
1517 2633 1636 2670 posse
1659 2622 1746 2658 tam
1773 2619 1904 2669 prodi-

304 2672 469 2722 giosum
489 2672 589 2722 quin
611 2686 708 2711 suos
728 2675 906 2724 reperiat
926 2677 1157 2713 sectatores.
1207 2673 1468 2723 Pythagoras
1487 2674 1701 2712 interdixit
1721 2673 1903 2712 mortali-

242 2728 286 2761 60
304 2728 383 2765 bus
403 2739 521 2765 esum
542 2727 743 2775 fabarum,
767 2731 808 2767 et
827 2729 1006 2778 repperit
1030 2728 1102 2779 qui
1127 2729 1396 2766 abstinerent.
1457 2728 1586 2766 Fuere
1613 2729 1685 2777 qui
1711 2729 1904 2766 docerent

306 2794 393 2820 esse
426 2780 543 2830 pium
577 2783 623 2819 vt
653 2781 730 2819 filii
767 2785 985 2831 parentem
1014 2784 1208 2821 necarent
1237 2782 1500 2832 longaeuum,
1535 2785 1577 2820 et
1610 2782 1809 2820 inuentus
1842 2783 1905 2820 est

306 2835 484 2886 populus
509 2835 580 2885 qui
606 2835 648 2873 id
675 2835 903 2875 solenniter
928 2837 1088 2876 faceret.
1148 2836 1281 2874 Fuere
1307 2836 1375 2886 qui
1399 2836 1584 2874 dicerent
1609 2836 1790 2886 impium
1818 2848 1907 2874 esse

307 2889 529 2940 quicquam
558 2889 765 2939 possidere
795 2904 930 2938 suum,
963 2894 1005 2929 et
1033 2890 1163 2929 exorti
1199 2892 1308 2937 sunt,
1347 2890 1696 2940 quemadmodum
1730 2891 1906 2928 testatur

939 2985 992 3015 60.
1020 2984 1151 3023 reperit
1168 2985 1262 3014 Lond.
