1990 3353
566 107 638 146 TO
675 108 707 146 F
711 108 922 147 RANCIS
960 107 1299 147 CRANEVELT
1656 110 1736 149 423

131 104 255 160 11⁷3]

125 215 229 254 tales
261 228 425 254 scurras
459 229 579 254 suam
611 218 742 266 agunt
772 215 968 255 fabulam.
1029 216 1084 254 M.
1116 215 1166 254 N.
1199 215 1396 255 Nicolaus
1429 216 1732 267 Egmondanus

126 282 222 308 cum
241 270 404 319 publice
425 271 710 321 auspicaretur
728 269 924 319 epistolas
944 269 1076 318 Pauli,
1099 270 1322 309 admiscuit
1346 270 1501 309 bellam
1526 271 1728 321 facetiam,

126 323 309 362 Paulum
327 337 349 363 0
369 324 615 364 saeuissimo
635 326 896 374 persecutore
915 324 1070 362 factum
1086 337 1175 362 esse
1190 325 1579 363 mansuetissimum
1599 326 1734 365 Euan-

125 378 224 428 gelii
249 391 509 428 praeconem.
573 379 661 417 ‘Ita
681 378 935 428 precandum
950 380 958 394 ’
979 378 1127 428 inquit,
1154 380 1163 397 ‘
1176 381 1222 417 vt
1242 379 1452 418 Lutherus
1472 381 1513 418 et
1533 379 1733 419 Erasmus

125 432 176 470 ab
203 433 410 472 erroribus
437 433 526 471 suis
552 431 895 472 conuertantur':
925 433 1043 482 quasi
1068 432 1176 471 mihi
1202 433 1298 482 plus
1322 436 1431 472 esset
1458 434 1618 483 negocii
1638 448 1731 473 cum

125 486 313 525 Luthero
347 501 473 537 quam
508 487 563 525 sit
597 487 679 536 ipsi
713 487 998 536 Egmondano.
1055 486 1206 525 Visum
1242 490 1305 526 est
1339 487 1417 526 hoc
1451 488 1537 527 illis
1572 488 1731 527 bellum

124 541 338 590 sophisma
365 542 436 580 sed
466 541 578 579 inter
605 541 752 591 pocula
781 543 939 588 natum,
963 541 998 579 si
1019 541 1252 580 Lutherum
1273 544 1316 580 et
1342 542 1565 581 Erasmum
1586 543 1730 582 eodem

123 595 221 644 iugo
241 596 513 645 copulassem,
538 596 710 645 perinde
731 596 848 645 quasi
868 597 1034 634 taurum
1055 595 1205 646 iungas
1225 596 1380 635 damae.

179 650 342 688 Miraris
360 650 536 689 fortasse
556 650 800 688 iamdudum
820 663 893 688 cur
916 652 956 688 te
984 649 1096 687 hisce
1115 650 1275 688 naeniis
1293 663 1472 690 onerem.
1533 650 1600 690 Sic
1628 652 1730 691 lubi·

122 706 214 742 tum
235 706 309 751 est,
327 717 423 743 cum
443 704 574 742 amico
591 704 764 743 miscere
780 704 951 750 fabulas,
969 706 1012 742 et
1027 704 1220 754 quicquid
1235 706 1298 743 est
1318 718 1522 754 nugarum
1545 706 1589 744 in
1609 708 1730 745 tuum

123 758 264 797 sinum
294 759 518 797 effundere.
579 758 659 797 Sed
683 758 865 797 admiror
888 772 962 797 cur
987 759 1099 806 ordo,
1123 758 1190 796 cui
1217 772 1311 808 prae
1337 759 1508 797 caeteris
1531 759 1662 810 faueo,
1685 775 1731 800 ac

120 812 261 851 verius
280 813 450 851 fortasse
472 825 597 863 quam
619 812 699 862 ipsi
721 813 890 851 faueant
909 812 1001 859 sibi,
1024 812 1292 862 potissimum
1312 813 1554 852 huiusmodi
1573 817 1731 864 tragoe-

123 867 203 905 diis
217 867 445 905 delectetur
461 880 470 905 :
500 867 618 917 quasi
633 870 694 906 tot
712 867 900 906 excitatis
914 867 1178 915 tumultibus,
1196 868 1381 917 primum
1398 868 1448 906 de
1463 869 1730 919 conceptione

122 921 320 971 Deiparae
334 922 534 972 Virginis,
551 922 701 960 deinde
721 922 957 960 Florentiae
977 935 1050 972 per
1068 921 1382 972 Hieronymum
1402 923 1726 972 Sauoronellam,

121 988 220 1014 mox
252 976 414 1014 Bernae
448 989 522 1026 per
553 977 658 1015 alios
691 977 816 1026 longe
848 976 1199 1025 sceleratissimos,
1234 989 1403 1015 rursum
1442 977 1487 1015 in
1527 977 1729 1016 Ioannem

121 1030 377 1080 Capnionem
398 1044 470 1080 per
491 1031 690 1069 Iacobum
711 1029 1023 1080 Hogestratum,
1048 1034 1089 1070 et
1110 1031 1212 1071 αὖθις
1233 1031 1278 1069 αὖ
1296 1032 1341 1070 111
1362 1032 1569 1070 Comitem
1590 1031 1729 1071 Nouae

119 1084 292 1134 aquilae,
316 1085 458 1124 virum
487 1086 567 1124 toti
595 1085 844 1124 Germaniae
874 1085 1179 1134 charissimum,
1203 1099 1290 1124 non
1317 1086 1417 1124 satis
1443 1085 1626 1125 inuidiae
1649 1087 1728 1125 sibi

120 1139 353 1188 conflarint,
378 1140 460 1178 nisi
488 1140 624 1178 denuo
651 1142 736 1178 tam
764 1139 972 1178 seditiosis
998 1140 1042 1178 in
1070 1153 1137 1178 me
1164 1140 1415 1179 clamoribus
1442 1141 1575 1190 magis
1600 1141 1728 1180 etiam

118 1193 285 1232 irritent
314 1194 358 1232 in
387 1207 429 1232 se
459 1194 556 1233 odia
588 1194 795 1233 bonorum
830 1194 1049 1242 omnium3
1085 1208 1184 1233 nam
1215 1194 1357 1244 probis
1391 1195 1581 1244 displicet
1613 1198 1728 1235 tanta

118 1248 359 1297 petulantia,
394 1248 521 1287 etiam
549 1248 603 1287 iis
632 1249 783 1298 quibus
811 1248 984 1288 fortasse
1013 1262 1098 1287 non
1130 1250 1262 1299 placet
1292 1249 1505 1288 Erasmus.
1565 1251 1629 1288 Ac
1658 1264 1727 1289 me

122 1302 290 1351 fingunt
310 1303 472 1341 hostem
495 1316 518 1342 a
538 1317 619 1353 quo
640 1316 858 1354 nunquam
878 1306 977 1342 sunt
997 1303 1108 1350 laesi,
1129 1305 1213 1342 imo
1234 1317 1308 1354 pro
1327 1304 1552 1342 benefactis
1571 1305 1727 1343 malam

117 1357 305 1396 referunt
324 1358 514 1407 gratiam.
575 1357 681 1396 Cum
712 1358 888 1396 saeuiret
917 1358 962 1396 in
989 1357 1085 1396 illos
1109 1358 1307 1408 Capnion,
1331 1358 1427 1397 vnis
1446 1361 1565 1409 atque
1586 1359 1727 1398 alteris

117 1411 251 1450 literis
280 1411 403 1450 illum
432 1412 634 1450 admonui
671 1425 723 1450 ne
756 1412 937 1450 laederet
971 1413 1172 1461 ordinem,
1207 1413 1278 1451 sed
1314 1413 1357 1450 in
1392 1426 1486 1450 eum
1521 1413 1726 1452 duntaxat

117 1466 304 1513 saeuiret,
340 1479 363 1504 a
392 1480 474 1516 quo
508 1466 639 1504 fuerat
675 1466 823 1505 laesus.
884 1466 1070 1506 Rursum
1103 1480 1199 1505 cum
1231 1467 1389 1516 optimo
1419 1467 1510 1505 iure
1543 1468 1727 1507 offensus

116 1520 391 1559 Hermannus
411 1521 555 1559 Nouae
574 1520 737 1570 aquilae
753 1521 904 1559 Comes
924 1521 1161 1560 excluderet
1178 1535 1323 1560 omnes
1344 1522 1551 1560 Iacobitas
1571 1536 1594 1561 a
1613 1522 1725 1560 colli-

116 1575 264 1625 gendis
293 1575 430 1623 caseis,
466 1574 689 1626 diligenter
716 1575 782 1624 egi
811 1588 907 1614 cum
939 1575 1013 1613 illo
1048 1588 1122 1624 per
1154 1576 1300 1614 literas
1333 1578 1380 1614 vt
1414 1576 1569 1614 sineret
1602 1577 1723 1616 illos:

116 1632 238 1680 atque
261 1629 344 1677 ille,
367 1631 414 1668 vt
437 1629 613 1680 dignum
641 1631 703 1667 est
722 1643 818 1668 vere
847 1643 1044 1680 generoso
1073 1630 1315 1680 excelsoque
1343 1633 1518 1680 pectore,
1542 1631 1725 1680 neglexit

115 1683 414 1722 contumeliam
439 1697 484 1723 ac
505 1683 670 1722 remisit
689 1684 949 1732 vindictam;
987 1686 1110 1734 atque
1139 1685 1246 1723 hanc
1275 1685 1451 1735 gratiam
1481 1698 1594 1723 nunc
1623 1686 1722 1724 refe-

115 1740 215 1776 runt
241 1738 360 1777 mihi.
422 1739 575 1777 Totum
595 1738 784 1777 ordinem
803 1738 1048 1777 existimant
1067 1752 1154 1777 esse
1175 1739 1345 1787 laesum,
1367 1739 1403 1777 si
1433 1739 1532 1789 quid
1562 1740 1723 1779 dica-tur

114 1793 158 1830 in
179 1793 407 1831 monachos
427 1792 648 1842 improbos,
672 1793 844 1843 perinde
874 1794 991 1843 quasi
1019 1793 1127 1832 nulli
1157 1794 1243 1832 sint
1270 1794 1483 1843 imp1·0bi;
1512 1807 1608 1832 cum
1637 1794 1722 1834 illis

113 1848 253 1897 potius
287 1847 509 1885 debuerint
542 1847 762 1897 indignari,
795 1848 865 1897 qui
894 1848 982 1886 suis
1011 1848 1198 1887 moribus
1228 1848 1476 1887 dedecorant
1505 1848 1720 1889 ordinem:

113 1902 198 1940 imo
218 1901 253 1940 si
273 1902 366 1952 quis
387 1901 593 1940 describat
612 1902 792 1940 formam
813 1902 912 1940 boni
932 1902 1143 1950 monachi,
1163 1916 1206 1941 se
1226 1903 1361 1941 notari
1379 1904 1541 1952 putant.

166 1956 284 2005 Quod
315 1956 350 1994 si
378 1957 469 1994 iure
499 1969 574 1995 suo
603 1956 771 2005 faciunt,
795 1957 943 1995 merito
973 1957 1273 1995 succensebunt
1302 1956 1613 2007 ChrysostomO,
1647 1959 1719 2008 qui

1296 2074 1366 2104 130.
1392 2064 1648 2096 Sauonarolam
1665 2068 1711 2098 H:

1410 2119 1481 2148 149.
1507 2118 1569 2140 suo
1586 2119 1644 2141 om.
1663 2111 1706 2141 H.

638 2064 707 2094 128.
734 2063 882 2095 faueant
897 2067 944 2095 F:
968 2064 1094 2095 fauent
1115 2067 1158 2096 H.

161 2074 229 2103 117.
257 2064 303 2096 M.
322 2065 364 2096 N.
384 2074 442 2095 om.
460 2066 503 2095 H.

598 2116 667 2146 141.
693 2108 871 2139 Iacobitas
886 2111 930 2139 F:
956 2108 1215 2139 Dominicanos
1231 2109 1272 2139 H.

111 2111 149 2146 cs.
169 2111 226 2145 Ep.
248 2117 345 2148 1033.
363 2117 459 2147 250n.

160 2219 170 2238 1
182 2218 230 2247 17.
256 2208 303 2239 M.
321 2207 384 2248 N.]
403 2207 575 2247 Magister
590 2209 722 2240 noster.
948 2206 1063 2238 found
1080 2207 1118 2237 in
1132 2209 1163 2237 H
1166 2209 1246 2238 omil.
1262 2210 1304 2237 acl
1313 2210 1462 2245 populum
1474 2210 1714 2248 Antiochenam,

200 2251 472 2292 Egmondanus]
490 2251 542 2283 Cf.
563 2252 626 2291 Ep.
648 2253 740 2290 1164.
757 2252 855 2291 56-8.

159 2305 229 2334 127.
254 2295 372 2336 fanco]
391 2295 444 2326 Cf.
464 2295 527 2335 Ep.
550 2295 644 2326 1006.
659 2305 716 2334 4n.

159 2349 230 2379 129.
256 2340 299 2370 de
331 2338 579 2380 conceptione]
610 2339 685 2370 The
714 2339 879 2370 Domini-

111 2393 196 2413 cans
234 2382 387 2422 steadily
415 2382 555 2413 refused
596 2384 633 2414 to
666 2385 788 2422 accept
816 2383 878 2413 the

112 2427 240 2466 theory
248 2426 286 2457 of
293 2426 356 2457 the
367 2426 422 2457 Im
428 2426 602 2457 maculate
611 2426 830 2466 Conception
844 2427 882 2457 of

112 2471 175 2501 the
184 2470 310 2509 Virgin
324 2471 388 2509 put
399 2469 553 2500 forward
566 2470 612 2510 by
619 2470 682 2501 the
695 2470 877 2501 advanced

112 2514 335 2553 theologians
360 2513 398 2543 of
413 2513 475 2544 the
492 2513 585 2553 day;
608 2514 652 2545 cf.
671 2514 757 2554 Epp.
781 2515 872 2545 1126.

110 2567 212 2598 294n‚
232 2558 326 2597 1196.
339 2565 435 2596 51-7.
471 2556 540 2588 For
553 2557 725 2597 Gaguin’s
735 2559 874 2588 contro-

110 2611 214 2641 versy
225 2601 316 2631 with
328 2601 486 2632 Vincent
498 2600 674 2632 Bandello
685 2602 725 2632 of
738 2601 876 2633 Castro-

109 2655 203 2676 novo
224 2654 270 2675 on
291 2645 366 2675 this
386 2644 552 2682 question
574 2654 631 2675 see
653 2644 819 2676 Thuasne
837 2646 875 2676 in

110 2689 181 2720 GE.
192 2689 214 2726 i,
228 2698 285 2728 pp.
303 2689 398 2728 72-6,
408 2687 480 2718 and
491 2687 676 2719 Renaudet
687 2698 743 2728 pp.
757 2690 872 2727 106-7.

157 2741 228 2771 130.
267 2730 555 2772 Sauoronellam]
587 2731 652 2763 See
684 2732 746 2772 Ep.
778 2741 872 2772 1033.

109 2785 210 2806 2-0n.

131 2794 228 2858 ο131.
255 2817 410 2859 Bernae]
427 2818 492 2850 See
509 2818 573 2859 Ep.
593 2827 688 2858 1033.
703 2828 804 2858 25on.

156 2872 227 2902 139.
254 2861 442 2903 admonui]
460 2862 512 2894 cf.
539 2862 602 2902 Ep.
621 2871 697 2902 300.
712 2872 807 2901 21-4.

156 2916 227 2945 141.
246 2905 495 2947 Hermannus]
510 2905 563 2938 cf.
576 2906 638 2946 Ep.
652 2906 727 2945 877.
746 2908 786 2937 16
801 2917 871 2946 seq.

156 2960 230 2988 142.
255 2948 396 2990 literas]
421 2949 490 2980 Not
507 2952 642 2981 extant.

156 3003 224 3033 149.
245 2992 514 3034 chrysostomo]
525 2992 637 3024 These
648 2995 803 3025 cxtracts
813 3003 871 3024 are

948 2252 991 2290 56
1007 2251 1079 2282 and
1097 2261 1162 2290 57;
1185 2260 1242 2290 pp.
1260 2252 1334 2290 569,
1353 2260 1428 2290 571,
1448 2260 1513 2290 573
1535 2251 1573 2282 of
1591 2251 1660 2282 vol.
1679 2251 1717 2282 iv

949 2295 988 2324 of
1016 2295 1195 2326 Erasmus'
1226 2295 1378 2334 edition,
1413 2295 1527 2335 Basle,
1563 2294 1714 2336 Froben,

951 2348 1045 2377 1530.
1102 2338 1176 2369 The
1215 2337 1325 2369 latter
1364 2338 1531 2369 homilies
1568 2340 1607 2369 of
1641 2339 1716 2370 this

948 2383 1069 2422 series,
1096 2382 1215 2421 22—80,
1238 2391 1370 2422 appear
1393 2382 1473 2413 first
1495 2383 1534 2413 in
1559 2392 1579 2413 a
1607 2382 1714 2414 Latin

948 2427 1089 2457 version
1103 2426 1149 2465 by
1160 2426 1272 2457 Lucas
1285 2425 1493 2457 Bernardus
1506 2426 1711 2467 Brixianus,

946 2479 966 2500 a
977 2469 1212 2500 Benedictinc
1227 2469 1266 2500 of
1275 2470 1326 2501 St.
1339 2469 1515 2501 Justina’s
1528 2473 1565 2500 at
1579 2470 1714 2509 Padua,

945 2513 1028 2545 who
1039 2512 1160 2544 edited
1169 2522 1265 2544 some
1274 2513 1576 2553 osclu-ysostom’s
1584 2514 1711 2554 works‚

945 2557 1092 2597 Venice,
1105 2556 1207 2596 Greg.
1223 2556 1267 2587 de
1281 2557 1470 2597 Gregoriis,
1485 2567 1507 2597 9
1520 2557 1600 2589 Feb.
1618 2557 1710 2599 1503.

944 2600 1045 2641 They
1070 2610 1163 2632 were
1189 2601 1377 2640 reprinted
1404 2602 1441 2632 at
1469 2611 1557 2632 once
1585 2602 1631 2641 by
1657 2601 1711 2633 Ja.

946 2644 1121 2685 Pfortzen,
1146 2643 1263 2683 Basle,
1280 2654 1299 2683 4
1322 2643 1403 2676 Dec.
1432 2654 1530 2684 1504,
1554 2645 1625 2675 and
1650 2645 1712 2676 the

944 2687 1144 2719 additional
1174 2687 1345 2718 homilies
1371 2697 1501 2728 appear
1527 2688 1566 2719 in
1593 2688 1711 2719 subse—

944 2733 1060 2770 quent
1082 2731 1239 2762 editions
1263 2731 1360 2763 until
1387 2741 1482 2771 1547,
1508 2732 1615 2762 when
1639 2732 1709 2772 Sig.

945 2775 1126 2814 Gelenius,
1146 2776 1185 2806 in
1202 2785 1222 2806 a
1239 2775 1378 2806 revised
1399 2775 1536 2806 Froben
1558 2775 1708 2815 edition,

944 2818 1092 2850 marked
1117 2818 1217 2850 them
1242 2819 1293 2849 off
1312 2828 1350 2850 as
1372 2820 1559 2859 spurious;
1582 2819 1655 2850 and
1671 2829 1709 2849 as

943 2862 1031 2893 such
1049 2862 1136 2902 they
1152 2862 1242 2893 have
1258 2872 1339 2894 now
1359 2862 1594 2903 disappearcd
1614 2863 1707 2893 from

942 2906 1205 2946 Chrysost0m⁷s
1230 2906 1355 2937 works.
1403 2907 1467 2937 See
1489 2916 1547 2947 pp.
1569 2916 1595 2945 1,
1615 2916 1644 2944 2,
1664 2907 1703 2936 61

941 2951 979 2980 of
1004 2949 1137 2980 Fronto
1160 2948 1332 2981 Ducaeus'
1356 2953 1458 2981 notes
1481 2952 1519 2981 to
1543 2949 1610 2981 vol.
1638 2951 1646 2979 i
1673 2950 1713 2979 of

941 2993 999 3025 his
1015 2994 1164 3031 edition,
1184 2993 1294 3031 Paris,
1318 2995 1408 3025 1621.

1755 396 1818 418 120

1755 667 1813 700 125

1754 940 1815 971 130

1752 1207 1808 1239 Ι35

1750 1479 1808 1511 140

1745 1754 1803 1785 145
