1990 3353
305 167 329 202 4
779 162 1029 202 LETTERS
1064 162 1133 200 OF
1171 160 1435 200 ERASMUS
1780 156 1905 211 [1519

246 288 284 320 15
305 276 346 312 te
376 286 499 324 quam
530 286 576 311 ex
608 272 741 311 literis
772 272 876 310 meis
906 271 1146 321 intelligere.
1209 271 1378 310 Nouum
1407 272 1724 310 Testamentum
1757 270 1832 309 abs
1864 273 1907 309 te

304 341 472 367 versum
503 329 542 365 et
572 326 892 377 elegantissimis
920 325 1254 375 doctissimisque
1287 325 1627 364 annotationibus
1652 324 1906 375 explicatum

305 395 415 421 nunc·
436 382 503 420 hic
524 382 677 419 habent
697 381 741 418 in
763 380 956 418 manibus
976 380 1085 418 docti
1099 393 1223 429 quam
1244 380 1431 430 plurimi,
1451 382 1573 430 atque
1590 380 1634 418 in
1649 380 1700 418 iis
1721 378 1907 428 theologi

306 449 469 486 quoque
499 435 641 485 magni
670 435 866 481 nominis,
889 434 962 483 qui
991 437 1031 471 te
1057 447 1104 471 eo
1134 435 1303 472 nomine
1330 437 1416 472 tam
1444 447 1566 481 nunc,
1588 447 1694 484 pene
1713 432 1903 480 dixerim,

307 492 448 528 amant
482 489 704 527 immodice
737 501 863 539 quam
896 488 1065 526 oderant
1096 488 1211 537 prius
1245 488 1398 539 inique.
1459 487 1616 526 Multos
1650 489 1759 526 certe
1799 499 1907 525 noua

248 563 289 585 20
307 544 405 583 haec
429 544 579 582 aeditio
606 543 684 581 tibi
712 543 796 581 iam
825 542 1086 589 conciliauit;
1118 542 1315 592 quosdam
1344 556 1438 580 vero
1468 543 1539 592 qui
1569 544 1833 580 contumaces
1860 553 1906 579 ac

307 598 533 637 refractarii
554 597 625 636 diu
644 597 809 635 fuerant
835 599 957 647 atque
985 596 1084 634 adeo
1105 597 1404 646 propemodum
1425 596 1628 646 deplorati
1647 596 1905 642 videbantur,

308 652 392 691 iam
417 666 520 702 pene
545 652 757 699 fregerunt
777 650 1005 700 Apologiae
1035 652 1138 688 tuae.
1198 650 1312 689 Vale.
1372 650 1562 689 Salutant
1594 653 1635 689 te
1666 649 1909 688 Franciscus

308 706 510 745 Deloinus
548 709 587 744 et
628 705 865 743 Ludouicus
900 704 1096 743 Ruzaeus.
1158 705 1360 743 Luteciae.
1420 705 1504 744 Cal.
1529 704 1661 744 Iuliis.

654 902 844 957 ⁹⁰¹995096
905 902 1035 944 Fami
1069 903 1282 944 LoRENzo
1313 900 1571 943 CAMPEGIO.

356 996 517 1040 Farrago
536 1008 571 1041 p.
591 997 670 1039 382.
1653 989 1818 1024 London.

357 1053 395 1088 F.
414 1066 449 1098 p.
466 1054 559 1096 468:
588 1051 679 1087 HN:
709 1052 828 1088 Lond.
846 1052 911 1088 xii.
932 1062 972 1086 2:
1000 1051 1076 1085 LB.
1096 1061 1177 1095 443.
1605 1059 1626 1091 4
1644 1047 1733 1092 July
1754 1057 1854 1092 1519.

340 1143 625 1175 LAVRENTIVS
656 1141 938 1173 CARDINALIS
969 1141 1228 1173 CAMPEGIVS
1260 1139 1536 1169 REVERENDO
1568 1138 1749 1169 DOMINO
1780 1138 1876 1169 DES.

522 1210 700 1241 ERASMO
733 1209 1055 1248 ROTERODAMO,
1085 1209 1324 1240 THEOLOGO
1356 1207 1696 1246 ERVDITISSIMO,

630 1278 851 1315 TANQVAM
884 1277 1055 1307 FRATRI
1089 1277 1261 1308 NOSTRO
1292 1275 1585 1308 CHARISSIMO.

366 1361 620 1399 REVERENDE
658 1372 702 1397 ac
743 1358 981 1396 doctissime
1019 1358 1094 1405 vir,
1130 1357 1308 1395 salutem
1348 1361 1423 1396 etc.
1503 1357 1642 1406 Quum
1680 1355 1914 1395 studiorum

311 1417 478 1453 tuorum
517 1413 791 1452 suauissimus
826 1412 935 1459 odor,
971 1426 1052 1462 quo
1088 1411 1211 1450 Italia
1245 1411 1384 1450 omnis
1421 1425 1467 1450 ac
1501 1410 1778 1450 Occidentalis
1816 1409 1914 1447 haec

312 1469 453 1508 schola
473 1470 560 1507 tota
579 1467 744 1514 redolet,
769 1480 835 1504 me
856 1480 1016 1516 quoque
1037 1466 1208 1516 spiritus
1238 1466 1303 1504 sui
1329 1468 1509 1504 attractu
1539 1465 1700 1515 pridem
1727 1463 1912 1502 affecerit

313 1524 525 1572 indiesque
555 1522 662 1571 apud
692 1535 758 1559 me
786 1524 989 1570 augescat,
1019 1533 1185 1559 summo
1214 1519 1402 1558 laboraui
1431 1520 1647 1569 desyderio
1676 1519 1815 1557 virum
1844 1531 1916 1567 qul

276 1584 293 1616 5
313 1580 473 1616 tantam
512 1577 642 1626 spirat
678 1575 956 1614 eruditionem
1005 1578 1044 1612 et
1094 1575 1325 1614 doctrinam
1373 1574 1648 1624 cognoscendi
1664 1588 1673 1621 ;
1720 1585 1915 1622 measque

314 1632 666 1682 peregrinationes
696 1632 736 1668 et
765 1629 913 1679 longos
942 1642 1111 1676 errores,
1132 1629 1282 1678 quibus
1311 1628 1502 1678 pluribus
1530 1628 1615 1666 iam
1643 1627 1764 1666 annis
1792 1626 1917 1665 confi-

314 1687 408 1734 cior,
432 1685 555 1723 nihili
575 1684 788 1722 habendas
803 1683 1013 1728 ducebam,
1039 1683 1263 1732 seduloque
1285 1683 1538 1730 accusabam,
1562 1682 1672 1732 quod
1692 1683 1754 1720 tot
1774 1681 1916 1719 tantis-

316 1753 395 1790 que
414 1739 634 1778 itineribus
656 1737 869 1776 exhaustis
891 1738 1111 1776 Erasmum
1134 1737 1323 1775 nondum
1344 1737 1450 1775 mihi
1479 1737 1693 1787 cognitum
1714 1736 1911 1774 viderem.

315 1795 431 1843 Quod
462 1797 507 1831 vt
536 1793 671 1831 leuius
700 1793 863 1838 ferrem,
894 1794 1113 1841 postquam
1142 1805 1277 1830 coram
1306 1794 1346 1829 te
1372 1791 1456 1828 frui
1487 1804 1567 1829 non
1600 1790 1783 1839 dabatur,
1810 1789 1916 1828 illud

260 1859 296 1881 10
315 1848 434 1886 enixe
453 1847 639 1886 laboraui
659 1847 767 1896 quod
787 1846 974 1895 plerique
1003 1847 1235 1884 amatorum
1266 1846 1427 1891 solent3
1461 1845 1612 1895 quibus
1642 1858 1771 1894 quum
1801 1843 1918 1882 nulla

316 1904 377 1940 est
405 1902 560 1940 amicae
590 1902 715 1951 copia,
739 1901 784 1938 in
812 1900 902 1938 eius
932 1901 1115 1950 imagine
1134 1903 1345 1950 vtcunque
1370 1913 1459 1938 sese
1486 1899 1691 1938 oblectare
1716 1898 1914 1948 gestiunt.

316 1957 461 2006 Itaque
495 1968 590 1993 cum
620 1955 849 2004 praesentia
878 1957 948 1992 tua
978 1957 1018 1992 et
1052 1954 1257 2004 colloquio
1293 1954 1510 2003 desyderio
1544 1966 1635 1992 meo
1669 1953 1802 1992 facere
1831 1965 1916 1990 non

317 2023 480 2060 possem
499 2011 610 2054 satis,
632 2013 749 2047 tuam
770 2022 889 2058 saepe
910 2011 1031 2058 atque
1052 2009 1174 2047 auide
1194 2008 1421 2058 perquisiui
1449 2008 1626 2058 effigiem
1643 2022 1652 2046 ε
1683 2020 1785 2057 quae
1811 2006 1917 2044 mihi

319 2064 453 2113 primo
492 2064 536 2101 in
575 2063 627 2101 iis
664 2076 767 2113 quae
805 2063 849 2100 in
889 2063 1198 2112 Hieronymum
1237 2062 1442 2111 scripsisti
1485 2062 1689 2108 occurrit3
1738 2061 1834 2100 dein
1872 2060 1917 2099 in

262 2133 297 2165 15
319 2118 522 2168 Apologia
551 2117 624 2155 illa
644 2130 722 2167 qua
752 2119 867 2155 tuam
898 2117 1047 2155 tutaris
1076 2130 1241 2155 causam
1272 2130 1395 2165 super
1423 2116 1496 2154 illo
1517 2116 1678 2154 Psalmi
1697 2115 1914 2162 versiculo,

320 2173 511 2212 Minuisti
536 2185 631 2209 eum
652 2171 916 2220 paulominus
936 2173 1009 2209 etc,
1035 2185 1043 2217 3
1073 2171 1223 2209 vltimo
1244 2171 1412 2209 demum
1434 2170 1521 2208 loco
1549 2171 1591 2208 in
1613 2169 1919 2220 paraphrastice

320 2240 510 2265 sermone
531 2228 602 2263 tuo
622 2227 665 2263 in
686 2225 886 2275 Epistolis
906 2225 1039 2263 Pauli.

376 2280 533 2328 Quibus
554 2279 682 2317 veluti
704 2293 776 2328 per
795 2280 946 2329 gradus
973 2280 1022 2317 ad
1044 2279 1107 2317 tui
1134 2278 1390 2327 agnitionem
1416 2278 1628 2324 deductus,
1650 2291 1746 2316 cum
1773 2276 1921 2316 maiori

324 2334 538 2383 desyderio
571 2333 863 2381 infiammarer,
899 2336 1042 2383 vtpote
1076 2333 1336 2371 dImidiatam
1371 2334 1412 2370 et
1446 2346 1529 2370 non
1569 2345 1619 2370 ex
1659 2332 1818 2381 integro
1857 2331 1920 2369 tui

263 2402 303 2424 »ιο
322 2388 546 2437 imaginem
585 2388 856 2436 conspicatus,
893 2387 982 2425 eius
1020 2387 1226 2436 reliquum
1266 2388 1372 2425 miro
1411 2387 1558 2424 affectu
1598 2386 1920 2435 concupiebam;

324 2455 454 2491 quum
475 2441 610 2480 nescio
631 2455 711 2491 qua
733 2442 840 2479 bona
860 2442 1026 2480 fortuna
1047 2442 1326 2479 exactissimae
1346 2441 1595 2479 eruditionis
1614 2440 1759 2478 literae
1787 2441 1860 2479 abs
1880 2442 1922 2478 te

324 2496 430 2534 mihi
460 2495 714 2542 deferuntur,
746 2508 847 2544 quae
877 2496 1021 2533 eodem
1051 2496 1173 2545 plane
1202 2495 1414 2544 desyderio
1443 2507 1509 2532 me
1538 2494 1707 2532 videndi
1740 2497 1782 2532 te
1813 2494 1920 2532 labo-

324 2552 486 2588 rantem
507 2549 613 2588 mihi
629 2549 836 2587 dicerent:
867 2550 974 2599 quod
995 2552 1104 2588 certe
1124 2551 1239 2587 tanta
1260 2549 1396 2598 accepi
1417 2549 1688 2597 iucunditate,
1703 2549 1749 2587 vt
1768 2547 1922 2587 minori

369 2638 445 2668 994.
474 2645 522 2675 17.
547 2636 590 2665 iis·
607 2638 635 2666 E
651 2647 658 2666 :
681 2635 738 2666 his
754 2639 788 2666 F.
902 2636 975 2666 995.
1008 2646 1054 2675 15.
1082 2639 1111 2666 F
1126 2647 1132 2666 :
1162 2636 1317 2675 Apologo
1334 2638 1371 2665 E.
1482 2644 1577 2674 23-4.
1602 2635 1737 2665 minori
1753 2634 1855 2665 valde
1872 2636 1923 2666 E:

322 2681 437 2711 multo
455 2679 606 2710 minoris
621 2681 661 2709 H.
1980 2683 1981 2686 ¹

370 2802 506 2840 994.15.
523 2800 857 2839 Nsrestamentum]
871 2800 1089 2839 Ser-Ep.864.
1158 2800 1237 2830 sion
1263 2799 1317 2829 for
1346 2800 1429 2830 ‘the
1457 2802 1609 2830 western
1639 2799 1782 2837 world‘,
1811 2809 1923 2831 corre-

370 2856 421 2877 21.
449 2844 641 2884 deplorati]
664 2845 696 2874 A
713 2844 809 2874 word
833 2843 918 2873 used
938 2844 983 2883 by
1002 2843 1087 2874 Min.
1157 2843 1335 2882 sponding
1356 2844 1392 2873 to
1408 2842 1469 2873 the
1485 2846 1638 2873 western
1663 2843 1820 2883 Empire,
1843 2845 1923 2874 Occi-

329 2889 400 2920 Fel.
414 2889 485 2919 and
500 2888 593 2918 Lact.
605 2901 629 2912 =
640 2887 818 2925 desperati
834 2888 895 2917 :cst
912 2887 999 2926 Epp.
1015 2887 1090 2925 843.
1158 2889 1276 2917 dentale
1291 2889 1472 2923 Imperium.
1520 2886 1571 2917 Cf.
1590 2886 1654 2925 Ep.
1674 2887 1749 2917 810.
1768 2897 1841 2926 302.

327 2934 404 2971 682,
421 2942 494 2972 953.
515 2941 568 2970 40,
591 2940 683 2969 1005.
701 2940 753 2968 23,
781 2940 871 2969 1053.
896 2931 970 2968 526,
997 2931 1086 2968 1136.
1205 2939 1252 2968 13.
1279 2929 1445 2969 effigiem]
1462 2929 1514 2960 Cf.
1535 2930 1598 2969 Ep.
1621 2939 1713 2960 1101.
1734 2940 1789 2969 711.

332 2985 380 3015 13.
399 2977 493 3015 1196.
510 2985 580 3012 107,
599 2976 689 3004 1260.
708 2974 897 3010 187,and1,
919 2983 949 3012 p.
971 2982 1020 3004 10.
1037 2983 1090 3011 23.
1205 2982 1252 3011 15.
1279 2971 1466 3013 Apologia]
1492 2974 1556 3003 See
1574 2973 1636 3012 Ep.
1657 2983 1732 3012 597.
1753 2982 1833 3013 32n.

371 3020 445 3051 995.
465 3029 494 3049 2.
520 3016 773 3057 Occidentalis]
793 3017 823 3047 Α
841 3017 935 3056 large
953 3027 1090 3056 expres-
1246 3017 1394 3057 Psalmi]
1412 3017 1442 3047 8.
1460 3019 1491 3047 6.
