1990 3353
313 99 394 138 488
782 97 1032 136 LETTERS
1072 96 1141 135 OF
1179 95 1445 135 ERASMUS
1790 92 1911 146 [1521

253 213 296 245 60
315 208 561 247 cerdonibus
590 207 717 245 etiam
745 206 985 245 communia
1012 205 1168 244 faciens
1197 219 1299 255 quae
1327 205 1463 243 solent
1491 205 1601 243 inter
1629 205 1812 243 eruditos
1841 217 1916 242 ceu

315 264 478 312 μυστικὰ
499 263 558 299 καὶ
579 262 771 311 ἀπόρρητα
791 260 958 298 tractari
978 274 987 298 :
1016 273 1061 298 ac
1080 260 1319 310 frequenter
1336 259 1498 309 impetu
1519 259 1698 308 quodam
1718 259 1918 296 immode-

317 319 417 363 rato,
441 330 533 355 mea
562 317 730 367 quidem
760 314 979 361 sententia,
1006 315 1136 353 fertur
1163 314 1274 352 vltra
1302 314 1472 352 iustum.
1532 313 1649 361 Quod
1679 326 1809 362 genus
1837 315 1912 359 est,

316 385 447 421 quum
478 371 579 409 satis
609 372 716 408 esset
746 370 1013 408 admonuisse
1040 369 1267 418 theologos,
1300 368 1396 418 plus
1428 368 1528 406 satis
1561 367 1657 406 illos
1690 367 1917 405 admiscere

315 425 601 476 philosophiae
620 424 919 473 Peripateticae
934 424 1000 462 vel
1015 423 1263 473 sophisticae
1278 423 1428 472 magis,
1442 422 1514 460 ille
1529 424 1661 460 totam
1675 421 1918 460 Aristotelis

254 487 294 528 65
314 479 622 530 philosophiam
642 478 772 516 animi
792 480 970 516 mortem
989 478 1179 527 appellat.

371 534 508 573 Habet
538 533 815 582 Euangelicus
844 532 917 570 ille
946 533 1103 572 Christi
1131 532 1302 581 spiritus
1330 531 1598 580 prudentiam
1629 543 1760 577 suam,
1793 529 1917 568 habet

315 589 563 626 ciuilitatem
587 601 632 626 ac
660 586 1023 625 mansuetudinem
1044 599 1172 624 suam.
1232 587 1299 624 Sic
1329 586 1415 635 ipse
1447 585 1638 623 Christus
1668 584 1917 634 Iudaeorum

315 643 530 681 affectibus
565 644 694 680 semet
727 642 1031 691 attemperauit.
1094 640 1226 678 Aliud
1255 641 1441 689 loquitur
1470 639 1604 677 turbis
1632 638 1913 686 crassioribus,

315 697 427 735 aliud
450 697 662 746 discipulis
678 712 686 744 ;
717 709 820 746 quos
840 700 880 733 et
900 696 1011 745 ipsos
1031 695 1102 733 diu
1123 694 1304 733 tolerans
1323 694 1524 744 paulatim
1547 692 1715 731 adducit
1727 694 1777 731 ad
1798 692 1918 731 intel-

257 765 297 799 70
317 751 537 801 ligentiam
556 750 844 800 philosophiae
863 750 1062 788 coelestis
1123 749 1214 787 Hoc
1234 749 1406 787 consilio
1426 749 1539 786 iubet
1559 748 1645 786 suis
1664 749 1712 785 vt
1733 748 1918 797 primum

316 805 614 855 poenitentiam
635 805 871 855 praedicent
887 807 929 842 et
944 804 1172 842 imminens
1187 816 1362 853 regnum
1383 803 1472 851 Dei,
1491 803 1540 840 de
1556 803 1722 841 Christo
1741 803 1917 839 taceant.

316 860 383 898 Sic
404 861 554 898 Petrus
573 861 618 898 in
638 861 757 898 Actis
772 859 1073 908 Apostolorum
1091 871 1175 895 non
1191 858 1491 896 contumeliosa
1506 857 1577 895 sed
1594 857 1689 894 miti
1703 858 1745 894 et
1759 857 1918 895 amanti

316 917 513 953 concione
533 917 692 953 tantam
715 913 1031 951 multitudinem
1049 913 1255 961 primitias
1276 911 1392 950 addit
1411 912 1628 950 Ecclesiae.
1687 908 1785 948 Non
1811 911 1918 949 voci-

316 971 471 1007 feratur
489 969 533 1007 in
555 982 623 1007 eos
643 968 715 1017 qui
742 967 959 1007 Christum
984 967 1230 1013 occiderant,
1256 979 1341 1004 non
1361 966 1499 1004 verbis
1517 965 1726 1003 atrocibus
1746 978 1916 1014 exagge-

257 1042 273 1076 7
279 1045 295 1075 5
316 1026 379 1062 rat
399 1023 571 1061 illorum
590 1023 764 1072 impiam
784 1021 1002 1069 insaniam,
1020 1034 1148 1071 quum
1165 1020 1378 1070 probabile
1399 1021 1453 1058 sit
1473 1020 1517 1057 in
1538 1033 1584 1058 eo
1600 1032 1775 1058 numero
1790 1020 1918 1057 fuisse

316 1078 388 1127 qui
408 1078 623 1116 Christum
645 1077 695 1114 ad
716 1081 895 1114 mortem
914 1076 1192 1125 impulissent.
1253 1075 1332 1114 Sed
1352 1075 1468 1113 velut
1490 1075 1585 1112 illos
1605 1074 1838 1119 subleuans,
1861 1074 1920 1112 ait

315 1132 391 1170 hoc
412 1132 586 1170 consilio
603 1132 749 1169 diuino
765 1131 825 1168 sic
840 1144 928 1169 esse
943 1132 1155 1179 peractum
1173 1144 1182 1167 :
1212 1143 1309 1168 mox
1328 1130 1453 1167 etiam
1475 1129 1640 1167 sceleris
1660 1128 1920 1178 impietatem

315 1187 360 1224 in
390 1187 529 1236 ipsum
559 1186 745 1224 seculum
779 1185 922 1232 reiicit,
960 1184 1240 1223 ‘'Saluamini’
1273 1184 1422 1233 inquit,
1461 1185 1506 1221 ‘a
1539 1183 1804 1232 generatione
1839 1183 1918 1220 ista

315 1254 441 1290 praua
454 1242 475 1279 ².
537 1240 631 1279 Non
665 1240 817 1289 regerit
848 1239 893 1277 111
928 1239 1022 1277 illos
1056 1239 1303 1286 conuicium,
1327 1252 1350 1276 a
1384 1238 1535 1287 quibus
1566 1237 1665 1276 dicti
1699 1240 1798 1275 sunt
1830 1250 1919 1275 esse

256 1307 297 1336 80
318 1299 454 1334 musto
482 1295 649 1341 madidi,
673 1295 741 1332 sed
773 1294 998 1332 moderatis
1020 1294 1251 1331 rationibus
1272 1295 1463 1331 excusat:
1488 1293 1587 1330 noui
1617 1291 1786 1341 spiritus
1807 1304 1918 1329 ener-

316 1350 427 1398 giam
447 1363 544 1397 esse,
566 1362 649 1387 non
670 1349 773 1388 vini.
816 1348 979 1386 Profert
999 1348 1156 1386 Iohelis
1177 1347 1480 1394 testimonium,
1500 1347 1609 1396 quod
1637 1346 1790 1385 sciebat
1808 1346 1918 1395 apud

317 1404 410 1442 illos
442 1404 674 1453 plurimum
708 1403 954 1441 habiturum
986 1402 1195 1452 ponderis.
1264 1403 1327 1439 Ac
1361 1402 1549 1439 nondum
1584 1401 1799 1439 Christum
1832 1413 1920 1450 pro-

316 1459 490 1497 nunciat
513 1459 652 1496 Deum
679 1461 721 1496 et
743 1457 989 1504 hominem3
1018 1457 1095 1495 hoc
1126 1457 1374 1506 mysterium
1403 1469 1477 1494 suo
1507 1456 1699 1494 seruabat
1726 1455 1915 1504 tempori.

316 1513 495 1551 Interim
520 1512 659 1551 virum
685 1514 844 1550 iustum
870 1512 1061 1560 appellat,
1086 1510 1316 1548 Dominum
1347 1523 1391 1548 ac
1422 1510 1629 1560 Messyam
1657 1509 1916 1559 pronunciat,

256 1575 296 1614 85
316 1567 440 1617 idque
469 1580 520 1604 ex
548 1567 767 1605 autoritate
797 1567 885 1611 Dei,
908 1579 1029 1615 quem
1059 1565 1247 1614 religiose
1277 1565 1467 1613 colebant·
1495 1567 1537 1602 et
1566 1564 1638 1603 illi.
1662 1566 1709 1602 vt
1732 1577 1780 1601 ex
1803 1565 1919 1612 patre

317 1622 483 1670 cognito
521 1621 608 1659 filio
648 1621 882 1659 conciliaret
921 1622 1117 1658 fauorem.
1188 1619 1255 1657 Ad
1295 1619 1394 1657 haec
1432 1632 1562 1668 quum
1601 1618 1836 1657 ostenderet
1870 1617 1919 1656 de

317 1676 482 1714 Christo
512 1689 596 1713 11011
625 1676 675 1713 de
704 1675 840 1713 Dauid
876 1675 1046 1719 dictum,
1080 1675 1187 1723 quod
1223 1674 1287 1711 illi
1324 1674 1372 1711 de
1407 1673 1548 1711 Dauid
1575 1674 1914 1722 interpretantur,

316 1734 551 1768 sermonem
591 1730 845 1768 offensurum
885 1729 1184 1778 praemitigans
1228 1728 1341 1766 ‘Viri
1359 1728 1367 1742 ’
1395 1728 1545 1777 inquit,
1582 1728 1763 1774 ‘frati-es,
1797 1727 1918 1765 liceat

316 1785 517 1822 audenter
536 1785 669 1822 dicere
689 1785 739 1822 ad
759 1798 834 1822 vos
854 1784 904 1821 de
923 1783 1157 1833 patriarcha
1177 1782 1313 1821 Dauid
1332 1784 1350 1819 ².

257 1855 298 1886 90
371 1839 437 1877 Sic
465 1838 623 1876 Paulus
652 1839 793 1876 omnia
824 1838 872 1876 fit
902 1837 1107 1881 omnibus,
1132 1839 1179 1874 vt
1200 1850 1345 1874 omnes
1366 1837 1531 1875 Christo
1556 1836 1798 1884 lucrifaciat,
1823 1849 1919 1875 suos

316 1893 541 1931 instituens
560 1895 605 1931 vt
626 1907 721 1931 cum
742 1893 856 1931 omni
878 1892 1198 1930 mansuetudine
1220 1892 1402 1938 doceant,
1426 1905 1510 1928 non
1537 1891 1767 1929 alienantes
1794 1904 1919 1940 quen-

317 1961 441 1997 quam
481 1961 646 1985 morum
681 1950 722 1985 et
755 1947 954 1985 orationis
986 1947 1214 1995 asperitate,
1251 1947 1319 1983 sed
1355 1946 1671 1984 mansuetudine
1705 1947 1920 1984 vincentes

317 2003 443 2040 etiam
478 2015 662 2040 morosos
697 2003 738 2039 et
776 2015 952 2051 asperos.
1025 2001 1191 2049 Quanta
1223 2000 1423 2038 ciuilitate
1463 2000 1677 2038 Christum
1710 1999 1920 2049 praedicat

315 2056 657 2103 Atheniensibus,
680 2056 852 2094 illorum
872 2056 979 2094 vicia
999 2055 1042 2092 in
1072 2055 1260 2093 seculum
1288 2054 1427 2103 ipsum
1456 2054 1657 2092 reiiciens.
1721 2058 1729 2072 ⁴
1743 2054 1798 2092 Et
1818 2057 1919 2092 tem-

255 2130 294 2161 95
315 2124 415 2160 pora
449 2110 644 2160 quidem'
676 2110 823 2160 inquit,
864 2110 1012 2148 ‘huius
1048 2109 1305 2158 ignorantiae
1339 2109 1572 2158 despiciens
1607 2109 1744 2147 Deus?
1800 2109 1920 2158 Ipsos

317 2166 490 2203 honesto
519 2167 717 2214 gratoque
747 2165 917 2214 prologo
939 2164 1072 2201 ‘viros
1099 2163 1400 2202 Athenienses'
1419 2163 1613 2212 appellat.
1671 2162 1757 2201 Nec
1785 2163 1920 2201 saeuis

317 2219 454 2257 verbis
493 2220 673 2268 exagitat
706 2219 886 2267 impium
920 2219 1082 2256 cultum
1116 2218 1442 2265 daemoniorum,
1480 2218 1551 2255 sed
1587 2217 1772 2255 oratione
1804 2217 1920 2255 ciuili

316 2273 628 2322 superstitionis
648 2273 743 2311 illos
764 2273 981 2311 insimulat
1000 2273 1071 2321 qui
1098 2273 1191 2321 plus
1218 2272 1401 2310 colerent
1426 2284 1550 2320 quam
1577 2275 1793 2321 oporteret.
1854 2271 1919 2309 Ti-

315 2328 455 2366 tulum
474 2341 566 2365 arae
585 2328 691 2366 forte
712 2330 978 2376 conspectum
998 2329 1162 2376 torquet
1182 2326 1225 2363 111
1248 2328 1543 2376 argumentum
1562 2326 1669 2374 fidei,
1693 2326 1920 2364 demutatis

236 2402 297 2424 100
317 2382 444 2420 etiam
464 2385 503 2420 et
525 2382 752 2431 amputatis
767 2382 904 2420 verbis
920 2381 1100 2430 aliquot:
1130 2393 1205 2418 1100
1224 2381 1357 2418 adhuc
1374 2379 1590 2418 Christum
1604 2380 1717 2418 aliud
1738 2379 1919 2430 appellat

318 2449 442 2486 quam
476 2436 626 2483 virum,
660 2449 732 2485 per
766 2449 890 2485 quem
924 2436 1036 2473 Deus
1064 2435 1277 2473 statuisset
1305 2435 1487 2472 conferre
1517 2435 1695 2472 salutem
1724 2435 1919 2473 vniuerso

317 2490 558 2528 mortalium
592 2491 758 2539 generi3
800 2503 874 2528 nec
907 2490 1014 2539 apud
1047 2489 1123 2527 hos
1157 2490 1312 2538 profert
1349 2489 1646 2538 prophetarum
1683 2489 1922 2527 testimonia

962 2620 1014 2658 84.
1041 2619 1204 2650 Messium
1223 2621 1261 2649 X.

359 2712 412 2748 64.
438 2710 661 2750 Aristotelis]
703 2710 753 2741 Cf.
799 2711 981 2741 ‘carnifex
1018 2711 1081 2741 illa
1194 2710 1246 2739 81.
1273 2710 1918 2751 1011elis]2.28-32,ap.Aets2.17-20.

315 2754 617 2785 conscientiarum
642 2753 927 2793 theologistria’;
961 2755 1000 2784 in
1028 2757 1081 2784 Re-
1195 2754 1246 2790 84.
1272 2755 1390 2784 virum
1409 2756 1561 2796 iustum]
1580 2757 1666 2786 Acts
1682 2765 1713 2793 3.
1736 2765 1784 2794 14.

316 2801 368 2829 sol.
393 2807 486 2833 super
511 2807 631 2834 propos
659 2800 728 2828 suis
751 2800 875 2835 Lipsiae
900 2801 1079 2835 disputaris.
1197 2797 1247 2827 88.
1274 2797 1350 2828 Viri
1368 2822 1377 2830 .
1397 2821 1405 2829 .
1425 2821 1432 2828 .
1452 2798 1596 2839 fratres]
1614 2800 1701 2830 Acts
1716 2810 1746 2830 2.
1766 2809 1818 2839 29.

319 2851 412 2880 1519,
426 2841 587 2871 VVeimar
602 2840 655 2870 ed.
676 2841 713 2872 ii.
731 2851 805 2880 401,
826 2852 876 2872 20.
1196 2850 1250 2879 90.
1276 2841 1423 2882 Paulus]
1446 2852 1459 2872 1
1479 2842 1555 2873 Cor.
1575 2854 1607 2881 9.
1626 2853 1678 2873 22.

361 2886 412 2923 78.
439 2884 659 2924 Saluamini]
678 2884 764 2914 Acts
779 2894 809 2914 2.
827 2895 878 2923 40.
1194 2895 1248 2923 94.
1275 2885 1320 2915 Et
1337 2886 1513 2926 tempora]
1532 2888 1617 2917 Acts
1636 2896 1684 2925 17.
1702 2896 1755 2925 30.

359 2930 412 2959 80.
439 2927 592 2967 madidi]
613 2928 664 2958 Cf.
683 2928 769 2958 Acts
786 2938 816 2957 2.
839 2938 885 2966 13,
909 2937 956 2966 15.
1195 2930 1248 2966 96.
1275 2928 1533 2970 Athenienses]
1552 2930 1639 2960 Acts
1658 2939 1707 2969 17.
1726 2940 1778 2960 22.

403 2971 602 3012 energiam]
628 2971 691 3001 See
709 2972 771 3011 Ep.
794 2981 887 3010 1334.
907 2982 1004 3010 10911.
1200 2981 1270 3002 101.
1296 2972 1432 3013 virum]
1450 2973 1539 3004 Acts
1559 2984 1607 3012 17.
1627 2983 1679 3013 31.
