1990 3353
279 107 358 146 412

750 108 1003 149 LETTERS
1042 109 1111 148 OF
1148 109 1413 150 ERASMUS

1753 109 1880 165 [1520

307 256 515 288 ERASMVS
547 257 770 291 ROTEROD.
803 258 1156 290 CHRISTOPHORO
1188 259 1548 291 HEGENDORFINO
1580 258 1732 290 LIPSIO
1763 260 1798 291 S.
1820 259 1864 290 D.

335 349 431 387 TAM
450 362 524 399 ego
543 349 692 387 absum
711 348 761 388 ab
782 349 948 399 Vlysse,
968 363 1092 400 quem
1111 363 1178 389 me
1199 350 1300 389 facis
1326 350 1371 388 in
1398 349 1530 388 literis
1559 350 1654 398 tuis,
1679 363 1805 400 quam
1831 352 1879 389 tu
1899 346 1910 359 ⁸

279 403 424 454 procul
451 402 548 442 abes
577 417 601 442 a
631 403 832 451 Thersite,
855 405 921 443 cui
948 405 989 443 te
1018 405 1191 443 confers.

1249 404 1471 444 Doctrinae
1490 404 1655 443 laudem
1676 417 1801 454 quam
1827 404 1878 443 ad

280 457 485 496 inuidiam
506 470 635 507 Vsque
654 458 761 496 mihi
782 458 983 507 tribuitis,
998 459 1123 498 toties
1142 459 1226 497 iam
1246 459 1402 498 frustra
1421 459 1626 509 deprecor.
1676 458 1880 497 Humani·

279 511 377 550 tatis
406 514 447 550 et
476 512 666 551 candoris
695 512 860 551 laudem
888 513 1024 552 libens
1050 526 1329 564 agnoscerem,
1357 513 1392 551 si
1420 526 1495 563 per
1524 513 1811 562 occupationes
1839 515 1882 551 et

244 577 261 608 5
279 566 470 604 fortunae
490 566 798 617 malignitatem
824 567 1075 606 tantundem
1098 570 1305 618 praestare
1330 581 1493 618 possem
1513 569 1717 617 quantum
1747 566 1879 617 cupio.

280 620 528 659 Eruditione
550 621 694 660 volens
713 621 811 660 cedo
831 621 1086 672 quibuslibet
1104 636 1113 670 ;
1142 621 1416 661 humanitatis
1431 621 1574 661 officiis
1590 623 1695 672 quod
1712 634 1883 671 superor

281 687 595 725 nonnunquam,
633 676 855 715 necessitas
889 679 952 715 est
985 676 1031 715 in
1064 689 1196 725 causa,
1233 689 1318 715 non
1357 678 1515 715 natura.

1577 676 1621 715 Si
1658 675 1881 726 Philippus

280 729 578 769 Melanchthon
597 730 717 769 duxit
728 743 915 778 vxor-em,
929 731 1026 781 quid
1043 733 1230 780 superest
1251 730 1333 769 nisi
1344 733 1393 770 vt
1408 731 1470 769 illi
1492 731 1594 769 bene
1615 731 1850 769 ominemur
1862 730 1882 768 ⁶?

279 784 446 833 quando
467 785 575 834 quod
595 785 751 830 factum
767 787 840 834 est,
858 785 1040 823 rescindi
1055 798 1141 823 non
1160 787 1307 836 potest.
1353 785 1559 834 Quorsum
1580 785 1709 835 igitur
1727 783 1882 823 attinet

223 853 262 876 10
281 851 392 877 nunc
411 838 639 877 amicorum
660 839 851 889 colligere
870 840 1099 878 sententias
1111 841 1132 878 ‘?

335 892 451 941 Quod
481 892 604 931 isthic
634 893 718 943 agit
747 893 907 942 Eccius,
936 894 1015 932 hoc
1044 894 1112 932 hic
1140 894 1309 945 quidam
1338 896 1469 944 agunt
1499 893 1726 933 maioribus
1753 893 1881 932 etiam

279 947 439 986 studiis.

500 948 580 986 Sed
600 948 726 986 huius
746 948 909 987 fabulae
929 960 1093 998 semper
1117 948 1378 987 decreueram
1403 961 1490 987 esse
1519 950 1734 998 spectator,
1759 947 1816 986 sic
1835 950 1883 986 vt

279 1014 354 1040 nec
389 1001 425 1039 si
458 1001 563 1040 bene
597 1004 776 1050 cesserit,
812 1003 919 1040 mihi
952 1002 1086 1041 laudis
1118 1002 1275 1053 aliquid
1308 1002 1527 1053 postulem,
1561 1016 1647 1051 nec,
1681 1002 1717 1040 si
1750 1015 1878 1050 secus,

280 1056 529 1105 reprehendi
544 1057 711 1106 possim.
750 1057 853 1095 Fata
864 1056 978 1096 viam
995 1057 1226 1095 inuenient.
1273 1057 1495 1096 Caeterum
1516 1057 1623 1107 quod
1645 1056 1689 1095 in
1708 1056 1882 1094 Eccium

223 1123 260 1155 15
281 1110 444 1149 schedis
463 1111 598 1149 affixis
617 1110 782 1159 ludunt,
808 1111 954 1150 multis
974 1111 1110 1149 modis
1133 1111 1240 1149 mihi
1267 1111 1471 1162 displicet.

1530 1112 1723 1150 Primum
1747 1123 1864 1149 exem
1873 1131 1882 1138 -

280 1165 398 1215 plum
419 1165 700 1215 periculosum
717 1168 789 1213 est,
808 1166 916 1216 quod
933 1166 978 1204 in
998 1167 1190 1216 quemuis
1210 1166 1306 1204 ilico
1326 1166 1456 1215 possit
1477 1165 1669 1204 recidere.
1721 1165 1882 1203 Deinde

280 1219 379 1269 quid
396 1219 568 1259 stultius
582 1233 707 1270 quam
723 1234 792 1258 eos
807 1233 1029 1270 prouocare
1045 1233 1149 1270 quos
1163 1233 1249 1258 non
1264 1220 1398 1270 possis
1412 1233 1595 1259 coercere
1607 1220 1628 1258 5³
1665 1220 1882 1258 Postremo

280 1274 379 1324 quid
413 1274 556 1312 minus
592 1274 789 1313 decorum
824 1275 1058 1323 Germanis,
1095 1274 1249 1325 quibus
1281 1276 1546 1325 praecipuam
1579 1274 1746 1312 laudem
1781 1273 1882 1312 olim

280 1328 439 1379 peperit
474 1328 623 1367 bellica
656 1329 802 1377 virtus,
841 1342 966 1379 quam
1002 1329 1224 1380 anonymis
1257 1329 1414 1368 libellis
1448 1330 1664 1379 pugnare?
1703 1340 1882 1378 quorum

279 1438 455 1476 reddant
472 1437 599 1476 etiam
618 1438 846 1477 meliorem.

222 1399 263 1421 20
280 1383 451 1421 interim
467 1383 648 1433 suspicio
665 1383 820 1422 multos
834 1385 979 1433 grauat
991 1384 1243 1431 innocentes,
1260 1397 1355 1422 cum
1371 1383 1701 1422 aduersariorum
1717 1395 1882 1421 causam

335 1491 391 1530 Vt
419 1492 547 1531 armis
575 1506 663 1530 rem
687 1506 827 1542 gerere
853 1493 936 1531 nisi
962 1505 1058 1530 cum
1079 1495 1197 1543 vrget
1223 1493 1456 1541 necessitas,
1480 1506 1565 1531 non
1591 1494 1654 1531 est
1680 1492 1762 1530 mei
1789 1504 1883 1530 con-

280 1545 376 1594 silii,
419 1546 477 1585 ita
509 1547 664 1585 libellis
701 1560 885 1597 pugnare
924 1547 1050 1585 nimis
1087 1547 1290 1598 ineptum,
1326 1561 1401 1586 nec
1439 1547 1539 1586 satis
1573 1547 1676 1585 viris
1709 1547 1883 1596 dignum

279 1600 428 1639 iudico.

504 1601 638 1651 Magis
676 1601 779 1639 illud
819 1601 869 1641 ad
915 1614 1004 1640 rem
1049 1602 1293 1651 pertinebat,
1334 1601 1634 1651 circunspicere
1678 1601 1884 1640 rationem

222 1672 260 1704 25
279 1654 463 1704 aliquam
502 1669 583 1705 qua
621 1656 711 1694 sine
748 1656 936 1694 tumultu
975 1657 1111 1694 totum
1149 1657 1227 1695 hoc
1260 1657 1478 1705 negocium
1512 1655 1643 1706 possit
1677 1655 1879 1705 componi.

283 1708 406 1748 Nunc
427 1709 637 1748 Lutherus
657 1723 727 1748 eos
747 1712 944 1760 prouocat
965 1710 1048 1760 qui,
1067 1710 1193 1749 etiam
1214 1711 1249 1749 si
1270 1711 1422 1749 malam
1444 1723 1610 1749 causam
1629 1710 1883 1748 haberent-

283 1764 393 1813 quod
414 1777 489 1813 ego
508 1777 594 1802 non
614 1765 749 1804 iudico
760 1787 815 1813 ——,
832 1778 885 1803 ne
900 1765 1064 1814 possint
1080 1765 1248 1814 quidem
1264 1762 1454 1815 opprimi.
1498 1764 1552 1802 Et
1569 1765 1737 1803 interim
1753 1764 1884 1803 bonas

283 1817 425 1857 literas
438 1819 638 1868 degrauat
652 1819 822 1867 inuidia,
837 1819 881 1857 in
899 1832 1002 1870 quas
1016 1818 1235 1858 crabrones
1251 1819 1327 1858 hos
1342 1819 1548 1867 immittit,
1563 1819 1633 1857 vix
1649 1819 1885 1857 tolerabiles

283 1873 408 1911 etiam
443 1886 538 1911 cum
572 1887 637 1912 res
670 1873 755 1912 illis
786 1874 893 1911 male
925 1873 1152 1912 succedunt
1168 1888 1175 1910 :
1216 1874 1309 1923 quis
1346 1878 1487 1912 autem
1521 1873 1628 1911 feret
1660 1873 1885 1923 gestientes

330 2108 356 2131 1.
384 2097 517 2140 literis]
535 2098 606 2129 Not
621 2100 758 2129 extant.

327 2143 357 2174 8.
383 2142 544 2183 vxorem]
563 2142 755 2173 Catherine
773 2142 890 2182 Crapp
905 2143 1052 2183 (1497—

287 2196 322 2216 11
348 2186 421 2217 Oct.
450 2186 561 2226 1557),
579 2186 756 2225 daughter
779 2187 818 2217 of
837 2186 901 2217 the
926 2187 1050 2226 burgo-

284 2232 419 2261 master
436 2231 474 2261 of
487 2229 725 2270 wittenberg.
773 2229 847 2260 The
872 2231 1050 2270 marriage

283 2273 367 2304 took
379 2274 478 2313 place
492 2283 537 2303 on
552 2274 593 2303 26
606 2274 692 2304 Nov.
708 2282 800 2312 1520.
828 2274 892 2304 See
904 2273 980 2305 ME.
995 2274 1049 2312 85,

283 2318 336 2357 89,
355 2328 409 2357 90,
429 2327 490 2356 94:
517 2316 600 2348 LE2-
621 2317 696 2356 338,
716 2318 791 2356 364·

330 2370 379 2392 11.
405 2359 548 2401 Eccius]
567 2360 618 2392 Cf.
635 2361 696 2400 Ep.
720 2362 813 2392 1166.
827 2361 908 2392 86n.

330 2413 380 2443 15.
404 2404 547 2434 schedis
563 2403 693 2445 affixis]
712 2404 879 2435 Placards
891 2403 1051 2444 publicly

284 2447 406 2488 posted
423 2457 430 2485 ;
455 2447 499 2478 cf.
517 2448 580 2487 Ep.
604 2449 694 2478 1061.
707 2457 809 2487 505n.

331 2491 380 2521 18.
406 2491 611 2532 Germanis]
641 2491 692 2523 Of.
713 2492 777 2531 Ep.
807 2501 900 2530 1225.
924 2501 1049 2531 131-23

284 2534 356 2565 and
370 2536 421 2565 for
438 2535 542 2565 other
552 2537 691 2574 aspects
705 2536 742 2565 of
756 2536 853 2566 their
865 2536 1051 2566 character

284 2579 322 2608 in
334 2578 395 2609 the
406 2578 534 2609 letters
545 2579 582 2609 of
589 2578 663 2609 this
673 2578 796 2618 period
807 2588 863 2610 see
873 2579 959 2619 Epp.
970 2580 1047 2618 998.

284 2623 365 2660 6411,
387 2631 481 2660 1155.
497 2622 594 2661 28-9‚
617 2624 710 2661 1167.
723 2632 822 2662 9-10,
841 2624 933 2654 1186.
950 2632 1047 2662 22-3.

331 2674 381 2705 19.
407 2665 535 2696 bellica
557 2665 691 2707 virtus]
717 2666 772 2697 Cf.
796 2666 886 2706 Epp.
908 2675 1045 2706 307.14‚

284 2709 359 2747 380-
376 2709 452 2748 6-7‚
487 2709 561 2747 875-
581 2719 608 2749 1,
640 2719 714 2749 919-
728 2711 825 2749 35-6‚
859 2719 934 2750 939·
949 2711 1046 2748 26-9-

286 2752 330 2784 In
358 2755 463 2790 Aday.
491 2752 555 2790 844
586 2753 753 2783 Erasmus
779 2752 960 2784 describes
987 2753 1049 2784 the

284 2795 424 2827 Junkor
437 2796 474 2826 of
486 2795 544 2826 his
557 2796 626 2835 day
640 2808 646 2827 :
675 2798 682 2814 ⁶
694 2797 813 2835 Atque
827 2797 914 2827 haec
924 2795 1049 2839 (pecu—

285 2839 366 2882 nia)
390 2841 443 2870 est
467 2848 538 2869 vna
561 2849 634 2870 non
658 2840 809 2871 minima
830 2841 941 2880 pestis
965 2841 1048 2871 Ger-

285 2883 428 2913 maniae
460 2885 612 2920 nostrae,
647 2884 836 2923 praecipue
867 2883 960 2924 apud
991 2893 1050 2914 eos

285 2927 346 2966 qui
361 2926 564 2957 nobilitatis
577 2926 686 2957 titulo
699 2927 898 2966 gloriantur
912 2939 918 2958 :
937 2936 1047 2966 quan-

285 2980 393 3010 quam
415 2971 501 3000 sunt
522 2971 559 3000 in
583 2970 641 3000 liis
658 2970 720 3009 qui
739 2971 964 3002 nobilitatem
983 2970 1049 3000 fin-

285 3015 386 3053 gunt,
406 3016 444 3045 vt
465 3013 551 3045 haec
574 3013 708 3044 faciant
727 3015 964 3054 impunitius;
988 3015 1048 3054 qui

223 1940 264 1972 30
282 1926 488 1966 victoria?
544 1928 634 1965 Aut
653 1941 727 1978 ego
748 1928 854 1967 nihil
873 1927 1005 1976 video,
1028 1930 1100 1966 aut
1119 1928 1200 1966 alio
1220 1928 1400 1966 tendunt
1420 1941 1544 1978 quam
1565 1928 1615 1966 ad
1636 1928 1884 1966 Lutherum.

1118 2098 1319 2129 subornant
1352 2108 1372 2129 a
1399 2098 1529 2138 quibus
1552 2099 1726 2129 vocentur
1757 2097 1886 2129 Ionck-

1117 2142 1210 2182 heri,
1240 2142 1377 2173 iactant
1404 2151 1501 2173 arces
1532 2143 1712 2181 paternas,
1744 2141 1886 2173 addunt

1118 2185 1279 2225 plumam
1311 2186 1440 2226 galero,
1469 2186 1624 2225 pingunt
1652 2185 1819 2226 clypeum
1844 2186 1885 2216 in

1118 2237 1187 2268 quo
1207 2228 1332 2260 dextra
1352 2230 1492 2260 librans
1508 2229 1713 2260 macheram
1734 2229 1886 2260 dissecet

1117 2273 1361 2313 elephantem,
1379 2273 1609 2304 subscribunt
1632 2272 1796 2313 epistolis
1811 2273 1886 2304 suis

1119 2319 1191 2347 tres
1208 2317 1345 2355 literas,
1367 2318 1387 2334 “
1401 2315 1513 2356 Equ.'’
1560 2317 1597 2347 Si
1616 2318 1697 2356 quis
1713 2317 1761 2347 sit
1777 2318 1885 2348 natus

1118 2360 1235 2391 viculo
1262 2361 1444 2400 quopiam,
1473 2361 1562 2401 puta
1593 2360 1884 2400 Ornithoplutus,

1118 2404 1215 2435 dicto
1246 2404 1414 2443 Isocomo,
1447 2413 1522 2435 non
1554 2413 1591 2434 se
1619 2404 1742 2435 scribit
1770 2404 1884 2434 Isoco-

1119 2457 1409 2478 mensem—nam
1442 2447 1476 2478 id
1510 2447 1693 2488 plebeium
1721 2447 1885 2478 est—sed

1116 2491 1394 2531 Ornithoplutus
1410 2491 1453 2521 ab
1466 2492 1638 2523 Isocomo.
1671 2491 1792 2530 Atque
1805 2493 1884 2522 tum

1117 2535 1186 2565 sibi
1203 2535 1259 2565 ius
1275 2545 1348 2566 esse
1361 2536 1492 2574 putant
1504 2535 1663 2566 indicere
1674 2534 1812 2566 bellum
1825 2536 1882 2565 cui

1117 2578 1235 2609 visum
1259 2580 1323 2609 est.
1351 2601 1359 2609 .
1384 2602 1391 2609 .
1413 2602 1422 2610 .
1447 2578 1615 2610 Curritur
1637 2579 1677 2609 in
1701 2578 1882 2617 militiam,

1117 2622 1272 2653 redeunt
1295 2631 1377 2652 cum
1401 2622 1532 2661 praeda
1555 2631 1628 2653 non
1652 2622 1695 2653 ab
1720 2621 1884 2652 hostibus

1117 2668 1228 2705 parta.
1298 2666 1368 2696 His
1421 2666 1641 2696 rudimentis
1696 2665 1883 2696 exercitati

1117 2708 1258 2739 nullum
1291 2709 1440 2740 horrent
1472 2709 1650 2747 faeinus’;
1691 2718 1711 2739 a
1741 2718 1883 2749 passage

1117 2752 1277 2783 inserted
1289 2753 1328 2783 in
1340 2753 1434 2792 Sept.
1451 2754 1543 2792 1528,
1554 2752 1645 2783 with
1657 2762 1752 2783 some
1764 2753 1884 2792 points

1117 2795 1155 2826 of
1175 2795 1415 2827 resemblance
1439 2798 1475 2827 to
1496 2797 1557 2827 the
1582 2796 1745 2835 colloquy
1762 2794 1886 2826 Ἱππεὺς

1115 2839 1244 2871 ἄνιππος
1267 2841 1316 2879 (p.
1334 2840 1426 2879 303).
1475 2841 1525 2870 At
1548 2839 1609 2870 the
1626 2849 1721 2870 same
1738 2839 1820 2870 date
1836 2839 1883 2870 he

1117 2882 1232 2913 added
1260 2884 1296 2913 to
1321 2885 1424 2921 Adaq.
1452 2892 1533 2923 1724
1562 2893 1582 2914 a
1618 2883 1884 2914 characteristic

1119 2926 1157 2957 of
1183 2926 1245 2957 the
1275 2926 1430 2957 German
1468 2927 1634 2966 soldiery,
1667 2927 1724 2957 ‘vt
1755 2925 1884 2957 dextra

1118 2969 1258 3000 sublata
1279 2970 1457 3000 laeticiam
1476 2970 1639 3000 indicent
1655 2970 1769 3001 animi
1785 2968 1802 3000 ³.

1163 3024 1214 3044 20.
1243 3013 1385 3054 grauat]
1404 3014 1453 3044 Cf.
1472 3013 1535 3053 Ep.
1557 3015 1650 3052 1165.
1667 3023 1719 3052 39.
