1990 3353
116 151 240 205 1108]
540 150 693 189 FROM
730 150 757 189 J
762 150 883 188 OHN
921 151 1092 190 LOUIS
1128 151 1301 192 VIVES
1642 154 1722 193 273

109 277 240 312 scens,
283 263 333 301 de
372 261 609 303 Christiana
645 260 845 311 religione
885 260 992 299 bene
1030 260 1196 309 mereri,
1232 261 1273 298 et
1305 259 1351 299 in
1385 261 1630 300 vniuersum
1671 263 1720 301 de

110 318 263 357 studiis
289 317 512 364 omnibus;
543 329 586 355 se
606 315 700 354 dare
727 328 895 365 operam
924 328 976 353 ne
1002 314 1049 353 in
1074 314 1452 354 concertationibus
1477 315 1721 366 theologicis

109 374 324 422 nugentur
342 371 614 421 disputantes.
675 369 731 408 Et
750 370 809 408 ita
827 382 872 408 se
891 382 956 408 res
976 369 1114 409 habet.
1175 369 1222 408 Si
1240 368 1334 420 quis
1352 372 1650 419 argumentum
1670 372 1721 409 ad

109 427 342 466 sorbonam
361 426 506 465 afferat
525 425 575 463 de
596 424 788 463 Suisetiis
812 425 1056 462 contextum
1082 423 1256 471 araneis,
1279 424 1502 474 corrugant
1529 424 1721 474 protinus
1757 463 1761 466 ,

110 482 296 520 frontem
324 483 366 519 et
398 479 625 518 reclamant
656 480 922 528 spectatores,
955 481 1079 529 atque
1109 477 1425 528 explosionibus
1453 477 1604 517 reflant
1631 479 1721 518 reii·
1744 496 1781 528 75

111 536 310 586 ciuntque
337 549 359 573 e
383 533 534 573 schola.
597 532 710 582 Quin
736 534 777 572 et
803 532 849 571 in
872 532 1214 571 altercationibus
1239 531 1547 583 philosophicis,
1571 533 1607 571 si
1627 534 1722 583 quis

111 589 423 639 aenigmatistes
436 588 667 627 instructus
682 587 825 626 veniat
840 587 1117 637 pronunciato
1132 586 1281 625 multis
1295 587 1722 637 syncathegorematis

112 646 263 684 onusto
283 645 324 682 et
343 643 452 694 quod
468 642 674 681 Ethrusco
689 641 875 690 indigeat
889 641 1128 688 coniectore,
1148 654 1191 679 re
1211 640 1314 680 alias
1329 642 1434 680 mire
1450 642 1500 680 ad
1516 641 1721 692 pullatam

111 698 453 737 scholasticorum
481 696 651 735 turbam
680 696 874 747 gratiosa,
905 695 943 733 is
970 708 1084 734 nunc
1112 695 1376 742 elamoribus,
1409 695 1553 744 sibilis,
1586 697 1722 748 explo-

111 752 311 801 sionibus,
339 751 671 802 pertumultuose
699 763 750 788 ex
779 750 959 789 diatriba
986 749 1167 789 eiicitur.
1223 749 1319 788 Non
1349 749 1496 789 dubito
1525 750 1629 801 quin
1655 751 1723 790 his
1743 759 1784 790 80

111 806 301 857 gaudeas,
323 819 398 856 pro
423 818 565 844 amore
586 805 634 843 in
659 804 768 844 bona
793 804 932 844 studia
958 806 1041 852 tuo,
1064 818 1170 854 quae
1195 804 1379 854 profecto
1405 805 1513 843 mihi
1539 806 1723 845 iucundo

112 862 284 900 fuerunt
303 860 550 911 spectaculo.
600 859 848 909 Quanquam
867 872 933 898 res
952 857 1026 898 illa
1045 859 1210 909 publica
1229 858 1418 898 nondum
1438 859 1574 909 potuit
1594 873 1724 910 genus

111 915 217 954 illud
237 915 468 966 sphingum
489 928 513 953 a
532 928 576 953 se
593 916 791 953 auertere.

167 970 223 1008 Et
241 969 342 1008 haec
362 969 532 1020 quidem
552 982 655 1018 quae
675 968 763 1007 dixi
789 968 943 1015 omnia,
967 967 1180 1017 pertinent
1205 967 1256 1006 ad
1283 967 1648 1015 oblectamentum,
1671 969 1723 1007 ad

112 1025 373 1074 voluptatem
403 1023 539 1073 animi
562 1023 674 1070 mei,
707 1035 832 1073 quam
859 1022 950 1072 cepi
976 1021 1202 1061 Parrhisiis
1227 1035 1313 1061 non
1342 1023 1546 1073 exiguam.
1607 1022 1722 1062 Illud
1742 1032 1782 1070 85

113 1080 221 1118 certe
241 1091 326 1117 non
345 1078 397 1117 ad
416 1091 510 1117 eam
529 1077 658 1116 solam
679 1078 750 1116 sed
777 1077 829 1116 ad
849 1078 1033 1115 fructum
1054 1089 1218 1127 quoque
1237 1077 1582 1127 peregrinationis
1607 1090 1723 1117 meae

113 1132 180 1170 vel
211 1133 444 1171 maximum
473 1132 583 1181 facit,
616 1132 726 1182 quod
756 1132 976 1170 Budaeum
1005 1132 1090 1169 iam
1119 1131 1223 1169 olim
1256 1134 1394 1180 tuum,
1423 1145 1535 1171 nunc
1563 1145 1719 1178 meum,

112 1187 199 1226 imo
226 1201 324 1226 vero
354 1189 557 1235 nostrum,
587 1186 728 1225 videre
757 1186 863 1225 mihi
893 1188 934 1224 et
962 1185 1118 1236 alloqui
1147 1186 1376 1235 contigerit.
1436 1187 1518 1226 Pro
1546 1187 1720 1234 Christe,

113 1241 330 1280 hominem
357 1241 616 1280 cuiusmodi!
651 1241 740 1279 siue
767 1241 859 1291 quis
885 1240 1103 1290 ingenium
1130 1242 1297 1289 spectet,
1327 1241 1418 1279 siue
1443 1241 1724 1280 eruditionem

115 1296 205 1335 siue
225 1308 364 1334 mores
383 1296 483 1345 siue,
501 1295 613 1345 quod
632 1297 890 1345 postremum
912 1295 958 1333 in
977 1294 1051 1332 illo
1071 1294 1242 1333 homine
1261 1297 1335 1343 est,
1354 1295 1592 1334 fortunam:
1620 1309 1724 1346 quae
1743 1310 1785 1341 90

114 1363 247 1400 quum
269 1351 314 1388 in
335 1363 383 1388 eo
403 1349 460 1388 sit
479 1349 829 1400 splendidissima,
847 1349 1027 1388 minima
1046 1350 1190 1387 tamen
1206 1351 1248 1387 et
1268 1349 1563 1388 obscurissima
1589 1352 1663 1397 est,
1687 1351 1725 1389 si

115 1418 210 1444 cum
230 1404 522 1454 magnitudine
543 1405 802 1443 caeterarum
825 1404 986 1442 dotium
1008 1402 1274 1453 claritateque
1291 1404 1539 1443 conferatur.
1590 1404 1724 1443 Natus

116 1461 176 1498 est
195 1458 284 1497 loco
304 1458 437 1497 nobili
456 1458 501 1497 in
519 1458 680 1509 primis,
698 1461 842 1508 estque
862 1458 907 1496 in
928 1457 1074 1496 ordine
1093 1470 1168 1495 suo
1189 1457 1486 1497 honestissima
1506 1458 1722 1508 dignitate,

114 1513 166 1552 ab
185 1513 338 1552 Vltima
356 1513 485 1562 stirpe
503 1513 641 1563 gentis
660 1513 711 1551 ad
732 1526 829 1551 eum
847 1512 1033 1558 deducta,
1052 1515 1145 1550 tum
1160 1512 1289 1550 etiam
1308 1512 1457 1562 opibus
1478 1513 1722 1560 instructus,

116 1581 219 1617 quae
248 1567 458 1606 natalibus
486 1580 572 1606 non
601 1567 688 1606 sint
716 1567 943 1617 pudendae.
1004 1567 1223 1606 Caeterum
1250 1566 1327 1604 hac
1352 1569 1469 1617 parte
1495 1568 1725 1606 censendus
1745 1584 1785 1615 95

114 1621 184 1660 ille
215 1635 299 1661 non
329 1624 412 1661 est:
453 1635 552 1660 nam
581 1624 740 1660 caetera
766 1621 849 1668 illa,
882 1624 930 1660 vt
958 1619 1111 1660 solaria
1138 1620 1340 1671 quaedam
1369 1621 1525 1671 sydera,
1558 1622 1725 1661 stellam

115 1677 223 1715 hanc
242 1677 434 1715 fortunae
452 1676 697 1727 generisque
716 1675 952 1715 obscurant.

170 1731 341 1770 Gaudeo
360 1744 428 1769 me
447 1730 499 1769 ad
522 1733 564 1769 te
582 1730 763 1770 scribere
781 1733 822 1769 et
842 1730 893 1768 de
913 1729 1095 1769 Budaeo.
1147 1729 1256 1768 Nam
1276 1729 1405 1768 huius
1424 1730 1569 1769 laudes
1587 1733 1726 1770 exerta

115 1786 157 1823 et
176 1785 286 1824 clara
303 1797 402 1824 voce
421 1785 664 1835 praedicant
683 1784 779 1823 libri
798 1797 901 1835 quos
920 1783 1086 1832 aedidit,
1109 1785 1150 1822 et
1169 1783 1258 1833 ipse
1283 1784 1481 1823 admirari
1505 1785 1726 1824 celebrare-

116 1852 195 1890 que
224 1852 311 1878 non
339 1852 474 1878 cessas
500 1839 686 1878 hominis
713 1840 922 1887 virtutes3
960 1852 1062 1889 quas
1090 1838 1237 1877 malim
1268 1839 1402 1878 multo
1431 1840 1482 1878 de
1509 1842 1551 1879 te
1571 1839 1727 1882 ‚audire
1750 1855 1811 1878 100

116 1906 244 1943 quam
282 1893 369 1943 ipse
405 1907 581 1933 narrare.
640 1894 774 1943 Quam
807 1894 944 1933 multa
976 1894 1078 1943 legit
1110 1895 1151 1931 et
1185 1906 1313 1942 quam
1347 1893 1531 1932 multum
1565 1894 1724 1933 multa!

116 1948 271 1986 Omnia
289 1961 392 1998 quae
411 1948 457 1987 in
475 1948 589 1987 hunc
609 1948 722 1987 diem
740 1948 907 1998 scripsit
927 1947 1093 1986 abunde
1112 1947 1352 1996 ostendunt,
1375 1961 1506 1997 quum
1527 1948 1637 1987 nihil
1659 1949 1725 1987 illi

116 2002 171 2040 sit
192 2015 278 2041 non
298 2003 465 2051 lectum,
488 2002 600 2041 nihil
618 2004 760 2042 tamen
779 2003 902 2041 illum
921 2002 1070 2052 legisse
1089 2001 1173 2040 nisi
1191 2003 1515 2041 accuratissime.
1571 2003 1725 2042 Memo-

117 2056 224 2095 riam
243 2057 338 2107 quis
357 2070 444 2096 non
463 2057 693 2096 admiretur
705 2058 726 2096 ⁶?
764 2057 1051 2096 Bibliothecas
1070 2056 1232 2094 medius
1251 2056 1377 2095 fidius
1398 2057 1511 2095 dicas
1537 2057 1724 2096 hominis

117 2113 272 2161 pectus,
290 2124 375 2150 non
387 2112 542 2161 pectus.
586 2111 654 2150 Ita
668 2114 768 2151 sunt
780 2111 846 2150 illi
859 2111 1002 2150 omnia
1016 2111 1061 2149 in
1077 2113 1306 2158 numerato,
1325 2111 1532 2159 historiae,
1547 2111 1722 2160 fabulae,
1748 2126 1807 2158 105

117 2165 403 2216 antiquitates,
424 2178 490 2204 res
509 2179 665 2214 omnes,
688 2166 815 2205 verba
833 2166 985 2206 omnia.
1026 2164 1174 2203 Latine
1194 2165 1253 2204 sic
1275 2165 1432 2214 scribit,
1451 2165 1510 2204 sic
1525 2164 1723 2216 loquitur,

116 2222 165 2258 vt
180 2232 266 2258 non
285 2219 341 2258 sit
360 2233 433 2259 cur
452 2220 596 2271 magni
615 2221 802 2259 nominis
822 2234 908 2259 non
928 2219 1153 2259 haberetur
1170 2221 1304 2258 aetate
1324 2219 1546 2268 Ciceronis,
1566 2220 1603 2259 si
1624 2223 1724 2259 tunc

590 2349 644 2388 87.
670 2348 757 2380 fecit
774 2351 872 2381 Loncz.
1007 2351 1064 2382 88.
1090 2351 1184 2382 Proh
1202 2354 1245 2383 H.

163 2459 216 2491 74.
239 2450 421 2493 Suisetiis]
457 2452 572 2493 Roger
599 2462 639 2484 or
668 2452 828 2484 Richard
862 2453 902 2484 of
943 2453 985 2485 f0,
1005 2452 1041 2484 M
1057 2455 1108 2491 νο,
1124 2452 1290 2484 includes
1312 2453 1536 2493 Swyneshed
1562 2455 1601 2486 in
1618 2464 1638 2486 a
1661 2454 1723 2486 list

118 2494 342 2533 Swyneshed
363 2495 493 2533 (hence
516 2496 688 2536 Suisetus,
708 2496 838 2535 Suiset,
858 2507 899 2528 or
944 2497 984 2528 of
996 2496 1176 2527 medieval
1191 2498 1456 2537 grammarians
1469 2497 1524 2529 for
1540 2498 1660 2530 whom
1678 2499 1724 2530 he

120 2537 284 2577 Suiseth)
302 2537 342 2568 in
359 2538 623 2580 Lincolnshire,
637 2550 710 2571 was
725 2549 746 2571 a
762 2540 897 2572 Fellow
944 2541 1010 2572 has
1025 2540 1122 2572 little
1138 2542 1274 2580 respect
1288 2551 1296 2578 ;
1320 2541 1363 2572 cf.
1387 2542 1603 2574 ‘Suiseticae
1626 2543 1724 2583 quis-

119 2582 157 2612 of
170 2581 314 2612 Merton
331 2581 481 2623 College,
497 2583 640 2624 Oxford,
654 2584 694 2615 in
714 2593 816 2624 1349:
839 2594 897 2615 see
945 2582 1099 2624 quiliae’
1128 2585 1166 2615 in
1194 2584 1299 2616 Vinc.
1323 2585 1562 2617 Theodorioi's
1582 2586 1724 2627 preface

121 2625 229 2656 DNB.
281 2620 351 2656 His
378 2628 623 2659 Calcadatizmum
638 2630 716 2659 liber
730 2637 803 2659 was
819 2627 897 2658 first
944 2630 982 2659 to
1010 2628 1139 2659 Petrus
1171 2627 1214 2659 de
1258 2628 1393 2660 Palude
1433 2630 1508 2670 (see
1539 2630 1604 2671 Ep.
1640 2632 1725 2670 1196

120 2667 269 2708 printed
285 2671 323 2699 at
334 2668 456 2701 Padua
466 2680 494 2702 c.
510 2680 592 2710 1477
608 2671 771 2712 (Proctor
780 2672 900 2712 6805):
945 2670 1112 2710 introd.).

121 2710 164 2742 cf.
206 2712 279 2742 also
317 2711 340 2744 l.
381 2713 463 2745 28n.
525 2714 596 2746 His
634 2715 898 2755 philosophical
991 2716 1043 2754 78·
1066 2714 1261 2755 Ethrusco]
1288 2715 1358 2746 For
1380 2715 1443 2747 the
1475 2716 1666 2748 eminence
1691 2718 1730 2748 of

120 2754 239 2786 works
264 2757 403 2787 remain
429 2758 562 2797 mostly
588 2759 627 2789 in
655 2768 731 2798 ms.‚
761 2760 825 2790 but
856 2762 899 2790 De
946 2759 1048 2790 these
1066 2758 1293 2798 soothsayers
1310 2760 1354 2791 ef.
1374 2759 1468 2791 Gell.
1486 2770 1518 2799 4.
1536 2769 1566 2800 5.
1584 2770 1616 2801 5.

120 2800 342 2830 insolubilibus
388 2810 462 2831 was
499 2800 648 2841 printed
690 2804 727 2833 at
765 2802 899 2834 Oxford
990 2803 1044 2841 87.
1070 2811 1168 2833 nunc
1200 2802 1337 2844 meum]
1374 2803 1484 2834 Vives
1515 2804 1588 2835 had
1621 2803 1726 2835 made

121 2852 148 2874 c.
182 2843 289 2881 1483:
325 2852 381 2874 see
407 2843 444 2875 F.
480 2843 622 2885 Madau,
655 2847 753 2882 Early
785 2848 902 2884 Oxsord
947 2845 1124 2877 Budaeus'
1151 2846 1412 2885 acquaintance
1439 2847 1513 2878 and
1537 2847 1622 2888 paid
1646 2847 1725 2878 him

120 2888 221 2924 Press,
239 2885 342 2918 OHS.
362 2887 449 2919 xxix
465 2887 643 2929 (1895),p.
659 2898 689 2928 3.
730 2889 818 2921 This
828 2899 901 2921 was
948 2891 1018 2921 two
1049 2889 1136 2920 calls
1167 2890 1276 2920 when
1298 2890 1346 2921 he
1370 2893 1468 2922 went
1496 2893 1534 2922 to
1560 2891 1663 2922 Paris
1687 2892 1726 2921 in

122 2928 278 2969 perhaps
294 2930 357 2960 the
377 2931 490 2962 ‘liber
506 2931 570 2962 diu
593 2931 756 2972 optatus'
777 2933 901 2964 which
946 2933 1043 2964 June
1075 2941 1178 2972 1519:
1217 2943 1274 2964 see
1302 2934 1390 2974 Epp.
1421 2935 1497 2974 987,
1526 2944 1605 2974 992.
1635 2944 1665 2973 1,
1694 2945 1723 2964 2.

121 2973 306 3004 Casaubon
334 2973 450 3006 found
476 2975 584 3006 when
612 2976 658 3006 he
682 2976 813 3007 visited
837 2977 901 3008 the
947 2976 1127 3008 Budaeus'
1163 2976 1384 3016 subsequent
1416 2977 1542 3009 letters
1573 2980 1610 3009 to
1648 2977 1725 3008 him

123 3016 296 3047 Bodleian
308 3017 347 3048 in
364 3019 446 3057 1613
458 3017 521 3058 (M.
535 3018 711 3059 Pattison,
727 3022 898 3060 casaubon,
948 3019 1054 3062 (BE.⁴
1071 3029 1126 3059 43,
1137 3028 1189 3059 51,
1203 3029 1256 3060 52,
1272 3021 1327 3060 66,
1341 3021 1400 3060 67>
1413 3021 1485 3052 and
1503 3021 1579 3052 this
1595 3020 1726 3052 second

126 3060 220 3099 1892,
237 3070 260 3100 p
290 3062 382 3101 363).
419 3061 527 3094 Vives
543 3062 583 3094 in
608 3062 669 3094 the
685 3065 898 3103 Pseudodiaz„
948 3064 1034 3095 visit
1051 3063 1185 3103 clearly
1202 3064 1273 3095 had
1291 3064 1511 3095 established
1528 3065 1714 3104 intimacy.

189 3127 265 3147 452«
912 3130 936 3156 Τ
