<?xml version="1.0" encoding="UTF-8"?>
<!DOCTYPE html PUBLIC "-//W3C//DTD XHTML 1.0 Transitional//EN"
    "http://www.w3.org/TR/xhtml1/DTD/xhtml1-transitional.dtd">
<html xmlns="http://www.w3.org/1999/xhtml" xml:lang="en" lang="en">
 <head>
  <title>
</title>
<meta http-equiv="Content-Type" content="text/html;charset=utf-8" />
  <meta name='ocr-system' content='tesseract 3.04.00' />
  <meta name='ocr-capabilities' content='ocr_page ocr_carea ocr_par ocr_line ocrx_word'/>
</head>
<body>
  <div class='ocr_page' id='page_1' title='image "./opusepistolarumd04erasuoft_0044.png"; bbox 0 0 1990 3353; ppageno 0'>
   <div class='ocr_carea' id='block_1_1' title="bbox 336 131 1933 185">
    <p class='ocr_par' dir='ltr' id='par_1_1' title="bbox 336 131 1933 185">
     <span class='ocr_line' id='line_1_1' title="bbox 336 131 1933 185; baseline -0.003 -11"><span class='ocrx_word' id='word_1_1' title='bbox 336 136 361 174; x_wconf 88' lang='lat'>6</span> <span class='ocrx_word' id='word_1_2' title='bbox 807 134 1055 174; x_wconf 78' lang='lat' dir='ltr'>LETTERs</span> <span class='ocrx_word' id='word_1_3' title='bbox 1094 133 1164 172; x_wconf 76' lang='lat' dir='ltr'>or</span> <span class='ocrx_word' id='word_1_4' title='bbox 1202 133 1465 173; x_wconf 81' lang='lat' dir='ltr'>ERAsMUs</span> <span class='ocrx_word' id='word_1_5' title='bbox 1807 131 1933 185; x_wconf 87' lang='lat'><strong>[1519</strong></span> 
     </span>
    </p>
   </div>
   <div class='ocr_carea' id='block_1_2' title="bbox 265 241 1932 1487">
    <p class='ocr_par' dir='ltr' id='par_1_2' title="bbox 335 241 1932 459">
     <span class='ocr_line' id='line_1_2' title="bbox 391 241 1932 297; baseline -0.005 -11"><span class='ocrx_word' id='word_1_6' title='bbox 391 247 524 296; x_wconf 80' lang='lat' dir='ltr'>Quare</span> <span class='ocrx_word' id='word_1_7' title='bbox 553 247 665 285; x_wconf 89' lang='lat' dir='ltr'>istud</span> <span class='ocrx_word' id='word_1_8' title='bbox 696 260 768 297; x_wconf 91' lang='lat' dir='ltr'>pro</span> <span class='ocrx_word' id='word_1_9' title='bbox 797 244 1003 284; x_wconf 71' lang='lat' dir='ltr'><strong>constanti</strong></span> <span class='ocrx_word' id='word_1_10' title='bbox 1024 244 1104 283; x_wconf 89' lang='lat' dir='ltr'>tibi</span> <span class='ocrx_word' id='word_1_11' title='bbox 1128 243 1242 292; x_wconf 85' lang='lat' dir='ltr'>habe,</span> <span class='ocrx_word' id='word_1_12' title='bbox 1265 257 1332 282; x_wconf 91' lang='lat' dir='ltr'>me</span> <span class='ocrx_word' id='word_1_13' title='bbox 1361 256 1456 281; x_wconf 91' lang='lat' dir='ltr'>eum</span> <span class='ocrx_word' id='word_1_14' title='bbox 1486 255 1570 281; x_wconf 92' lang='lat' dir='ltr'>non</span> <span class='ocrx_word' id='word_1_15' title='bbox 1600 255 1689 281; x_wconf 88' lang='lat' dir='ltr'>esse</span> <span class='ocrx_word' id='word_1_16' title='bbox 1712 241 1783 292; x_wconf 90' lang='lat' dir='ltr'>qui</span> <span class='ocrx_word' id='word_1_17' title='bbox 1812 241 1862 279; x_wconf 90' lang='lat' dir='ltr'>de</span> <span class='ocrx_word' id='word_1_18' title='bbox 1890 243 1932 280; x_wconf 87' lang='lat' dir='ltr'>te</span> 
     </span>
     <span class='ocr_line' id='line_1_3' title="bbox 335 296 1930 352; baseline -0.004 -11"><span class='ocrx_word' id='word_1_19' title='bbox 335 304 406 340; x_wconf 86' lang='lat' dir='ltr'>aut</span> <span class='ocrx_word' id='word_1_20' title='bbox 435 302 585 352; x_wconf 88' lang='lat' dir='ltr'>quouis</span> <span class='ocrx_word' id='word_1_21' title='bbox 612 302 693 340; x_wconf 83' lang='lat' dir='ltr'>alio</span> <span class='ocrx_word' id='word_1_22' title='bbox 722 301 831 338; x_wconf 90' lang='lat' dir='ltr'>male</span> <span class='ocrx_word' id='word_1_23' title='bbox 861 299 1015 337; x_wconf 87' lang='lat' dir='ltr'>sentire</span> <span class='ocrx_word' id='word_1_24' title='bbox 1044 298 1255 348; x_wconf 88' lang='lat' dir='ltr'>multoque</span> <span class='ocrx_word' id='word_1_25' title='bbox 1288 297 1429 335; x_wconf 87' lang='lat' dir='ltr'>minus</span> <span class='ocrx_word' id='word_1_26' title='bbox 1458 297 1594 335; x_wconf 83' lang='lat' dir='ltr'>dicere</span> <span class='ocrx_word' id='word_1_27' title='bbox 1622 296 1759 335; x_wconf 89' lang='lat' dir='ltr'>velim.</span> <span class='ocrx_word' id='word_1_28' title='bbox 1819 296 1930 344; x_wconf 77' lang='lat' dir='ltr'>Quin</span> 
     </span>
     <span class='ocr_line' id='line_1_4' title="bbox 336 350 1930 403; baseline -0.004 -9"><span class='ocrx_word' id='word_1_29' title='bbox 336 356 532 394; x_wconf 70' lang='lat' dir='ltr'>studiosis</span> <span class='ocrx_word' id='word_1_30' title='bbox 571 355 764 394; x_wconf 89' lang='lat' dir='ltr'>omnibus</span> <span class='ocrx_word' id='word_1_31' title='bbox 799 354 954 403; x_wconf 88' lang='lat' dir='ltr'>tibique</span> <span class='ocrx_word' id='word_1_32' title='bbox 992 352 1208 402; x_wconf 83' lang='lat' dir='ltr'>praecipue</span> <span class='ocrx_word' id='word_1_33' title='bbox 1246 365 1412 390; x_wconf 89' lang='lat' dir='ltr'>omnem</span> <span class='ocrx_word' id='word_1_34' title='bbox 1452 363 1619 400; x_wconf 87' lang='lat' dir='ltr'>operam</span> <span class='ocrx_word' id='word_1_35' title='bbox 1656 363 1792 388; x_wconf 90' lang='lat' dir='ltr'>meam</span> <span class='ocrx_word' id='word_1_36' title='bbox 1830 350 1930 389; x_wconf 84' lang='lat' dir='ltr'>adeo</span> 
     </span>
     <span class='ocr_line' id='line_1_5' title="bbox 335 404 1930 459; baseline -0.004 -10"><span class='ocrx_word' id='word_1_37' title='bbox 335 422 506 459; x_wconf 85' lang='lat' dir='ltr'>syncere</span> <span class='ocrx_word' id='word_1_38' title='bbox 525 412 566 448; x_wconf 88' lang='lat' dir='ltr'>et</span> <span class='ocrx_word' id='word_1_39' title='bbox 587 409 764 448; x_wconf 88' lang='lat' dir='ltr'>iucunde</span> <span class='ocrx_word' id='word_1_40' title='bbox 783 408 969 454; x_wconf 85' lang='lat' dir='ltr'>exhibeo,</span> <span class='ocrx_word' id='word_1_41' title='bbox 993 408 1040 445; x_wconf 90' lang='lat' dir='ltr'>vt</span> <span class='ocrx_word' id='word_1_42' title='bbox 1065 419 1208 444; x_wconf 89' lang='lat' dir='ltr'>eorum</span> <span class='ocrx_word' id='word_1_43' title='bbox 1234 406 1402 456; x_wconf 87' lang='lat' dir='ltr'>ingenia</span> <span class='ocrx_word' id='word_1_44' title='bbox 1424 408 1466 443; x_wconf 92' lang='lat' dir='ltr'>et</span> <span class='ocrx_word' id='word_1_45' title='bbox 1494 418 1647 444; x_wconf 90' lang='lat' dir='ltr'>nomen</span> <span class='ocrx_word' id='word_1_46' title='bbox 1676 418 1750 454; x_wconf 87' lang='lat' dir='ltr'>pro</span> <span class='ocrx_word' id='word_1_47' title='bbox 1771 404 1930 443; x_wconf 83' lang='lat' dir='ltr'>viribus</span> 
     </span>
    </p>

    <p class='ocr_par' dir='ltr' id='par_1_3' title="bbox 274 456 1929 729">
     <span class='ocr_line' id='line_1_6' title="bbox 274 456 1929 514; baseline -0.004 -11"><span class='ocrx_word' id='word_1_48' title='bbox 274 471 314 511; x_wconf 80' lang='lat'>65</span> <span class='ocrx_word' id='word_1_49' title='bbox 335 476 496 513; x_wconf 79' lang='lat' dir='ltr'>semper</span> <span class='ocrx_word' id='word_1_50' title='bbox 526 464 747 514; x_wconf 87' lang='lat' dir='ltr'>prouehere</span> <span class='ocrx_word' id='word_1_51' title='bbox 777 462 910 500; x_wconf 87' lang='lat' dir='ltr'>nitar:</span> <span class='ocrx_word' id='word_1_52' title='bbox 942 461 1050 510; x_wconf 93' lang='lat' dir='ltr'>quod</span> <span class='ocrx_word' id='word_1_53' title='bbox 1080 460 1222 498; x_wconf 91' lang='lat' dir='ltr'>sedulo</span> <span class='ocrx_word' id='word_1_54' title='bbox 1245 460 1289 498; x_wconf 92' lang='lat' dir='ltr'>in</span> <span class='ocrx_word' id='word_1_55' title='bbox 1319 460 1492 509; x_wconf 83' lang='lat' dir='ltr'>gloriam</span> <span class='ocrx_word' id='word_1_56' title='bbox 1514 456 1631 497; x_wconf 81' lang='lat' dir='ltr'>tuam</span> <span class='ocrx_word' id='word_1_57' title='bbox 1656 461 1697 497; x_wconf 85' lang='lat' dir='ltr'>et</span> <span class='ocrx_word' id='word_1_58' title='bbox 1717 459 1929 497; x_wconf 86' lang='lat' dir='ltr'>doctrinae</span> 
     </span>
     <span class='ocr_line' id='line_1_7' title="bbox 335 514 1928 564; baseline -0.003 -8"><span class='ocrx_word' id='word_1_59' title='bbox 335 520 429 556; x_wconf 85' lang='lat' dir='ltr'>tuae</span> <span class='ocrx_word' id='word_1_60' title='bbox 453 518 778 556; x_wconf 77' lang='lat' dir='ltr'>illustrationem</span> <span class='ocrx_word' id='word_1_61' title='bbox 804 516 919 563; x_wconf 88' lang='lat' dir='ltr'>facio,</span> <span class='ocrx_word' id='word_1_62' title='bbox 942 516 1123 564; x_wconf 84' lang='lat' dir='ltr'>itemque</span> <span class='ocrx_word' id='word_1_63' title='bbox 1143 515 1326 552; x_wconf 82' lang='lat' dir='ltr'>facturus</span> <span class='ocrx_word' id='word_1_64' title='bbox 1352 527 1457 552; x_wconf 86' lang='lat' dir='ltr'>sum.</span> <span class='ocrx_word' id='word_1_65' title='bbox 1518 514 1792 561; x_wconf 80' lang='lat' dir='ltr'>Quamobrem</span> <span class='ocrx_word' id='word_1_66' title='bbox 1821 515 1928 563; x_wconf 85' lang='lat' dir='ltr'>post-</span> 
     </span>
     <span class='ocr_line' id='line_1_8' title="bbox 334 567 1928 616; baseline -0.003 -6"><span class='ocrx_word' id='word_1_67' title='bbox 334 572 409 610; x_wconf 86' lang='lat' dir='ltr'>hac</span> <span class='ocrx_word' id='word_1_68' title='bbox 439 585 505 609; x_wconf 87' lang='lat' dir='ltr'>me</span> <span class='ocrx_word' id='word_1_69' title='bbox 536 573 598 610; x_wconf 86' lang='lat' dir='ltr'>tui</span> <span class='ocrx_word' id='word_1_70' title='bbox 626 571 966 610; x_wconf 88' lang='lat' dir='ltr'>amantissimum</span> <span class='ocrx_word' id='word_1_71' title='bbox 995 569 1177 616; x_wconf 86' lang='lat' dir='ltr'>habebis,</span> <span class='ocrx_word' id='word_1_72' title='bbox 1201 570 1242 606; x_wconf 89' lang='lat' dir='ltr'>et</span> <span class='ocrx_word' id='word_1_73' title='bbox 1269 569 1485 606; x_wconf 90' lang='lat' dir='ltr'>literarum</span> <span class='ocrx_word' id='word_1_74' title='bbox 1516 567 1646 606; x_wconf 89' lang='lat' dir='ltr'>officio</span> <span class='ocrx_word' id='word_1_75' title='bbox 1676 567 1751 605; x_wconf 88' lang='lat' dir='ltr'>hoc</span> <span class='ocrx_word' id='word_1_76' title='bbox 1780 569 1928 606; x_wconf 90' lang='lat' dir='ltr'>mutuo</span> 
     </span>
     <span class='ocr_line' id='line_1_9' title="bbox 332 621 1929 676; baseline -0.003 -12"><span class='ocrx_word' id='word_1_77' title='bbox 332 626 532 673; x_wconf 88' lang='lat' dir='ltr'>iunctum,</span> <span class='ocrx_word' id='word_1_78' title='bbox 549 629 672 676; x_wconf 85' lang='lat' dir='ltr'>atque</span> <span class='ocrx_word' id='word_1_79' title='bbox 692 625 935 663; x_wconf 89' lang='lat' dir='ltr'>eruditionis</span> <span class='ocrx_word' id='word_1_80' title='bbox 950 626 1045 661; x_wconf 90' lang='lat' dir='ltr'>tuae</span> <span class='ocrx_word' id='word_1_81' title='bbox 1061 625 1246 672; x_wconf 86' lang='lat' dir='ltr'>apprime</span> <span class='ocrx_word' id='word_1_82' title='bbox 1260 622 1495 660; x_wconf 83' lang='lat' dir='ltr'>studiosum</span> <span class='ocrx_word' id='word_1_83' title='bbox 1512 636 1521 669; x_wconf 93' lang='lat'>;</span> <span class='ocrx_word' id='word_1_84' title='bbox 1550 635 1725 671; x_wconf 88' lang='lat' dir='ltr'>cumque</span> <span class='ocrx_word' id='word_1_85' title='bbox 1741 621 1929 660; x_wconf 89' lang='lat' dir='ltr'>euenerit</span> 
     </span>
     <span class='ocr_line' id='line_1_10' title="bbox 331 675 1928 729; baseline -0.003 -11"><span class='ocrx_word' id='word_1_86' title='bbox 331 682 377 718; x_wconf 87' lang='lat' dir='ltr'>vt</span> <span class='ocrx_word' id='word_1_87' title='bbox 396 680 440 718; x_wconf 91' lang='lat' dir='ltr'>in</span> <span class='ocrx_word' id='word_1_88' title='bbox 461 693 548 718; x_wconf 89' lang='lat' dir='ltr'>rem</span> <span class='ocrx_word' id='word_1_89' title='bbox 569 680 897 729; x_wconf 79' lang='lat' dir='ltr'>dignitatemque</span> <span class='ocrx_word' id='word_1_90' title='bbox 915 679 1032 715; x_wconf 91' lang='lat' dir='ltr'>tuam</span> <span class='ocrx_word' id='word_1_91' title='bbox 1052 677 1208 726; x_wconf 88' lang='lat' dir='ltr'>aliquid</span> <span class='ocrx_word' id='word_1_92' title='bbox 1229 677 1385 714; x_wconf 89' lang='lat' dir='ltr'>efficere</span> <span class='ocrx_word' id='word_1_93' title='bbox 1404 677 1570 725; x_wconf 88' lang='lat' dir='ltr'>possim,</span> <span class='ocrx_word' id='word_1_94' title='bbox 1593 678 1741 725; x_wconf 88' lang='lat' dir='ltr'>sponte</span> <span class='ocrx_word' id='word_1_95' title='bbox 1759 678 1801 713; x_wconf 87' lang='lat' dir='ltr'>et</span> <span class='ocrx_word' id='word_1_96' title='bbox 1820 675 1928 714; x_wconf 91' lang='lat' dir='ltr'>vltro</span> 
     </span>
    </p>

    <p class='ocr_par' dir='ltr' id='par_1_4' title="bbox 273 730 1928 1000">
     <span class='ocr_line' id='line_1_11' title="bbox 273 730 1928 785; baseline -0.003 -12"><span class='ocrx_word' id='word_1_97' title='bbox 273 752 313 785; x_wconf 73' lang='lat'>70</span> <span class='ocrx_word' id='word_1_98' title='bbox 332 747 414 772; x_wconf 88' lang='lat' dir='ltr'>non</span> <span class='ocrx_word' id='word_1_99' title='bbox 437 735 697 773; x_wconf 78' lang='lat' dir='ltr'>committam</span> <span class='ocrx_word' id='word_1_100' title='bbox 716 736 764 771; x_wconf 81' lang='lat' dir='ltr'>vt</span> <span class='ocrx_word' id='word_1_101' title='bbox 782 733 918 772; x_wconf 87' lang='lat' dir='ltr'>vllum</span> <span class='ocrx_word' id='word_1_102' title='bbox 945 745 967 769; x_wconf 86' lang='lat' dir='ltr'>a</span> <span class='ocrx_word' id='word_1_103' title='bbox 987 744 1053 769; x_wconf 91' lang='lat' dir='ltr'>me</span> <span class='ocrx_word' id='word_1_104' title='bbox 1073 731 1195 769; x_wconf 85' lang='lat' dir='ltr'>officii</span> <span class='ocrx_word' id='word_1_105' title='bbox 1215 744 1346 780; x_wconf 86' lang='lat' dir='ltr'>genus</span> <span class='ocrx_word' id='word_1_106' title='bbox 1366 731 1645 780; x_wconf 84' lang='lat' dir='ltr'>desyderetur.</span> <span class='ocrx_word' id='word_1_107' title='bbox 1704 730 1811 768; x_wconf 87' lang='lat' dir='ltr'>Cum</span> <span class='ocrx_word' id='word_1_108' title='bbox 1830 743 1928 769; x_wconf 86' lang='lat' dir='ltr'>vero</span> 
     </span>
     <span class='ocr_line' id='line_1_12' title="bbox 330 784 1927 838; baseline -0.003 -11"><span class='ocrx_word' id='word_1_109' title='bbox 330 801 403 838; x_wconf 87' lang='lat' dir='ltr'>pro</span> <span class='ocrx_word' id='word_1_110' title='bbox 429 791 548 827; x_wconf 89' lang='lat' dir='ltr'>enata</span> <span class='ocrx_word' id='word_1_111' title='bbox 575 788 783 827; x_wconf 82' lang='lat' dir='ltr'>occasione</span> <span class='ocrx_word' id='word_1_112' title='bbox 813 800 879 825; x_wconf 88' lang='lat' dir='ltr'>me</span> <span class='ocrx_word' id='word_1_113' title='bbox 911 785 1134 831; x_wconf 88' lang='lat' dir='ltr'>monueris,</span> <span class='ocrx_word' id='word_1_114' title='bbox 1156 785 1347 823; x_wconf 89' lang='lat' dir='ltr'>omnium</span> <span class='ocrx_word' id='word_1_115' title='bbox 1375 784 1511 823; x_wconf 88' lang='lat' dir='ltr'>studia</span> <span class='ocrx_word' id='word_1_116' title='bbox 1539 786 1580 823; x_wconf 87' lang='lat' dir='ltr'>et</span> <span class='ocrx_word' id='word_1_117' title='bbox 1601 784 1862 834; x_wconf 82' lang='lat' dir='ltr'>diligentiam</span> <span class='ocrx_word' id='word_1_118' title='bbox 1882 784 1927 822; x_wconf 89' lang='lat' dir='ltr'>in</span> 
     </span>
     <span class='ocr_line' id='line_1_13' title="bbox 331 839 1928 889; baseline -0.003 -9"><span class='ocrx_word' id='word_1_119' title='bbox 331 846 370 880; x_wconf 88' lang='lat' dir='ltr'>te</span> <span class='ocrx_word' id='word_1_120' title='bbox 396 843 580 881; x_wconf 89' lang='lat' dir='ltr'>ornando</span> <span class='ocrx_word' id='word_1_121' title='bbox 607 845 648 880; x_wconf 91' lang='lat' dir='ltr'>et</span> <span class='ocrx_word' id='word_1_122' title='bbox 670 842 852 880; x_wconf 86' lang='lat' dir='ltr'>iuuando</span> <span class='ocrx_word' id='word_1_123' title='bbox 881 840 1107 889; x_wconf 86' lang='lat' dir='ltr'>superab0;</span> <span class='ocrx_word' id='word_1_124' title='bbox 1137 840 1398 888; x_wconf 80' lang='lat' dir='ltr'>maximaque</span> <span class='ocrx_word' id='word_1_125' title='bbox 1422 852 1537 877; x_wconf 88' lang='lat' dir='ltr'>meae</span> <span class='ocrx_word' id='word_1_126' title='bbox 1565 852 1660 888; x_wconf 87' lang='lat' dir='ltr'>erga</span> <span class='ocrx_word' id='word_1_127' title='bbox 1685 843 1725 877; x_wconf 89' lang='lat' dir='ltr'>te</span> <span class='ocrx_word' id='word_1_128' title='bbox 1755 839 1928 877; x_wconf 89' lang='lat' dir='ltr'>beneuo-</span> 
     </span>
     <span class='ocr_line' id='line_1_14' title="bbox 330 893 1927 943; baseline -0.003 -9"><span class='ocrx_word' id='word_1_129' title='bbox 330 896 482 935; x_wconf 86' lang='lat' dir='ltr'>lentiae</span> <span class='ocrx_word' id='word_1_130' title='bbox 502 897 717 935; x_wconf 88' lang='lat' dir='ltr'>accesserit</span> <span class='ocrx_word' id='word_1_131' title='bbox 737 895 871 934; x_wconf 89' lang='lat' dir='ltr'>charis</span> <span class='ocrx_word' id='word_1_132' title='bbox 893 897 933 933; x_wconf 90' lang='lat' dir='ltr'>et</span> <span class='ocrx_word' id='word_1_133' title='bbox 953 894 1146 937; x_wconf 77' lang='lat' dir='ltr'>suauitas,</span> <span class='ocrx_word' id='word_1_134' title='bbox 1172 894 1207 932; x_wconf 92' lang='lat' dir='ltr'>si</span> <span class='ocrx_word' id='word_1_135' title='bbox 1227 894 1361 943; x_wconf 89' lang='lat' dir='ltr'>quoad</span> <span class='ocrx_word' id='word_1_136' title='bbox 1381 893 1449 931; x_wconf 89' lang='lat' dir='ltr'>hic</span> <span class='ocrx_word' id='word_1_137' title='bbox 1469 893 1748 943; x_wconf 84' lang='lat' dir='ltr'>fuero—quod</span> <span class='ocrx_word' id='word_1_138' title='bbox 1769 893 1927 931; x_wconf 83' lang='lat' dir='ltr'>diutius</span> 
     </span>
     <span class='ocr_line' id='line_1_15' title="bbox 329 947 1926 1000; baseline -0.002 -12"><span class='ocrx_word' id='word_1_139' title='bbox 329 963 417 988; x_wconf 81' lang='lat' dir='ltr'>esse</span> <span class='ocrx_word' id='word_1_140' title='bbox 439 964 522 989; x_wconf 91' lang='lat' dir='ltr'>non</span> <span class='ocrx_word' id='word_1_141' title='bbox 542 953 746 1000; x_wconf 89' lang='lat' dir='ltr'>potest—,</span> <span class='ocrx_word' id='word_1_142' title='bbox 768 964 834 988; x_wconf 84' lang='lat' dir='ltr'>me</span> <span class='ocrx_word' id='word_1_143' title='bbox 854 949 1078 998; x_wconf 87' lang='lat' dir='ltr'>aliquando</span> <span class='ocrx_word' id='word_1_144' title='bbox 1098 949 1310 986; x_wconf 89' lang='lat' dir='ltr'>literarum</span> <span class='ocrx_word' id='word_1_145' title='bbox 1331 950 1500 986; x_wconf 86' lang='lat' dir='ltr'>tuarum</span> <span class='ocrx_word' id='word_1_146' title='bbox 1526 948 1736 997; x_wconf 88' lang='lat' dir='ltr'>lepiditate</span> <span class='ocrx_word' id='word_1_147' title='bbox 1757 947 1926 985; x_wconf 83' lang='lat' dir='ltr'>delecta-</span> 
     </span>
    </p>

    <p class='ocr_par' dir='ltr' id='par_1_5' title="bbox 268 1006 448 1052">
     <span class='ocr_line' id='line_1_16' title="bbox 268 1006 448 1052; baseline 0.006 -10"><span class='ocrx_word' id='word_1_148' title='bbox 268 1017 306 1052; x_wconf 80' lang='lat'>75</span> <span class='ocrx_word' id='word_1_149' title='bbox 327 1006 448 1043; x_wconf 85' lang='lat' dir='ltr'>ueris.</span> 
     </span>
    </p>

    <p class='ocr_par' dir='ltr' id='par_1_6' title="bbox 326 1055 1925 1271">
     <span class='ocr_line' id='line_1_17' title="bbox 382 1055 1924 1108; baseline -0.003 -11"><span class='ocrx_word' id='word_1_150' title='bbox 382 1059 599 1097; x_wconf 84' lang='lat' dir='ltr'>Caeterum</span> <span class='ocrx_word' id='word_1_151' title='bbox 619 1060 779 1108; x_wconf 87' lang='lat' dir='ltr'>aliquas</span> <span class='ocrx_word' id='word_1_152' title='bbox 797 1058 949 1108; x_wconf 82' lang='lat' dir='ltr'>gratias</span> <span class='ocrx_word' id='word_1_153' title='bbox 969 1070 1043 1107; x_wconf 90' lang='lat' dir='ltr'>pro</span> <span class='ocrx_word' id='word_1_154' title='bbox 1063 1057 1193 1094; x_wconf 89' lang='lat' dir='ltr'>misso</span> <span class='ocrx_word' id='word_1_155' title='bbox 1214 1057 1318 1094; x_wconf 91' lang='lat' dir='ltr'>mihi</span> <span class='ocrx_word' id='word_1_156' title='bbox 1334 1069 1506 1095; x_wconf 88' lang='lat' dir='ltr'>munere</span> <span class='ocrx_word' id='word_1_157' title='bbox 1524 1056 1600 1094; x_wconf 89' lang='lat' dir='ltr'>tibi</span> <span class='ocrx_word' id='word_1_158' title='bbox 1615 1069 1734 1106; x_wconf 86' lang='lat' dir='ltr'>agere</span> <span class='ocrx_word' id='word_1_159' title='bbox 1755 1055 1924 1094; x_wconf 92' lang='lat' dir='ltr'>omnino</span> 
     </span>
     <span class='ocr_line' id='line_1_18' title="bbox 327 1110 1925 1162; baseline -0.002 -11"><span class='ocrx_word' id='word_1_160' title='bbox 327 1125 680 1162; x_wconf 87' lang='lat' dir='ltr'>superuacaneum</span> <span class='ocrx_word' id='word_1_161' title='bbox 717 1113 904 1160; x_wconf 82' lang='lat' dir='ltr'>arbitror,</span> <span class='ocrx_word' id='word_1_162' title='bbox 947 1125 1041 1150; x_wconf 90' lang='lat' dir='ltr'>cum</span> <span class='ocrx_word' id='word_1_163' title='bbox 1080 1111 1321 1149; x_wconf 88' lang='lat' dir='ltr'>huiusmodi</span> <span class='ocrx_word' id='word_1_164' title='bbox 1364 1111 1614 1160; x_wconf 84' lang='lat' dir='ltr'>gratissimis</span> <span class='ocrx_word' id='word_1_165' title='bbox 1654 1110 1797 1149; x_wconf 86' lang='lat' dir='ltr'>officiis</span> <span class='ocrx_word' id='word_1_166' title='bbox 1840 1111 1925 1148; x_wconf 87' lang='lat' dir='ltr'>tuis</span> 
     </span>
     <span class='ocr_line' id='line_1_19' title="bbox 327 1164 1925 1216; baseline -0.001 -12"><span class='ocrx_word' id='word_1_167' title='bbox 327 1167 468 1205; x_wconf 91' lang='lat' dir='ltr'>nullus</span> <span class='ocrx_word' id='word_1_168' title='bbox 505 1168 725 1206; x_wconf 87' lang='lat' dir='ltr'>verborum</span> <span class='ocrx_word' id='word_1_169' title='bbox 773 1168 993 1216; x_wconf 86' lang='lat' dir='ltr'>apparatus</span> <span class='ocrx_word' id='word_1_170' title='bbox 1041 1168 1149 1203; x_wconf 85' lang='lat' dir='ltr'>recte</span> <span class='ocrx_word' id='word_1_171' title='bbox 1197 1165 1453 1215; x_wconf 81' lang='lat' dir='ltr'>respondeat.</span> <span class='ocrx_word' id='word_1_172' title='bbox 1531 1166 1740 1203; x_wconf 88' lang='lat' dir='ltr'>Animum</span> <span class='ocrx_word' id='word_1_173' title='bbox 1786 1164 1925 1214; x_wconf 87' lang='lat' dir='ltr'>itaque</span> 
     </span>
     <span class='ocr_line' id='line_1_20' title="bbox 326 1219 1923 1271; baseline -0.001 -13"><span class='ocrx_word' id='word_1_174' title='bbox 326 1234 467 1259; x_wconf 90' lang='lat' dir='ltr'>meum</span> <span class='ocrx_word' id='word_1_175' title='bbox 504 1235 578 1271; x_wconf 88' lang='lat' dir='ltr'>pro</span> <span class='ocrx_word' id='word_1_176' title='bbox 609 1222 744 1260; x_wconf 88' lang='lat' dir='ltr'>verbis</span> <span class='ocrx_word' id='word_1_177' title='bbox 781 1224 822 1259; x_wconf 86' lang='lat' dir='ltr'>et</span> <span class='ocrx_word' id='word_1_178' title='bbox 856 1220 999 1271; x_wconf 85' lang='lat' dir='ltr'>gratiis</span> <span class='ocrx_word' id='word_1_179' title='bbox 1038 1219 1116 1258; x_wconf 91' lang='lat' dir='ltr'>tibi</span> <span class='ocrx_word' id='word_1_180' title='bbox 1150 1219 1484 1257; x_wconf 81' lang='lat' dir='ltr'>addictissimum</span> <span class='ocrx_word' id='word_1_181' title='bbox 1518 1219 1728 1268; x_wconf 87' lang='lat' dir='ltr'>suscipies,</span> <span class='ocrx_word' id='word_1_182' title='bbox 1761 1232 1923 1269; x_wconf 90' lang='lat' dir='ltr'>vnaque</span> 
     </span>
    </p>

    <p class='ocr_par' dir='ltr' id='par_1_7' title="bbox 265 1273 1924 1433">
     <span class='ocr_line' id='line_1_21' title="bbox 265 1273 1924 1324; baseline 0.001 -14"><span class='ocrx_word' id='word_1_183' title='bbox 265 1280 306 1311; x_wconf 83' lang='lat'>80</span> <span class='ocrx_word' id='word_1_184' title='bbox 324 1275 511 1324; x_wconf 83' lang='lat' dir='ltr'>pignoris</span> <span class='ocrx_word' id='word_1_185' title='bbox 541 1276 628 1314; x_wconf 91' lang='lat' dir='ltr'>loco</span> <span class='ocrx_word' id='word_1_186' title='bbox 657 1276 876 1314; x_wconf 85' lang='lat' dir='ltr'>adamanta</span> <span class='ocrx_word' id='word_1_187' title='bbox 906 1275 1030 1312; x_wconf 87' lang='lat' dir='ltr'>anulo</span> <span class='ocrx_word' id='word_1_188' title='bbox 1060 1273 1281 1322; x_wconf 84' lang='lat' dir='ltr'>inclusum,</span> <span class='ocrx_word' id='word_1_189' title='bbox 1305 1274 1371 1312; x_wconf 89' lang='lat' dir='ltr'>his</span> <span class='ocrx_word' id='word_1_190' title='bbox 1400 1273 1532 1312; x_wconf 91' lang='lat' dir='ltr'>literis</span> <span class='ocrx_word' id='word_1_191' title='bbox 1559 1274 1776 1320; x_wconf 86' lang='lat' dir='ltr'>insertum,</span> <span class='ocrx_word' id='word_1_192' title='bbox 1800 1286 1924 1323; x_wconf 89' lang='lat' dir='ltr'>quem</span> 
     </span>
     <span class='ocr_line' id='line_1_22' title="bbox 323 1328 1921 1380; baseline 0 -14"><span class='ocrx_word' id='word_1_193' title='bbox 323 1330 407 1367; x_wconf 89' lang='lat' dir='ltr'>mei</span> <span class='ocrx_word' id='word_1_194' title='bbox 436 1330 731 1380; x_wconf 81' lang='lat' dir='ltr'>mnimosynon</span> <span class='ocrx_word' id='word_1_195' title='bbox 760 1329 932 1368; x_wconf 80' lang='lat' dir='ltr'>tenebis,</span> <span class='ocrx_word' id='word_1_196' title='bbox 994 1328 1157 1366; x_wconf 88' lang='lat' dir='ltr'>Nuncio</span> <span class='ocrx_word' id='word_1_197' title='bbox 1178 1341 1274 1366; x_wconf 90' lang='lat' dir='ltr'>vero</span> <span class='ocrx_word' id='word_1_198' title='bbox 1301 1328 1373 1378; x_wconf 92' lang='lat' dir='ltr'>qui</span> <span class='ocrx_word' id='word_1_199' title='bbox 1402 1328 1558 1366; x_wconf 88' lang='lat' dir='ltr'>librum</span> <span class='ocrx_word' id='word_1_200' title='bbox 1587 1328 1638 1366; x_wconf 89' lang='lat' dir='ltr'>ad</span> <span class='ocrx_word' id='word_1_201' title='bbox 1668 1341 1736 1366; x_wconf 87' lang='lat' dir='ltr'>me</span> <span class='ocrx_word' id='word_1_202' title='bbox 1763 1328 1921 1374; x_wconf 89' lang='lat' dir='ltr'>detulit,</span> 
     </span>
     <span class='ocr_line' id='line_1_23' title="bbox 323 1382 1230 1433; baseline 0 -13"><span class='ocrx_word' id='word_1_203' title='bbox 323 1396 517 1422; x_wconf 88' lang='lat' dir='ltr'>nummos</span> <span class='ocrx_word' id='word_1_204' title='bbox 536 1385 677 1422; x_wconf 88' lang='lat' dir='ltr'>decem</span> <span class='ocrx_word' id='word_1_205' title='bbox 696 1397 840 1422; x_wconf 87' lang='lat' dir='ltr'>aureos</span> <span class='ocrx_word' id='word_1_206' title='bbox 859 1396 933 1433; x_wconf 92' lang='lat' dir='ltr'>pro</span> <span class='ocrx_word' id='word_1_207' title='bbox 952 1383 1103 1420; x_wconf 78' lang='lat' dir='ltr'>viatico</span> <span class='ocrx_word' id='word_1_208' title='bbox 1123 1382 1230 1420; x_wconf 88' lang='lat' dir='ltr'>dedi.</span> 
     </span>
    </p>

    <p class='ocr_par' dir='ltr' id='par_1_8' title="bbox 377 1436 1627 1487">
     <span class='ocr_line' id='line_1_24' title="bbox 377 1436 1627 1487; baseline -0.002 -11"><span class='ocrx_word' id='word_1_209' title='bbox 377 1438 429 1476; x_wconf 87' lang='lat' dir='ltr'>Et</span> <span class='ocrx_word' id='word_1_210' title='bbox 449 1439 553 1476; x_wconf 89' lang='lat' dir='ltr'>bene</span> <span class='ocrx_word' id='word_1_211' title='bbox 573 1439 664 1476; x_wconf 82' lang='lat' dir='ltr'>vale</span> <span class='ocrx_word' id='word_1_212' title='bbox 683 1452 733 1476; x_wconf 81' lang='lat' dir='ltr'>ex</span> <span class='ocrx_word' id='word_1_213' title='bbox 755 1438 946 1476; x_wconf 85' lang='lat' dir='ltr'>Londino</span> <span class='ocrx_word' id='word_1_214' title='bbox 966 1439 1112 1487; x_wconf 88' lang='lat' dir='ltr'>quarta</span> <span class='ocrx_word' id='word_1_215' title='bbox 1132 1436 1243 1474; x_wconf 90' lang='lat' dir='ltr'>Iulii.</span> <span class='ocrx_word' id='word_1_216' title='bbox 1302 1437 1429 1475; x_wconf 90' lang='lat' dir='ltr'>Anno</span> <span class='ocrx_word' id='word_1_217' title='bbox 1448 1449 1627 1475; x_wconf 79' lang='lat' dir='ltr'>M.D.X1X.</span> 
     </span>
    </p>
   </div>
   <div class='ocr_carea' id='block_1_3' title="bbox 722 1613 1524 1657">
    <p class='ocr_par' dir='ltr' id='par_1_9' title="bbox 722 1613 1524 1657">
     <span class='ocr_line' id='line_1_25' title="bbox 722 1613 1524 1657; baseline 0.02 -18"><span class='ocrx_word' id='word_1_218' title='bbox 722 1616 872 1657; x_wconf 66' lang='lat'>095996.</span> <span class='ocrx_word' id='word_1_219' title='bbox 934 1614 998 1655; x_wconf 88' lang='lat' dir='ltr'>To</span> <span class='ocrx_word' id='word_1_220' title='bbox 1030 1615 1240 1655; x_wconf 78' lang='lat' dir='ltr'>LORENZO</span> <span class='ocrx_word' id='word_1_221' title='bbox 1272 1613 1524 1656; x_wconf 79' lang='lat' dir='ltr'>CAMPEGIO.</span> 
     </span>
    </p>
   </div>
   <div class='ocr_carea' id='block_1_4' title="bbox 365 1700 1864 1812">
    <p class='ocr_par' dir='ltr' id='par_1_10' title="bbox 365 1700 1864 1812">
     <span class='ocr_line' id='line_1_26' title="bbox 365 1700 1826 1752; baseline 0.001 -12"><span class='ocrx_word' id='word_1_222' title='bbox 365 1706 524 1752; x_wconf 81' lang='lat' dir='ltr'>Farrago</span> <span class='ocrx_word' id='word_1_223' title='bbox 544 1719 578 1751; x_wconf 85' lang='lat' dir='ltr'>p.</span> <span class='ocrx_word' id='word_1_224' title='bbox 599 1708 677 1750; x_wconf 79' lang='lat'>384.</span> <span class='ocrx_word' id='word_1_225' title='bbox 1530 1700 1533 1701; x_wconf 40' lang='lat'><em>⁷</em></span> <span class='ocrx_word' id='word_1_226' title='bbox 1647 1705 1826 1741; x_wconf 87' lang='lat' dir='ltr'>Louvain.</span> 
     </span>
     <span class='ocr_line' id='line_1_27' title="bbox 366 1763 1864 1812; baseline 0.003 -15"><span class='ocrx_word' id='word_1_227' title='bbox 366 1763 404 1798; x_wconf 90' lang='lat' dir='ltr'>F.</span> <span class='ocrx_word' id='word_1_228' title='bbox 422 1776 459 1809; x_wconf 86' lang='lat' dir='ltr'>p.</span> <span class='ocrx_word' id='word_1_229' title='bbox 479 1765 569 1808; x_wconf 76' lang='lat'><strong>469:</strong></span> <span class='ocrx_word' id='word_1_230' title='bbox 598 1763 691 1798; x_wconf 84' lang='lat' dir='ltr'>HN:</span> <span class='ocrx_word' id='word_1_231' title='bbox 721 1763 835 1798; x_wconf 85' lang='lat' dir='ltr'>Lond.</span> <span class='ocrx_word' id='word_1_232' title='bbox 857 1763 920 1797; x_wconf 85' lang='lat' dir='ltr'>xii.</span> <span class='ocrx_word' id='word_1_233' title='bbox 939 1774 985 1808; x_wconf 81' lang='lat'>3:</span> <span class='ocrx_word' id='word_1_234' title='bbox 1014 1763 1086 1798; x_wconf 87' lang='lat' dir='ltr'>LB.</span> <span class='ocrx_word' id='word_1_235' title='bbox 1108 1773 1186 1809; x_wconf 66' lang='lat'>445.</span> <span class='ocrx_word' id='word_1_236' title='bbox 1594 1775 1635 1808; x_wconf 88' lang='lat'>14</span> <span class='ocrx_word' id='word_1_237' title='bbox 1652 1765 1742 1810; x_wconf 76' lang='lat' dir='ltr'>July</span> <span class='ocrx_word' id='word_1_238' title='bbox 1763 1775 1864 1812; x_wconf 84' lang='lat'>1519.</span> 
     </span>
    </p>
   </div>
   <div class='ocr_carea' id='block_1_5' title="bbox 352 1858 1882 1958">
    <p class='ocr_par' dir='ltr' id='par_1_11' title="bbox 352 1858 1882 1958">
     <span class='ocr_line' id='line_1_28' title="bbox 352 1858 1882 1892; baseline 0.002 -3"><span class='ocrx_word' id='word_1_239' title='bbox 352 1859 752 1890; x_wconf 72' lang='lat' dir='ltr'><strong>REVERENDISSIMO</strong></span> <span class='ocrx_word' id='word_1_240' title='bbox 784 1859 965 1890; x_wconf 81' lang='lat' dir='ltr'>DOMINO</span> <span class='ocrx_word' id='word_1_241' title='bbox 996 1860 1040 1890; x_wconf 90' lang='lat' dir='ltr'>D.</span> <span class='ocrx_word' id='word_1_242' title='bbox 1072 1858 1330 1889; x_wconf 81' lang='lat' dir='ltr'><strong>LAVRENTIO</strong></span> <span class='ocrx_word' id='word_1_243' title='bbox 1361 1859 1595 1890; x_wconf 81' lang='lat' dir='ltr'><strong>CAMPEGIO</strong></span> <span class='ocrx_word' id='word_1_244' title='bbox 1626 1861 1882 1892; x_wconf 87' lang='lat' dir='ltr'>CARDINALI</span> 
     </span>
     <span class='ocr_line' id='line_1_29' title="bbox 764 1927 1467 1958; baseline 0.001 -1"><span class='ocrx_word' id='word_1_245' title='bbox 764 1927 970 1958; x_wconf 69' lang='lat' dir='ltr'>ERASMvs</span> <span class='ocrx_word' id='word_1_246' title='bbox 1002 1927 1336 1957; x_wconf 81' lang='lat' dir='ltr'><strong>ROTERODAMVS</strong></span> <span class='ocrx_word' id='word_1_247' title='bbox 1369 1927 1400 1958; x_wconf 76' lang='lat' dir='ltr'>S.</span> <span class='ocrx_word' id='word_1_248' title='bbox 1424 1928 1467 1958; x_wconf 84' lang='lat' dir='ltr'>D.</span> 
     </span>
    </p>
   </div>
   <div class='ocr_carea' id='block_1_6' title="bbox 250 2012 1917 2605">
    <p class='ocr_par' dir='ltr' id='par_1_12' title="bbox 313 2012 1917 2227">
     <span class='ocr_line' id='line_1_30' title="bbox 370 2012 1917 2066; baseline 0.003 -15"><span class='ocrx_word' id='word_1_249' title='bbox 370 2013 738 2051; x_wconf 74' lang='lat' dir='ltr'><strong>REVERENDISSIME</strong></span> <span class='ocrx_word' id='word_1_250' title='bbox 770 2014 833 2059; x_wconf 87' lang='lat' dir='ltr'>D.,</span> <span class='ocrx_word' id='word_1_251' title='bbox 864 2013 961 2062; x_wconf 84' lang='lat' dir='ltr'>quid</span> <span class='ocrx_word' id='word_1_252' title='bbox 998 2012 1169 2061; x_wconf 86' lang='lat' dir='ltr'>posthac</span> <span class='ocrx_word' id='word_1_253' title='bbox 1199 2026 1284 2050; x_wconf 91' lang='lat' dir='ltr'>non</span> <span class='ocrx_word' id='word_1_254' title='bbox 1315 2013 1440 2051; x_wconf 82' lang='lat' dir='ltr'>libeat</span> <span class='ocrx_word' id='word_1_255' title='bbox 1471 2014 1620 2052; x_wconf 88' lang='lat' dir='ltr'>audere</span> <span class='ocrx_word' id='word_1_256' title='bbox 1648 2017 1917 2066; x_wconf 85' lang='lat' dir='ltr'>posteaquam</span> 
     </span>
     <span class='ocr_line' id='line_1_31' title="bbox 316 2066 1911 2119; baseline 0.002 -14"><span class='ocrx_word' id='word_1_257' title='bbox 316 2066 413 2105; x_wconf 84' lang='lat' dir='ltr'>haec</span> <span class='ocrx_word' id='word_1_258' title='bbox 434 2068 647 2105; x_wconf 84' lang='lat' dir='ltr'>temeritas</span> <span class='ocrx_word' id='word_1_259' title='bbox 668 2068 774 2105; x_wconf 89' lang='lat' dir='ltr'>mihi</span> <span class='ocrx_word' id='word_1_260' title='bbox 796 2071 881 2107; x_wconf 91' lang='lat' dir='ltr'>tam</span> <span class='ocrx_word' id='word_1_261' title='bbox 902 2066 1078 2104; x_wconf 87' lang='lat' dir='ltr'>feliciter</span> <span class='ocrx_word' id='word_1_262' title='bbox 1098 2067 1242 2104; x_wconf 86' lang='lat' dir='ltr'>cecidit</span> <span class='ocrx_word' id='word_1_263' title='bbox 1258 2068 1278 2105; x_wconf 83' lang='lat'>‘?</span> <span class='ocrx_word' id='word_1_264' title='bbox 1334 2067 1422 2116; x_wconf 83' lang='lat' dir='ltr'>Ego</span> <span class='ocrx_word' id='word_1_265' title='bbox 1448 2068 1489 2106; x_wconf 88' lang='lat' dir='ltr'>id</span> <span class='ocrx_word' id='word_1_266' title='bbox 1517 2069 1640 2106; x_wconf 88' lang='lat' dir='ltr'>modo</span> <span class='ocrx_word' id='word_1_267' title='bbox 1666 2069 1911 2119; x_wconf 84' lang='lat' dir='ltr'>ambiebam,</span> 
     </span>
     <span class='ocr_line' id='line_1_32' title="bbox 314 2121 1916 2173; baseline 0.002 -14"><span class='ocrx_word' id='word_1_268' title='bbox 314 2123 358 2159; x_wconf 80' lang='lat' dir='ltr'>vt</span> <span class='ocrx_word' id='word_1_269' title='bbox 379 2122 488 2171; x_wconf 86' lang='lat' dir='ltr'>operi</span> <span class='ocrx_word' id='word_1_270' title='bbox 510 2135 601 2159; x_wconf 87' lang='lat' dir='ltr'>meo</span> <span class='ocrx_word' id='word_1_271' title='bbox 622 2122 674 2159; x_wconf 90' lang='lat' dir='ltr'>ob</span> <span class='ocrx_word' id='word_1_272' title='bbox 694 2122 924 2161; x_wconf 85' lang='lat' dir='ltr'>nouitatem</span> <span class='ocrx_word' id='word_1_273' title='bbox 945 2121 1052 2170; x_wconf 87' lang='lat' dir='ltr'>apud</span> <span class='ocrx_word' id='word_1_274' title='bbox 1073 2121 1274 2170; x_wconf 89' lang='lat' dir='ltr'>quosdam</span> <span class='ocrx_word' id='word_1_275' title='bbox 1295 2121 1512 2169; x_wconf 89' lang='lat' dir='ltr'>inuidioso,</span> <span class='ocrx_word' id='word_1_276' title='bbox 1532 2122 1569 2160; x_wconf 92' lang='lat' dir='ltr'>si</span> <span class='ocrx_word' id='word_1_277' title='bbox 1585 2123 1841 2173; x_wconf 86' lang='lat' dir='ltr'>contingeret</span> <span class='ocrx_word' id='word_1_278' title='bbox 1857 2125 1916 2163; x_wconf 88' lang='lat' dir='ltr'>sic</span> 
     </span>
     <span class='ocr_line' id='line_1_33' title="bbox 313 2174 1914 2227; baseline 0.003 -15"><span class='ocrx_word' id='word_1_279' title='bbox 313 2174 357 2212; x_wconf 91' lang='lat' dir='ltr'>in</span> <span class='ocrx_word' id='word_1_280' title='bbox 378 2178 495 2213; x_wconf 87' lang='lat' dir='ltr'>tuam</span> <span class='ocrx_word' id='word_1_281' title='bbox 514 2176 809 2214; x_wconf 87' lang='lat' dir='ltr'>bibliothecam</span> <span class='ocrx_word' id='word_1_282' title='bbox 839 2176 992 2224; x_wconf 78' lang='lat' dir='ltr'>reponi,</span> <span class='ocrx_word' id='word_1_283' title='bbox 1016 2175 1369 2224; x_wconf 85' lang='lat' dir='ltr'>quemadmodum</span> <span class='ocrx_word' id='word_1_284' title='bbox 1393 2176 1493 2213; x_wconf 87' lang='lat' dir='ltr'>olim</span> <span class='ocrx_word' id='word_1_285' title='bbox 1521 2176 1619 2214; x_wconf 89' lang='lat' dir='ltr'>libri</span> <span class='ocrx_word' id='word_1_286' title='bbox 1647 2175 1719 2226; x_wconf 90' lang='lat' dir='ltr'>qui</span> <span class='ocrx_word' id='word_1_287' title='bbox 1744 2179 1914 2227; x_wconf 89' lang='lat' dir='ltr'>posteri-</span> 
     </span>
    </p>

    <p class='ocr_par' dir='ltr' id='par_1_13' title="bbox 274 2230 1914 2495">
     <span class='ocr_line' id='line_1_34' title="bbox 274 2230 1913 2280; baseline 0.003 -14"><span class='ocrx_word' id='word_1_288' title='bbox 274 2245 292 2276; x_wconf 84' lang='lat'>5</span> <span class='ocrx_word' id='word_1_289' title='bbox 312 2230 410 2267; x_wconf 86' lang='lat' dir='ltr'>tatis</span> <span class='ocrx_word' id='word_1_290' title='bbox 439 2230 682 2268; x_wconf 88' lang='lat' dir='ltr'>memoriam</span> <span class='ocrx_word' id='word_1_291' title='bbox 713 2230 937 2279; x_wconf 82' lang='lat' dir='ltr'>promereri</span> <span class='ocrx_word' id='word_1_292' title='bbox 968 2230 1220 2275; x_wconf 75' lang='lat' dir='ltr'>viderentur,</span> <span class='ocrx_word' id='word_1_293' title='bbox 1253 2230 1297 2267; x_wconf 90' lang='lat' dir='ltr'>in</span> <span class='ocrx_word' id='word_1_294' title='bbox 1319 2230 1531 2279; x_wconf 87' lang='lat' dir='ltr'>Apollinis</span> <span class='ocrx_word' id='word_1_295' title='bbox 1560 2231 1718 2280; x_wconf 88' lang='lat' dir='ltr'>templo</span> <span class='ocrx_word' id='word_1_296' title='bbox 1747 2232 1913 2272; x_wconf 84' lang='lat' dir='ltr'>colloca-</span> 
     </span>
     <span class='ocr_line' id='line_1_35' title="bbox 311 2282 1914 2332; baseline 0.003 -11"><span class='ocrx_word' id='word_1_297' title='bbox 311 2282 474 2329; x_wconf 77' lang='lat' dir='ltr'>bantur,</span> <span class='ocrx_word' id='word_1_298' title='bbox 495 2284 708 2332; x_wconf 80' lang='lat' dir='ltr'>dignitatis</span> <span class='ocrx_word' id='word_1_299' title='bbox 721 2284 914 2322; x_wconf 90' lang='lat' dir='ltr'>nonnihil</span> <span class='ocrx_word' id='word_1_300' title='bbox 928 2283 1135 2321; x_wconf 85' lang='lat' dir='ltr'>accederet</span> <span class='ocrx_word' id='word_1_301' title='bbox 1151 2298 1158 2321; x_wconf 92' lang='lat'>:</span> <span class='ocrx_word' id='word_1_302' title='bbox 1183 2284 1240 2320; x_wconf 86' lang='lat' dir='ltr'>sic</span> <span class='ocrx_word' id='word_1_303' title='bbox 1254 2283 1367 2321; x_wconf 90' lang='lat' dir='ltr'>enim</span> <span class='ocrx_word' id='word_1_304' title='bbox 1380 2284 1570 2322; x_wconf 89' lang='lat' dir='ltr'>futurum</span> <span class='ocrx_word' id='word_1_305' title='bbox 1584 2287 1628 2323; x_wconf 92' lang='lat' dir='ltr'>vt</span> <span class='ocrx_word' id='word_1_306' title='bbox 1641 2285 1914 2326; x_wconf 89' lang='lat' dir='ltr'>eruditissimi</span> 
     </span>
     <span class='ocr_line' id='line_1_36' title="bbox 310 2337 1913 2391; baseline 0.004 -17"><span class='ocrx_word' id='word_1_307' title='bbox 310 2337 539 2375; x_wconf 87' lang='lat' dir='ltr'>cardinales</span> <span class='ocrx_word' id='word_1_308' title='bbox 561 2338 606 2375; x_wconf 89' lang='lat' dir='ltr'>P.</span> <span class='ocrx_word' id='word_1_309' title='bbox 630 2338 805 2375; x_wconf 79' lang='lat' dir='ltr'>maximi</span> <span class='ocrx_word' id='word_1_310' title='bbox 826 2337 975 2375; x_wconf 88' lang='lat' dir='ltr'>Leonis</span> <span class='ocrx_word' id='word_1_311' title='bbox 994 2337 1158 2375; x_wconf 87' lang='lat' dir='ltr'>oraculo</span> <span class='ocrx_word' id='word_1_312' title='bbox 1180 2337 1437 2376; x_wconf 87' lang='lat' dir='ltr'>subscribere</span> <span class='ocrx_word' id='word_1_313' title='bbox 1457 2339 1706 2377; x_wconf 86' lang='lat' dir='ltr'>viderentur.</span> <span class='ocrx_word' id='word_1_314' title='bbox 1768 2340 1913 2391; x_wconf 88' lang='lat' dir='ltr'>Neque</span> 
     </span>
     <span class='ocr_line' id='line_1_37' title="bbox 310 2391 1910 2441; baseline 0.004 -14"><span class='ocrx_word' id='word_1_315' title='bbox 310 2391 422 2429; x_wconf 88' lang='lat' dir='ltr'>enim</span> <span class='ocrx_word' id='word_1_316' title='bbox 444 2391 526 2429; x_wconf 81' lang='lat' dir='ltr'>vlla</span> <span class='ocrx_word' id='word_1_317' title='bbox 548 2392 694 2430; x_wconf 88' lang='lat' dir='ltr'>cedrus</span> <span class='ocrx_word' id='word_1_318' title='bbox 714 2393 877 2430; x_wconf 89' lang='lat' dir='ltr'>fidelius</span> <span class='ocrx_word' id='word_1_319' title='bbox 899 2393 1038 2430; x_wconf 83' lang='lat' dir='ltr'>seruat</span> <span class='ocrx_word' id='word_1_320' title='bbox 1057 2405 1080 2429; x_wconf 87' lang='lat' dir='ltr'>a</span> <span class='ocrx_word' id='word_1_321' title='bbox 1101 2391 1207 2429; x_wconf 89' lang='lat' dir='ltr'>carie</span> <span class='ocrx_word' id='word_1_322' title='bbox 1235 2394 1554 2441; x_wconf 85' lang='lat' dir='ltr'>temporumque</span> <span class='ocrx_word' id='word_1_323' title='bbox 1580 2393 1732 2432; x_wconf 89' lang='lat' dir='ltr'>iniuria</span> <span class='ocrx_word' id='word_1_324' title='bbox 1758 2395 1910 2434; x_wconf 87' lang='lat' dir='ltr'>studio-</span> 
     </span>
     <span class='ocr_line' id='line_1_38' title="bbox 308 2445 1910 2495; baseline 0.004 -13"><span class='ocrx_word' id='word_1_325' title='bbox 308 2456 450 2483; x_wconf 89' lang='lat' dir='ltr'>sorum</span> <span class='ocrx_word' id='word_1_326' title='bbox 472 2445 691 2483; x_wconf 87' lang='lat' dir='ltr'>hominum</span> <span class='ocrx_word' id='word_1_327' title='bbox 713 2448 986 2484; x_wconf 87' lang='lat' dir='ltr'>monumenta</span> <span class='ocrx_word' id='word_1_328' title='bbox 1001 2458 1125 2494; x_wconf 87' lang='lat' dir='ltr'>quam</span> <span class='ocrx_word' id='word_1_329' title='bbox 1140 2445 1287 2483; x_wconf 82' lang='lat' dir='ltr'>talium</span> <span class='ocrx_word' id='word_1_330' title='bbox 1303 2459 1519 2495; x_wconf 87' lang='lat' dir='ltr'>procerum</span> <span class='ocrx_word' id='word_1_331' title='bbox 1532 2446 1742 2486; x_wconf 87' lang='lat' dir='ltr'>autoritas.</span> <span class='ocrx_word' id='word_1_332' title='bbox 1803 2449 1910 2488; x_wconf 90' lang='lat' dir='ltr'>Nam</span> 
     </span>
    </p>

    <p class='ocr_par' dir='ltr' id='par_1_14' title="bbox 250 2497 1911 2605">
     <span class='ocr_line' id='line_1_39' title="bbox 250 2497 1911 2549; baseline 0.004 -14"><span class='ocrx_word' id='word_1_333' title='bbox 250 2513 288 2535; x_wconf 96' lang='lat'>10</span> <span class='ocrx_word' id='word_1_334' title='bbox 307 2497 412 2536; x_wconf 87' lang='lat' dir='ltr'>illud</span> <span class='ocrx_word' id='word_1_335' title='bbox 443 2512 541 2536; x_wconf 86' lang='lat' dir='ltr'>sane</span> <span class='ocrx_word' id='word_1_336' title='bbox 572 2499 719 2537; x_wconf 84' lang='lat' dir='ltr'>leuiter</span> <span class='ocrx_word' id='word_1_337' title='bbox 748 2500 994 2545; x_wconf 70' lang='lat' dir='ltr'>metuebam,</span> <span class='ocrx_word' id='word_1_338' title='bbox 1028 2512 1080 2537; x_wconf 89' lang='lat' dir='ltr'>ne</span> <span class='ocrx_word' id='word_1_339' title='bbox 1110 2499 1208 2548; x_wconf 89' lang='lat' dir='ltr'>quid</span> <span class='ocrx_word' id='word_1_340' title='bbox 1239 2500 1346 2548; x_wconf 82' lang='lat' dir='ltr'>apud</span> <span class='ocrx_word' id='word_1_341' title='bbox 1377 2501 1749 2549; x_wconf 88' lang='lat' dir='ltr'>prudentissimam</span> <span class='ocrx_word' id='word_1_342' title='bbox 1779 2504 1911 2542; x_wconf 86' lang='lat' dir='ltr'>erudi-</span> 
     </span>
     <span class='ocr_line' id='line_1_40' title="bbox 306 2552 1910 2605; baseline 0.004 -16"><span class='ocrx_word' id='word_1_343' title='bbox 306 2552 463 2590; x_wconf 87' lang='lat' dir='ltr'>tionem</span> <span class='ocrx_word' id='word_1_344' title='bbox 484 2556 599 2591; x_wconf 86' lang='lat' dir='ltr'>tuam</span> <span class='ocrx_word' id='word_1_345' title='bbox 620 2556 660 2591; x_wconf 91' lang='lat' dir='ltr'>et</span> <span class='ocrx_word' id='word_1_346' title='bbox 680 2554 1004 2592; x_wconf 84' lang='lat' dir='ltr'>eruditissimam</span> <span class='ocrx_word' id='word_1_347' title='bbox 1024 2553 1289 2602; x_wconf 86' lang='lat' dir='ltr'>prudentiam</span> <span class='ocrx_word' id='word_1_348' title='bbox 1311 2554 1498 2592; x_wconf 88' lang='lat' dir='ltr'>valerent</span> <span class='ocrx_word' id='word_1_349' title='bbox 1517 2555 1910 2605; x_wconf 86' lang='lat' dir='ltr'>impudentissimae</span> 
     </span>
    </p>
   </div>
   <div class='ocr_carea' id='block_1_7' title="bbox 303 2647 1907 2766">
    <p class='ocr_par' dir='ltr' id='par_1_15' title="bbox 303 2647 1907 2766">
     <span class='ocr_line' id='line_1_41' title="bbox 349 2647 1907 2690; baseline 0.005 -13"><span class='ocrx_word' id='word_1_350' title='bbox 349 2647 423 2680; x_wconf 75' lang='lat'>995.</span> <span class='ocrx_word' id='word_1_351' title='bbox 446 2649 499 2678; x_wconf 87' lang='lat'>61.</span> <span class='ocrx_word' id='word_1_352' title='bbox 524 2648 615 2679; x_wconf 82' lang='lat' dir='ltr'>habe</span> <span class='ocrx_word' id='word_1_353' title='bbox 638 2651 679 2678; x_wconf 74' lang='lat' dir='ltr'>ad</span> <span class='ocrx_word' id='word_1_354' title='bbox 695 2652 713 2681; x_wconf 74' lang='lat'>⁷.</span> <span class='ocrx_word' id='word_1_355' title='bbox 731 2651 765 2679; x_wconf 79' lang='lat' dir='ltr'>F.</span> <span class='ocrx_word' id='word_1_356' title='bbox 902 2658 950 2687; x_wconf 84' lang='lat'>72.</span> <span class='ocrx_word' id='word_1_357' title='bbox 976 2651 1026 2679; x_wconf 74' lang='lat' dir='ltr'>F:</span> <span class='ocrx_word' id='word_1_358' title='bbox 1059 2648 1332 2679; x_wconf 84' lang='lat' dir='ltr'>boneuolentiae</span> <span class='ocrx_word' id='word_1_359' title='bbox 1355 2651 1391 2678; x_wconf 85' lang='lat' dir='ltr'>E.</span> <span class='ocrx_word' id='word_1_360' title='bbox 1531 2652 1582 2689; x_wconf 89' lang='lat'>76.</span> <span class='ocrx_word' id='word_1_361' title='bbox 1607 2651 1739 2690; x_wconf 79' lang='lat' dir='ltr'>gratias</span> <span class='ocrx_word' id='word_1_362' title='bbox 1755 2654 1810 2682; x_wconf 91' lang='lat' dir='ltr'>H:</span> <span class='ocrx_word' id='word_1_363' title='bbox 1841 2655 1907 2685; x_wconf 86' lang='lat' dir='ltr'>tibi</span> 
     </span>
     <span class='ocr_line' id='line_1_42' title="bbox 303 2691 1905 2765; baseline 0.005 -45"><span class='ocrx_word' id='word_1_364' title='bbox 303 2691 510 2765; x_wconf 52' lang='lat' dir='ltr'>gra.It)ia;E.l</span> <span class='ocrx_word' id='word_1_365' title='bbox 576 2692 633 2740; x_wconf 34' lang='lat'>⁸81.</span> <span class='ocrx_word' id='word_1_366' title='bbox 650 2702 921 2765; x_wconf 50' lang='lat' dir='ltr'>Imneijsynon</span> <span class='ocrx_word' id='word_1_367' title='bbox 940 2694 975 2722; x_wconf 77' lang='lat' dir='ltr'>F.</span> <span class='ocrx_word' id='word_1_368' title='bbox 1088 2692 1161 2723; x_wconf 79' lang='grc'>996,</span> <span class='ocrx_word' id='word_1_369' title='bbox 1186 2701 1250 2722; x_wconf 77' lang='grc' dir='ltr'>ΤΙΤ.</span> <span class='ocrx_word' id='word_1_370' title='bbox 1268 2701 1569 2724; x_wconf 65' lang='lat' dir='ltr'>nxzvsnmmssmo</span> <span class='ocrx_word' id='word_1_371' title='bbox 1586 2702 1720 2725; x_wconf 66' lang='lat' dir='ltr'>Domno</span> <span class='ocrx_word' id='word_1_372' title='bbox 1737 2705 1769 2727; x_wconf 87' lang='lat' dir='ltr'>D.</span> <span class='ocrx_word' id='word_1_373' title='bbox 1789 2707 1847 2727; x_wconf 78' lang='lat' dir='ltr'>om.</span> <span class='ocrx_word' id='word_1_374' title='bbox 1866 2700 1905 2728; x_wconf 91' lang='lat' dir='ltr'>H.</span> 
     </span>
     <span class='ocr_line' id='line_1_43' title="bbox 306 2743 690 2766; baseline 0.005 -2"><span class='ocrx_word' id='word_1_375' title='bbox 306 2743 332 2764; x_wconf 84' lang='lat'>1.</span> <span class='ocrx_word' id='word_1_376' title='bbox 393 2759 399 2765; x_wconf 90' lang='lat'>.</span> <span class='ocrx_word' id='word_1_377' title='bbox 431 2747 461 2765; x_wconf 63' lang='grc' dir='ltr'>ις</span> <span class='ocrx_word' id='word_1_378' title='bbox 487 2744 631 2765; x_wconf 50' lang='lat' dir='ltr'>nomine</span> <span class='ocrx_word' id='word_1_379' title='bbox 685 2761 690 2766; x_wconf 92' lang='lat'>.</span> 
     </span>
    </p>
   </div>
   <div class='ocr_carea' id='block_1_8' title="bbox 301 2862 1906 3043">
    <p class='ocr_par' dir='ltr' id='par_1_16' title="bbox 346 2862 1906 2912">
     <span class='ocr_line' id='line_1_44' title="bbox 346 2862 1906 2912; baseline 0.008 -21"><span class='ocrx_word' id='word_1_380' title='bbox 346 2862 423 2910; x_wconf 28' lang='lat'>995..</span> <span class='ocrx_word' id='word_1_381' title='bbox 438 2871 489 2910; x_wconf 71' lang='lat'>73.</span> <span class='ocrx_word' id='word_1_382' title='bbox 515 2862 650 2903; x_wconf 80' lang='lat' dir='ltr'>charis]</span> <span class='ocrx_word' id='word_1_383' title='bbox 676 2862 776 2901; x_wconf 77' lang='grc' dir='ltr'>χάρις.</span> <span class='ocrx_word' id='word_1_384' title='bbox 1139 2869 1289 2898; x_wconf 77' lang='lat' dir='ltr'>Bodlet&#39;cm</span> <span class='ocrx_word' id='word_1_385' title='bbox 1306 2871 1382 2905; x_wconf 60' lang='grc' dir='ltr'>φήῃ.</span> <span class='ocrx_word' id='word_1_386' title='bbox 1402 2872 1524 2909; x_wconf 68' lang='grc' dir='ltr'>Ιίεςωιϊῖ,</span> <span class='ocrx_word' id='word_1_387' title='bbox 1539 2870 1626 2910; x_wconf 75' lang='lat' dir='ltr'>July</span> <span class='ocrx_word' id='word_1_388' title='bbox 1642 2873 1734 2910; x_wconf 87' lang='lat'>1918.</span> <span class='ocrx_word' id='word_1_389' title='bbox 1776 2873 1831 2912; x_wconf 73' lang='lat' dir='ltr'>By</span> <span class='ocrx_word' id='word_1_390' title='bbox 1848 2873 1906 2904; x_wconf 87' lang='lat' dir='ltr'>his</span> 
     </span>
    </p>

    <p class='ocr_par' dir='ltr' id='par_1_17' title="bbox 389 2904 1905 2955">
     <span class='ocr_line' id='line_1_45' title="bbox 389 2904 1905 2955; baseline 0.009 -21"><span class='ocrx_word' id='word_1_391' title='bbox 389 2904 543 2945; x_wconf 73' lang='lat' dir='ltr'>dumus]</span> <span class='ocrx_word' id='word_1_392' title='bbox 569 2905 619 2936; x_wconf 85' lang='lat' dir='ltr'>Of.</span> <span class='ocrx_word' id='word_1_393' title='bbox 638 2906 701 2945; x_wconf 85' lang='lat' dir='ltr'>Ep.</span> <span class='ocrx_word' id='word_1_394' title='bbox 723 2916 817 2946; x_wconf 81' lang='lat'>1025.</span> <span class='ocrx_word' id='word_1_395' title='bbox 837 2918 892 2946; x_wconf 77' lang='lat'>4¹¹-</span> <span class='ocrx_word' id='word_1_396' title='bbox 1139 2911 1206 2941; x_wconf 72' lang='lat' dir='ltr'>last</span> <span class='ocrx_word' id='word_1_397' title='bbox 1222 2911 1297 2941; x_wconf 81' lang='lat' dir='ltr'>will</span> <span class='ocrx_word' id='word_1_398' title='bbox 1315 2912 1360 2942; x_wconf 81' lang='lat' dir='ltr'>he</span> <span class='ocrx_word' id='word_1_399' title='bbox 1378 2912 1444 2943; x_wconf 86' lang='lat' dir='ltr'>left</span> <span class='ocrx_word' id='word_1_400' title='bbox 1461 2914 1489 2943; x_wconf 87' lang='lat' dir='ltr'>it</span> <span class='ocrx_word' id='word_1_401' title='bbox 1512 2917 1546 2943; x_wconf 84' lang='lat' dir='ltr'>to</span> <span class='ocrx_word' id='word_1_402' title='bbox 1570 2914 1713 2946; x_wconf 60' lang='lat' dir='ltr'>Justina</span> <span class='ocrx_word' id='word_1_403' title='bbox 1741 2916 1879 2948; x_wconf 84' lang='lat' dir='ltr'>Froben</span> <span class='ocrx_word' id='word_1_404' title='bbox 1898 2928 1905 2955; x_wconf 85' lang='lat'><strong>;</strong></span> 
     </span>
    </p>

    <p class='ocr_par' dir='ltr' id='par_1_18' title="bbox 301 2948 1906 3043">
     <span class='ocr_line' id='line_1_46' title="bbox 345 2948 1906 2999; baseline 0.008 -21"><span class='ocrx_word' id='word_1_405' title='bbox 345 2949 396 2979; x_wconf 89' lang='lat'>80.</span> <span class='ocrx_word' id='word_1_406' title='bbox 425 2948 548 2988; x_wconf 77' lang='lat' dir='ltr'>anulo]</span> <span class='ocrx_word' id='word_1_407' title='bbox 566 2949 652 2980; x_wconf 87' lang='lat' dir='ltr'>This</span> <span class='ocrx_word' id='word_1_408' title='bbox 669 2950 839 2980; x_wconf 86' lang='lat' dir='ltr'>diamond</span> <span class='ocrx_word' id='word_1_409' title='bbox 856 2953 933 2991; x_wconf 67' lang='lat' dir='ltr'>ring</span> <span class='ocrx_word' id='word_1_410' title='bbox 946 2953 1067 2983; x_wconf 76' lang='lat' dir='ltr'>wasin</span> <span class='ocrx_word' id='word_1_411' title='bbox 1139 2954 1258 2984; x_wconf 86' lang='lat' dir='ltr'>whose</span> <span class='ocrx_word' id='word_1_412' title='bbox 1284 2955 1458 2995; x_wconf 79' lang='lat' dir='ltr'>husband,</span> <span class='ocrx_word' id='word_1_413' title='bbox 1486 2957 1560 2989; x_wconf 90' lang='lat' dir='ltr'>Nic.</span> <span class='ocrx_word' id='word_1_414' title='bbox 1586 2958 1805 2999; x_wconf 80' lang='lat' dir='ltr'>Episcopius,</span> <span class='ocrx_word' id='word_1_415' title='bbox 1832 2970 1906 2991; x_wconf 80' lang='lat' dir='ltr'>was</span> 
     </span>
     <span class='ocr_line' id='line_1_47' title="bbox 301 2991 1842 3043; baseline 0.008 -22"><span class='ocrx_word' id='word_1_416' title='bbox 301 2991 481 3023; x_wconf 77' lang='lat' dir='ltr'>Erasmus’</span> <span class='ocrx_word' id='word_1_417' title='bbox 498 2994 706 3032; x_wconf 84' lang='lat' dir='ltr'>possession,</span> <span class='ocrx_word' id='word_1_418' title='bbox 721 3004 742 3033; x_wconf 92' lang='lat'><strong>9</strong></span> <span class='ocrx_word' id='word_1_419' title='bbox 759 2993 861 3033; x_wconf 83' lang='lat' dir='ltr'>April</span> <span class='ocrx_word' id='word_1_420' title='bbox 884 3004 963 3034; x_wconf 79' lang='lat'><strong>1534</strong></span> <span class='ocrx_word' id='word_1_421' title='bbox 982 3007 988 3025; x_wconf 90' lang='lat'>:</span> <span class='ocrx_word' id='word_1_422' title='bbox 1012 3006 1067 3026; x_wconf 78' lang='lat' dir='ltr'>see</span> <span class='ocrx_word' id='word_1_423' title='bbox 1136 3007 1203 3028; x_wconf 82' lang='lat' dir='ltr'>one</span> <span class='ocrx_word' id='word_1_424' title='bbox 1221 2999 1259 3028; x_wconf 87' lang='lat' dir='ltr'>of</span> <span class='ocrx_word' id='word_1_425' title='bbox 1271 2998 1328 3028; x_wconf 88' lang='lat' dir='ltr'>his</span> <span class='ocrx_word' id='word_1_426' title='bbox 1344 3002 1539 3031; x_wconf 69' lang='lat' dir='ltr'>executors.</span> <span class='ocrx_word' id='word_1_427' title='bbox 1585 3002 1648 3032; x_wconf 78' lang='lat' dir='ltr'>See</span> <span class='ocrx_word' id='word_1_428' title='bbox 1666 3002 1703 3042; x_wconf 83' lang='lat' dir='ltr'>Q.</span> <span class='ocrx_word' id='word_1_429' title='bbox 1720 3013 1753 3043; x_wconf 89' lang='lat' dir='ltr'>p.</span> <span class='ocrx_word' id='word_1_430' title='bbox 1773 3012 1842 3042; x_wconf 84' lang='lat'>123.</span> 
     </span>
    </p>
   </div>
  </div>
 </body>
</html>
