1990 3353
205 473 264 504 ¹35

208 744 269 776 140

210 1011 267 1041 145

211 1286 272 1316 150

283 133 335 172 72
753 132 1004 171 LETTERS
1043 131 1112 171 OF
1150 131 1416 170 ERASMUS
1756 129 1883 184 [1519

283 241 391 279 mihi
411 243 508 279 ante
529 241 767 279 existimaui
791 255 913 291 quam
935 241 1011 279 tibi
1037 242 1150 280 cordi
1175 255 1265 281 esse
1290 243 1422 292 magis
1448 256 1577 293 genus
1603 242 1707 280 illud
1734 242 1884 281 ludicri

284 295 524 333 certaminis
553 296 662 333 sensi
692 298 815 344 atque
846 295 1045 345 perspexi,
1077 297 1187 345 quod
1217 297 1453 346 praepilatis
1481 298 1626 335 iaculis
1654 298 1884 347 certiusque

283 349 473 387 innocuis
502 349 649 388 editur.
710 349 805 387 Non
835 350 944 398 quod
973 350 1053 387 tibi
1082 353 1285 389 metueres
1313 353 1385 389 aut
1413 352 1531 399 mihi,
1559 354 1630 389 aut
1659 350 1738 388 tibi
1766 364 1789 388 a
1818 364 1885 388 me

283 404 556 442 metuendum
587 406 694 442 esset
727 405 799 441 aut
827 403 933 441 mihi
962 416 986 441 a
1013 406 1065 453 te,
1096 406 1166 443 sed
1197 406 1305 454 quod
1341 408 1592 454 spectatores
1625 405 1886 443 delectandos

284 457 418 507 magis
456 458 624 496 duceres
661 471 785 507 quam
823 458 1107 506 expectatione
1144 459 1455 509 suspendendos
1493 459 1690 497 tristioris
1726 460 1885 497 exitus:

285 512 402 550 cuius
435 512 598 550 consilii
628 513 830 549 rationem
865 512 985 550 facile
1018 513 1127 550 mihi
1158 513 1354 563 probasti,
1388 517 1656 564 posteaquam
1685 513 1887 551 attentius

284 580 369 604 rem
393 567 723 604 animaduertere
744 566 865 615 coepi.

340 621 528 670 Denique
558 621 718 658 nullam
753 620 862 658 inter
895 634 970 659 nos
1003 621 1239 659 animorum
1272 622 1576 670 alienationem,
1615 624 1656 660 et
1690 622 1888 660 διάστασιν

285 674 565 713 intercessisse
593 678 704 724 puto,
739 676 819 713 οἵαν
848 676 892 724 δὴ
921 676 980 713 καὶ
1008 676 1216 726 διαλλαγῆς
1243 676 1399 721 δεῖσθαι,
1430 679 1499 727 οὐχ
1524 678 1621 717 ὅπως
1647 677 1886 715 διαλλακτοῦ.

285 728 440 778 Ἀμέλει
458 730 500 767 τὸ
523 729 600 766 κατ’
620 729 685 778 ἐμὲ
705 730 738 766 εἴ
760 747 795 768 τι
814 732 905 767 ποτὲ
933 731 1025 767 κατά
1045 747 1116 767 σου
1143 731 1270 780 εἴρηκα
1292 730 1316 781 ἢ
1334 732 1511 783 γέγραφα
1537 732 1746 783 κακούργως
1764 748 1806 783 γε
1828 731 1888 768 καὶ

287 783 500 831 δυσνοϊκῶς,
520 797 599 833 quo
620 784 851 822 commodis
869 784 954 822 tuis
974 784 1176 822 officerem
1204 788 1277 823 aut
1295 785 1471 835 gloriam
1497 785 1622 824 istam
1648 789 1764 824 tuam
1791 803 1889 834 παμ-

286 838 426 890 μεγέθη
446 839 752 883 imminuerem‚
774 838 893 877 ἐκεῖνο
919 839 963 888 δὴ
983 838 1208 888 ἐπιτηδεύων
1227 843 1303 880 τοῖς
1322 840 1662 891 ἐσχηματισμένοις
1681 841 1824 891 λόγοις,
1844 842 1890 881 ὡς

287 892 328 930 ἐκ
346 893 530 942 μετεώρου
555 893 672 941 τῆσδε
694 895 759 942 τῆς
783 893 891 943 δόξης
917 893 1100 937 ἐκπέσοις,
1126 894 1238 932 Deus
1263 907 1329 932 me
1350 895 1440 944 pari
1463 897 1616 932 mactet
1640 894 1886 933 infortunio.

287 948 445 985 Datum
467 949 530 985 est
555 947 714 996 aliquid
742 948 966 995 stomacho,
995 952 1037 986 et
1064 948 1310 986 humanitus
1337 949 1531 986 nonnihil
1557 950 1784 987 admissum
1811 952 1886 996 est,

287 1004 327 1039 et
360 1001 621 1039 incommode
653 1002 824 1040 fortasse
857 1006 979 1051 atque
1013 1003 1301 1052 imprudenter
1336 1003 1386 1040 de
1419 1003 1601 1041 amicitia
1633 1004 1886 1051 consultum,

289 1057 389 1094 dum
410 1056 602 1105 iugulum
618 1056 937 1094 existimationis
956 1059 1104 1094 mutuo
1120 1057 1351 1106 petentium
1372 1058 1550 1106 speciem
1567 1057 1863 1106 praebebamus
1881 1071 1890 1105 ;

288 1112 335 1149 vt
355 1110 504 1148 assolet
520 1110 730 1147 interdum
751 1110 796 1147 in
812 1111 1046 1148 simulacris
1066 1124 1239 1160 pugnae,
1258 1113 1358 1149 dum
1374 1111 1690 1149 concertationis
1709 1112 1891 1160 impetus

289 1168 405 1202 extra
437 1165 685 1213 praescripta
718 1165 869 1203 ludicri
903 1167 943 1202 et
982 1169 1143 1214 praeter
1179 1166 1386 1214 legitimas
1419 1167 1529 1204 vices
1566 1180 1611 1204 ac
1644 1166 1892 1204 constitutas

289 1219 469 1257 effertur.
529 1218 578 1255 Id
608 1219 721 1256 enim
754 1219 836 1268 ipsi
866 1219 909 1257 in
944 1219 1073 1268 septis
1103 1219 1285 1257 accidere
1317 1220 1605 1258 decursionum
1640 1220 1892 1258 militarium

289 1273 481 1310 videmus
507 1273 741 1322 aliquando⁷
764 1277 804 1311 et
829 1274 997 1311 veniam
1018 1276 1157 1311 tamen
1187 1275 1347 1322 mereri,
1371 1288 1466 1312 cum
1489 1275 1641 1313 blanda
1666 1275 1892 1313 satisfactio

290 1327 531 1377 deprecatur
550 1339 740 1365 errorem.
793 1328 934 1377 Neque
954 1328 995 1365 id
1015 1328 1267 1377 inexpiabile
1292 1331 1355 1367 est
1377 1329 1483 1378 quod
1503 1329 1777 1378 extemporale
1797 1329 1889 1376 fuit,

291 1395 365 1420 1160
384 1395 569 1430 vnquam
591 1395 721 1419 vnum
742 1382 852 1419 diem
873 1383 1008 1420 haesit
1030 1383 1182 1421 animo.
1244 1383 1305 1420 Ne
1324 1385 1417 1421 tum
1443 1384 1611 1432 quidem
1636 1384 1694 1421 ita
1713 1383 1894 1421 valuisse

289 1435 664 1474 stomachationem
685 1439 756 1474 aut
776 1437 1159 1474 contentiunculam
1178 1437 1307 1475 vllam
1327 1439 1567 1475 affirmarim
1587 1440 1631 1475 vt
1651 1438 1830 1476 euaserit
1849 1439 1895 1475 in

293 1491 446 1529 odium.
507 1490 557 1528 Id
588 1491 696 1539 quod
727 1493 772 1528 vt
803 1491 852 1528 de
882 1504 949 1528 1116
976 1491 1146 1538 affirmo,
1180 1492 1239 1529 sic
1269 1492 1320 1529 de
1339 1495 1380 1530 te
1409 1492 1521 1529 haud
1551 1492 1675 1530 dubie
1704 1492 1890 1530 coniicio.

236 1557 262 1586 ἓ,
293 1545 401 1593 Quid
417 1544 454 1582 si
472 1545 580 1582 mihi
594 1558 646 1583 ne
661 1545 909 1593 poenitenda
924 1546 1092 1595 quidem
1112 1546 1305 1584 videntur
1324 1559 1427 1596 quae
1447 1546 1688 1595 scripsimus
1702 1548 1722 1584 ‘?
1761 1546 1895 1594 Quan-

293 1601 385 1637 tum
405 1602 467 1636 est
487 1599 601 1636 enim
617 1599 667 1636 ad
688 1600 1046 1638 confirmationem
1062 1600 1278 1647 amicitiae,
1301 1601 1352 1638 ab
1372 1601 1524 1638 acriore
1540 1613 1616 1638 nos
1631 1600 1895 1639 contentione

294 1654 396 1691 citra
424 1666 576 1691 noxam
606 1653 839 1692 discessisse
865 1654 923 1692 ita
942 1656 987 1692 vt
1009 1655 1178 1703 vterque
1207 1655 1377 1692 alterius
1405 1655 1594 1695 animum
1623 1655 1891 1704 periclitatus,

295 1710 555 1757 perspectum
575 1721 618 1745 se
638 1708 788 1745 habere
808 1710 1174 1757 pertentatumque
1194 1710 1374 1746 confidat
1394 1714 1434 1747 et
1454 1710 1642 1748 laetetur.

350 1762 465 1810 Quod
485 1761 668 1800 aulicum
690 1775 756 1799 me
775 1763 930 1800 factum
949 1763 1169 1809 cauillariS,
1187 1766 1227 1801 et
1246 1763 1463 1801 literarum
1477 1764 1609 1801 vicem
1631 1763 1756 1811 deles,
1779 1764 1897 1813 quasi

295 1829 388 1854 eam
417 1829 581 1854 causam
612 1819 818 1865 receptam
847 1817 1096 1854 deseruerim
1127 1820 1199 1855 aut
1228 1817 1489 1867 prodiderim,
1512 1818 1563 1855 ob
1591 1818 1714 1868 idque
1744 1831 1896 1868 magno

295 1870 524 1920 patrocinio
543 1871 686 1908 literae
706 1871 838 1908 bonae
857 1871 1081 1909 destitutae
1101 1871 1195 1919 sint,
1220 1872 1436 1909 materiam
1458 1872 1563 1909 mihi
1582 1875 1719 1910 tecum
1735 1872 1898 1910 iocandi

295 1925 517 1975 praebebit.
576 1925 728 1963 Graece
749 1928 889 1963 tamen
910 1926 1098 1973 scribam,
1122 1928 1167 1964 vt
1196 1926 1368 1964 liberius
1391 1929 1432 1964 et
1455 1927 1686 1975 simplicius
1707 1939 1897 1964 acroama

297 1980 514 2029 praebeam
534 1979 807 2027 expeditionis
826 1980 982 2017 aulicae
1003 1993 1105 2029 quae
1128 1980 1235 2017 mihi
1262 1981 1338 2019 hoc
1364 1994 1474 2018 anno
1497 1981 1659 2030 obtigit,
1682 1980 1791 2018 haud
1813 1981 1898 2019 scio

298 2047 421 2083 quam
441 2034 619 2082 propitia
639 2033 911 2082 prouidentia.

352 2088 455 2126 Vale
474 2101 524 2125 ex
540 2088 683 2125 eodem
703 2087 916 2135 Mai-liano,
937 2088 1285 2137 Septimodecimo
1307 2089 1474 2128 Calend.
1501 2089 1699 2127 Octobris.

353 2142 419 2180 En
438 2142 515 2180 tibi
540 2142 716 2180 alteram
738 2143 1092 2192 exhomologesim
1118 2143 1274 2192 optima
1293 2144 1373 2181 fide
1398 2144 1560 2181 factam.
1619 2143 1723 2182 Post
1742 2143 1900 2194 aliquot

299 2197 386 2235 dies
405 2209 531 2245 quam
550 2197 692 2234 literas
711 2198 805 2234 tuas
824 2197 969 2246 accepi,
993 2210 1107 2235 meas
1126 2197 1175 2235 ad
1200 2197 1462 2236 Hermanum
1484 2202 1607 2236 tuum
1631 2197 1729 2235 misi
1749 2198 1899 2236 Graece

299 2250 471 2299 scriptas
487 2266 495 2297 ;
525 2251 594 2288 sed
613 2250 758 2288 vrbem
778 2251 861 2288 iam
882 2250 1035 2289 exierat
1050 2252 1102 2289 ob
1123 2254 1292 2300 pestem.
1335 2252 1402 2290 Ita
1421 2265 1470 2289 ex
1485 2252 1586 2290 vrbe
1606 2252 1756 2290 relatae
1776 2254 1899 2299 sunt3

299 2308 340 2342 et
362 2305 437 2342 has
456 2305 541 2342 illis
561 2304 727 2342 subdidi
752 2305 881 2342 animi
900 2318 1032 2343 causa.
1091 2305 1245 2343 Mirum
1272 2308 1335 2344 est
1355 2306 1470 2344 enim
1497 2308 1701 2356 quantum
1723 2306 1901 2344 delector

299 2359 350 2397 ad
370 2361 411 2397 te
437 2359 633 2397 scribens.
695 2359 903 2408 Vtrasque
928 2362 1069 2397 tamen
1097 2359 1232 2397 eidem
1258 2360 1422 2398 homini
1447 2374 1532 2398 non
1558 2360 1830 2406 committam,
1853 2362 1899 2398 vt

299 2412 406 2451 mihi
425 2413 470 2450 in
490 2413 682 2450 binarum
702 2413 835 2451 vicem
855 2414 1012 2452 cedant.
1068 2414 1171 2452 Vale
1197 2427 1349 2454 rursus

347 2528 418 2557 139.
445 2521 498 2548 11:
524 2516 685 2558 διαλλαγῇ
702 2528 731 2550 a.
884 2521 941 2550 H:
964 2519 1143 2557 διαλλακτῆ
1160 2528 1190 2549 a.
1351 2527 1421 2555 142.
1447 2519 1501 2546 H:
1526 2515 1832 2556 ἔσχρηματισμένοις
1846 2516 1899 2546 ab.

305 2563 377 2601 146.
404 2564 529 2592 mutuo
546 2565 619 2594 add.
638 2563 669 2593 b.
788 2563 858 2592 166.
885 2563 929 2593 ab
946 2573 953 2592 :
978 2561 1251 2602 exomologesim
1268 2563 1364 2592 Loml.
1490 2561 1560 2598 167.
1586 2558 1678 2590 aNSb
1696 2571 1703 2590 :
1726 2559 1903 2590 Herman—

302 2615 390 2636 num
407 2604 453 2635 N1
472 2607 566 2636 Loud.
681 2614 753 2644 170.
778 2605 936 2644 Vtraque
955 2606 987 2637 b.

348 2723 420 2752 159.
446 2713 620 2754 aulicum]
644 2714 708 2753 Ep.
731 2723 821 2751 1004.
848 2715 963 2752 127—8.
1139 2722 1222 2751 1520
1248 2710 1349 2743 <1313st
1374 2710 1445 2749 51),
1462 2710 1618 2741 without
1637 2710 1699 2740 the
1719 2709 1902 2750 qualifica-

348 2758 419 2796 163.
448 2757 698 2797 expeditionis]
725 2757 774 2788 Cf.
785 2758 848 2797 Ep.
861 2767 954 2796 1004.
967 2759 1068 2789 12611.
1136 2758 1230 2787 tions
1247 2755 1326 2785 that
1348 2755 1467 2785 follow
1489 2755 1594 2790 he1·e;
1617 2754 1688 2784 and
1707 2755 1735 2784 it
1752 2755 1782 2784 is
1797 2753 1902 2784 made

349 2802 421 2831 162.
446 2800 616 2840 scribam]
643 2801 809 2830 Budaeus
839 2801 950 2832 found
978 2801 1071 2831 him-
1136 2803 1172 2830 to
1195 2808 1324 2838 appear
1356 2798 1434 2828 that
1466 2798 1511 2828 H.
1541 2798 1714 2837 Phrysius
1743 2797 1903 2836 actually

304 2844 374 2875 self
386 2846 442 2874 too
459 2845 549 2882 busy
562 2846 598 2874 to
614 2854 715 2883 carry
729 2845 803 2874 this
819 2846 975 2884 promise
986 2847 1047 2875 out
1063 2855 1071 2883 3
1136 2842 1275 2874 carried
1304 2842 1364 2880 Ep.
1396 2851 1452 2872 101
1464 2851 1487 2872 ῐ.
1537 2841 1609 2871 But
1640 2840 1702 2872 the
1731 2841 1901 2871 omission

304 2898 361 2919 sce
378 2887 464 2927 Epp.
488 2888 578 2917 1066.
596 2888 692 2926 61—2‚
716 2897 809 2926 1073.
829 2889 926 2927 66—9.
1137 2887 1268 2917 cannot
1300 2884 1498 2915 invalidate
1529 2885 1592 2914 the
1624 2884 1772 2915 definite
1796 2886 1901 2914 state-

350 2932 422 2969 167.
445 2931 489 2961 ad
508 2930 748 2971 Hormanum]
773 2931 860 2961 This
877 2933 1072 2961 statement
1137 2932 1255 2960 ments
1272 2929 1356 2958 hero.
1373 2928 1501 2967 added,
1520 2928 1591 2958 and
1608 2931 1706 2958 must
1723 2928 1765 2958 be
1782 2927 1850 2958 due
1866 2929 1903 2957 to

305 2975 336 3006 is
353 2974 519 3014 repeated
536 2975 574 3004 in
593 2984 612 3004 a
629 2974 738 3005 letter
758 2975 792 3005 to
815 2975 932 3014 Vives,
952 2985 971 3004 2
987 2974 1066 3005 Jan.
1136 2972 1400 3012 forgetfulncss.
