1990 3353
45 110 164 164 1196]
465 114 536 152 To
572 113 826 153 VINCENT
866 113 1221 154 THEODORICI
1565 117 1644 154 479

96 221 209 260 Haec
244 221 477 260 admonitio
509 223 708 272 quoniam
742 223 794 260 ab
825 223 964 260 animo
998 224 1178 262 fraterno
1212 225 1504 274 proficiscitur,
1538 226 1646 264 mihi

42 279 151 314 certe
180 276 379 325 profuerit
408 277 516 325 apud
547 277 687 315 Iesum
717 276 945 315 Christum.
1006 278 1143 316 Tuum
1171 279 1250 317 erit
1279 280 1377 318 dare
1406 293 1573 330 operam
1600 284 1645 319 vt

41 330 119 368 tibi
140 343 303 380 quoque
333 331 388 368 sit
407 330 548 369 vtilis:
579 332 657 369 erit
685 333 826 369 autem
856 331 892 368 si
921 331 1026 370 bene
1055 333 1244 371 monenti
1272 335 1468 383 parueris.
1529 335 1644 373 Bene

39 384 140 423 vale.
199 397 379 423 M.D.XX1.

364 546 488 586 1197.
551 545 684 587 FROM
716 545 998 589 MERCURINO
1031 546 1321 592 GATTINARA.

87 647 141 682 De
160 647 325 692 puritate
345 658 380 691 p.
404 647 480 681 116.
1381 651 1539 687 Wormg⁸

86 706 130 740 N.
148 718 184 750 p.
207 706 316 740 1108:
345 704 462 739 Lond.
481 704 593 739 xxvii.
611 715 653 748 41
672 716 680 740 :
710 705 783 739 LB.
804 706 882 750 568.
1327 718 1343 754 5
1364 709 1473 754 April
1496 721 1597 755 1521.

85 797 300 838 [Evidently
322 797 524 836 answering
547 806 567 827 a
590 797 696 828 letter
719 799 990 838 contemporary
1014 799 1104 830 with
1131 800 1192 840 Ep.
1223 810 1318 840 1195.
1365 801 1439 832 The
1464 802 1586 834 theme
1611 804 1649 834 of

41 850 266 879 anonymous
281 840 503 880 publication
520 841 550 870 is
566 841 735 872 reflected
751 842 791 872 in
808 842 872 881 Ep.
895 852 988 882 1199.

85 884 172 915 This
200 886 231 915 is
257 884 320 915 the
344 884 422 923 last,
449 884 586 923 though
614 885 661 924 by
684 894 732 915 no
756 895 881 916 means
907 887 969 917 the
990 886 1109 925 latest,
1135 887 1243 918 letter
1268 897 1352 918 ever
1375 889 1573 928 published
1601 891 1648 930 by

42 929 222 959 Erasmus.
270 928 361 959 That
378 928 423 958 he
440 927 503 958 did
519 930 583 958 not
600 928 714 959 insert
731 930 760 960 it
777 930 817 960 in
839 930 867 960 F
888 930 975 960 with
999 931 1103 961 other
1123 931 1249 962 letters
1266 932 1304 962 of
1324 932 1400 963 this
1424 934 1548 973 period
1572 944 1647 965 was

42 972 196 1012 perhaps
228 973 374 1003 because
406 972 452 1002 he
483 972 694 1003 considered
727 973 809 1003 that
841 974 870 1004 it
903 974 1022 1004 would
1048 976 1112 1005 not
1145 975 1190 1005 do
1226 975 1337 1006 much
1372 977 1485 1008 credit
1518 980 1554 1008 to
1585 979 1647 1009 the

42 1015 284 1047 Chancellor’s
302 1018 462 1054 mastery
475 1015 512 1046 of
526 1015 644 1047 Latin.
684 1016 758 1047 The
776 1017 988 1056 production
1007 1018 1045 1049 of
1058 1020 1086 1049 it
1104 1019 1229 1057 nearly
1242 1019 1366 1050 fifteen
1383 1030 1486 1059 years
1504 1022 1594 1052 later
1610 1024 1647 1052 to

41 1060 93 1090 fill
111 1061 172 1090 out
189 1070 208 1090 a
224 1058 367 1089 volume
384 1059 561 1089 indicates
577 1059 640 1090 the
656 1062 781 1091 extent
798 1063 834 1091 to
847 1062 966 1092 which
980 1062 1025 1092 he
1039 1063 1227 1102 preserved
1245 1063 1302 1094 his
1319 1065 1625 1104 correspondence
1639 1077 1646 1098 :

40 1103 81 1134 cf.
98 1104 186 1143 Epp.
202 1104 276 1142 456.
295 1104 373 1142 87n‚
396 1103 488 1143 1261⁷
510 1103 620 1144 1272]

98 1207 392 1252 MERCVRINVS
422 1193 744 1248 GATTINARIVS,
777 1209 943 1240 CAROLI
976 1210 1192 1241 CAESARIS
1224 1211 1589 1252 CANCELLARIVS,

505 1276 600 1305 DES.
624 1276 807 1308 ERASMO
838 1278 1061 1309 ROTEROD.
1083 1279 1115 1309 S.
1141 1280 1182 1309 D.

97 1361 488 1399 PRAEsrAansmn
507 1359 585 1405 vir,
605 1358 698 1396 heri
721 1358 903 1397 redditae
929 1359 1036 1397 mihi
1067 1363 1166 1399 sunt
1192 1361 1335 1400 literae
1367 1364 1471 1410 tuae,
1498 1365 1648 1414 quibus

42 1415 176 1453 vereri
205 1417 245 1452 te
274 1413 458 1452 ostendis
485 1426 537 1450 ne
566 1413 728 1461 aliquae
757 1413 1081 1452 obtrectatorum
1111 1416 1304 1454 subortae
1332 1417 1418 1455 sint
1448 1419 1646 1457 aduersus

44 1473 84 1508 te
113 1468 354 1513 calumniae.
378 1469 512 1516 teque,
536 1470 742 1516 quantum
769 1470 895 1516 potes,
927 1481 1096 1507 excusas
1119 1483 1362 1520 purgasque.
1424 1472 1476 1510 In
1500 1474 1649 1522 primis

43 1524 175 1562 faeere
196 1536 277 1561 non
300 1535 470 1571 possum
491 1522 593 1571 quin
613 1535 688 1571 pro
708 1534 753 1559 ea
774 1535 897 1571 quam
919 1523 968 1560 de
990 1536 1055 1561 me
1076 1523 1202 1563 habes
1224 1525 1417 1574 opinione
1436 1540 1481 1564 ac
1502 1528 1650 1566 fiducia

46 1578 247 1627 plurimas
276 1577 355 1615 tibi
381 1576 535 1626 gratias
562 1589 692 1625 agam.
753 1576 884 1615 Credo
910 1577 1024 1615 enim
1053 1578 1239 1627 potuisse
1272 1581 1311 1617 te
1342 1593 1505 1631 semper
1530 1582 1650 1621 facile

44 1632 236 1682 colligere
257 1631 329 1681 qui
349 1644 466 1669 meus
486 1633 593 1669 esset
612 1631 657 1668 in
677 1633 718 1668 te
737 1631 918 1677 animus,
938 1634 979 1670 et
999 1645 1097 1670 sane
1125 1633 1220 1671 talis
1241 1647 1322 1683 quo
1349 1637 1649 1685 promptiorem

44 1687 202 1725 amicus
221 1686 438 1736 quisquam
460 1685 511 1723 ab
531 1686 659 1723 altero
685 1698 850 1734 sperare
879 1699 965 1723 non
993 1686 1170 1725 auderet.
1232 1688 1349 1726 Certe
1370 1692 1574 1738 quantum
1606 1692 1649 1730 in

46 1754 113 1780 me
133 1742 225 1789 fuit,
248 1754 333 1778 non
354 1740 493 1778 solum
519 1742 614 1778 tuas
633 1740 918 1778 excusationes
944 1740 1079 1779 libens
1107 1742 1273 1791 accipio,
1296 1745 1573 1783 verumetiam
1605 1746 1647 1784 id

45 1796 226 1843 effecere,
260 1797 307 1833 vt
343 1807 469 1844 quum
511 1796 636 1833 antea
674 1794 795 1832 aliter
833 1795 882 1832 de
921 1797 962 1833 te
999 1798 1123 1845 atque
1161 1797 1309 1834 scribis
1348 1800 1525 1847 cogitare
1564 1813 1648 1839 non

44 1863 220 1899 possem,
247 1863 358 1887 nunc
377 1862 476 1887 vero
505 1848 609 1886 illud
635 1849 774 1898 ipsum
794 1849 936 1887 videar
960 1850 1125 1889 intueri.
1188 1851 1306 1889 Nihil
1331 1853 1443 1890 enim
1465 1867 1650 1904 vnquam

45 1905 125 1943 fuit
154 1917 280 1954 quare
308 1908 360 1951 te,
391 1903 564 1941 vnioum
597 1904 803 1941 bonarum
836 1903 1051 1942 literarum
1085 1905 1126 1942 in
1160 1905 1382 1944 Germania
1416 1908 1572 1955 lumen,
1605 1922 1650 1947 ac

47 1960 119 2009 qui
140 1959 300 1997 labores
327 1970 472 1996 omnes
500 1959 593 1996 tuos
611 1958 826 2007 vitamque
846 1958 978 2007 ipsam
1006 1959 1054 1996 ad
1085 1960 1315 1998 ornandam
1341 1961 1650 2001 illustrandam-

48 2027 126 2063 que
157 2012 427 2051 orthodoxam
454 2011 580 2050 fidem
606 2013 832 2057 contulisti,
855 2013 900 2050 in
927 2013 1074 2062 hisque
1105 2014 1191 2051 dies
1220 2017 1259 2052 et
1290 2018 1432 2054 noctes
1461 2017 1647 2064 desudas,

48 2068 213 2105 credere
245 2067 435 2105 deberem
476 2066 610 2104 latum
640 2079 824 2116 vnguem
858 2080 881 2105 a
915 2068 1188 2106 sacrosanctis
1217 2069 1305 2107 eius
1336 2070 1543 2109 institutis
1574 2072 1652 2110 dis-

48 2122 189 2160 cedere
218 2123 289 2159 aut
310 2121 395 2158 vllo
424 2121 548 2158 modo
568 2121 688 2159 aliter
707 2121 888 2160 sentire:
917 2122 1128 2171 bonosque
1155 2136 1298 2160 omnes
1320 2123 1453 2162 dicere
1481 2139 1652 2174 possum

51 2176 295 2226 cognouisse
316 2188 382 2212 me
404 2175 492 2213 eius
510 2188 598 2213 esse
619 2177 860 2213 sententiae.

105 2230 223 2278 Quod
244 2230 279 2267 si
299 2230 405 2267 forte
426 2230 525 2280 quid
551 2231 592 2268 te
618 2230 663 2267 in
688 2229 964 2279 suspitionem
985 2233 1367 2280 vocauerat—quod
1396 2235 1535 2272 tamen
1567 2248 1651 2272 non

50 2298 177 2335 vsque
207 2285 306 2323 adeo
340 2284 447 2322 mihi
480 2285 741 2334 compertum
774 2287 901 2331 est---⁷
936 2298 1024 2323 esse
1061 2286 1197 2333 potuit
1229 2287 1353 2324 stilus
1388 2289 1652 2336 quorundam

51 2340 263 2387 librorum,
287 2338 357 2388 qui
386 2338 437 2376 ad
466 2340 586 2376 tuum
618 2339 799 2377 maxime
829 2339 1034 2378 declinare
1054 2339 1296 2387 videbatur3
1339 2342 1408 2391 qui
1439 2344 1582 2381 tamen
1613 2347 1652 2382 et

51 2394 208 2432 incerto
228 2395 369 2431 autore
390 2393 517 2431 aediti
537 2395 665 2437 erant,
681 2395 733 2441 et,
749 2394 796 2431 vt
816 2394 1014 2432 breuibus
1034 2394 1176 2441 dicam,
1201 2394 1397 2433 haeretici
1419 2397 1526 2434 nihil
1547 2397 1590 2435 in
1610 2411 1653 2436 se

51 2448 323 2486 continentes.
385 2447 518 2495 Quare
537 2461 583 2485 eo
603 2448 744 2485 animo
772 2461 860 2486 esse
889 2448 1023 2495 debes,
1047 2450 1092 2486 vt
1113 2449 1284 2487 omnino
1304 2450 1381 2488 tibi
1408 2452 1654 2500 persuadeas

52 2506 93 2540 te
114 2502 222 2552 apud
252 2501 382 2539 bonos
411 2515 497 2540 non
526 2502 662 2540 solum
693 2502 878 2540 alienum
903 2503 953 2540 ab
978 2503 1092 2541 omni
1120 2502 1359 2552 suspitione,
1382 2505 1452 2542 sed
1485 2506 1654 2544 daturos

53 2569 128 2595 nos
148 2557 275 2594 etiam
296 2555 447 2593 obnixe
477 2569 640 2605 operam
661 2558 722 2603 vt,
742 2556 777 2594 si
798 2557 897 2606 quid
921 2557 1182 2606 quorundam
1212 2558 1460 2597 inhaesisset
1488 2561 1651 2601 animis,

51 2611 95 2649 in
126 2611 214 2649 dies
242 2609 410 2648 liberior
435 2610 609 2649 euadas:
639 2610 799 2660 tibique
826 2624 892 2648 me
919 2625 1081 2660 semper
1106 2625 1201 2649 eum
1229 2612 1417 2650 futurum
1446 2614 1516 2663 qui
1546 2617 1585 2652 et
1614 2617 1654 2653 te

52 2665 191 2714 ipsum
223 2666 265 2702 et
294 2664 452 2702 labores
485 2665 579 2702 tuos
607 2665 753 2714 quanti
784 2665 919 2709 faciat,
951 2666 1072 2704 malit
1102 2669 1140 2703 te
1171 2679 1212 2703 re
1242 2666 1332 2716 ipsa
1362 2681 1485 2717 quam
1517 2669 1655 2707 verbis

50 2719 238 2769 experiri.
296 2718 409 2757 Vale.
468 2718 706 2757 Vormatiae
727 2732 780 2758 Ν.
805 2720 963 2770 Aprilis
984 2732 1162 2758 111.1>.ΧΧ1.

142 2828 236 2858 1196.
254 2828 328 2866 685.
355 2837 506 2859 mmm.
523 2831 596 2859 add.
616 2830 671 2858 H:
696 2838 829 2859 M.D.xx.
849 2831 946 2859 Lana.
1084 2829 1177 2860 1197.
1203 2838 1265 2859 111.
1284 2838 1512 2859 eniminum
1528 2833 1567 2861 Ν.

97 2942 191 2971 1197.
214 2951 260 2979 19.
284 2939 474 2980 librorum]
493 2939 587 2971 Such
605 2949 642 2971 as
659 2939 799 2970 Faber's
815 2942 983 2970 Consilium
1000 2950 1007 2970 ι
1032 2941 1084 2970 sor
1100 2940 1217 2971 which
1238 2950 1292 2971 see
1310 2942 1374 2981 Ep.
1398 2951 1479 2980 1¹49
1499 2942 1628 2972 inti-od.
1647 2953 1654 2980 3

49 2985 121 3015 and
137 2986 182 3016 cf.
202 2985 262 3024 Ep.
287 2985 378 3023 1167.
403 2986 499 3015 106n.

1665 403 1727 445 685

1673 1854 1728 1893 10¹

1676 2409 1716 2431 20

1677 2680 1713 2712 25
