1990 3353
72 134 87 158 1
99 119 194 173 175]
537 120 607 158 To
645 119 947 158 POLYDORE
986 119 1204 158 VERGIL
1594 121 1674 159 429

70 230 381 269 mendationem
400 244 408 277 3
431 243 557 280 quam
574 232 714 268 tamen
730 230 826 267 ante
840 228 996 267 librum
1018 229 1257 268 absolutum
1277 228 1477 278 scriptam
1494 231 1676 278 oportuit

73 287 246 323 —tuum
266 284 396 323 exisse
415 284 460 322 in
480 284 603 322 Italia
621 283 754 322 tribus
775 283 989 321 mensibus
1009 283 1151 322 serius.
1195 284 1311 332 Quod
1335 283 1369 321 si
1381 283 1473 333 quis
1492 284 1675 333 proferat

70 339 322 377 aeditionem
348 338 626 388 antiquiorem
651 350 696 375 ea
722 350 845 387 quam
872 337 992 376 nobis
1022 338 1136 376 dedit
1166 338 1345 376 Ioannes
1376 337 1607 387 Philippus,
1631 339 1672 376 id
1693 342 1735 374 60

71 393 181 442 quod
201 393 285 431 scio
305 392 516 431 neminem
537 393 752 438 facturum,
773 404 855 429 non
873 391 954 429 erit
974 394 1113 430 tamen
1133 405 1254 430 causa
1274 405 1346 430 cur
1367 405 1432 430 me
1453 392 1673 442 quisquam

69 447 287 486 insimulet
308 447 409 484 furti
425 448 496 485 aut
511 446 648 496 plagii.
692 446 799 484 Nam
814 445 904 483 fieri
924 445 1072 495 potuit,
1096 446 1138 484 id
1159 447 1265 496 quod
1288 447 1409 495 plane
1429 447 1672 484 crediderim

68 501 276 549 accidisse,
298 503 344 539 vt
364 514 459 539 cum
478 500 621 539 eadem
643 513 707 538 res
725 499 871 537 eodem
895 500 1025 538 ferme
1054 502 1237 550 tempore-
1255 500 1419 550 vtrique
1439 500 1602 539 veniret
1627 501 1670 538 in

70 557 266 603 mentem,
298 568 429 604 neque
463 557 508 593 tu
543 555 594 593 de
628 554 803 592 Erasmo
832 567 966 603 neque
995 567 1068 604 ego
1099 555 1148 592 de
1176 555 1384 604 Polydoro
1413 555 1669 593 somniarim.

68 610 215 659 Itaque
242 609 278 647 si
303 609 402 659 quid
429 612 492 648 est
518 608 653 647 laudis
677 621 727 646 ex
753 608 926 646 inuento
955 614 1212 658 argumento,
1236 612 1406 658 vterque
1434 609 1513 647 sibi
1542 610 1672 658 possit
1692 612 1732 653 65

69 664 275 702 vindicare
296 665 397 701 citra
415 663 586 702 alterius
605 662 814 700 iniuriam.
875 662 990 701 Haec
1009 676 1137 713 quum
1157 676 1180 700 a
1201 676 1268 701 me
1286 663 1374 701 ioco
1396 663 1503 701 dicta
1523 664 1607 702 sint
1628 665 1672 702 in

69 718 262 756 conuiuio
274 730 417 755 —nam
438 720 479 755 te
498 718 622 767 plane
641 717 857 755 credebam
878 717 1071 764 iocari——,
1095 719 1216 755 tuum
1243 719 1330 755 erat
1356 718 1463 755 serio
1489 718 1673 757 conferre

69 773 246 821 primam
277 772 528 810 aeditionem
552 771 615 809 tui
642 771 776 809 libelli
796 784 890 809 cum
910 771 1046 821 prima
1072 771 1166 817 mei,
1189 772 1430 821 priusquam
1457 772 1533 810 hac
1559 786 1672 821 prae-

68 826 223 864 fatione
256 826 522 864 insimulares
554 825 734 864 amicum
768 827 810 864 et
838 826 1072 875 simplicem
1101 828 1141 864 et
1170 828 1242 864 tuo
1272 826 1433 864 nomini
1461 827 1672 865 fauentem

68 881 215 919 liuoris
235 881 363 919 simul
383 882 424 918 et
443 880 580 929 plagii.
1694 895 1733 926 70

125 935 203 973 Sed
223 948 305 984 age,
325 934 435 984 finge
454 937 571 973 tuam
591 934 844 973 aeditionem
864 934 1147 981 anteuertisse,
1165 934 1275 984 finge
1295 947 1364 972 me
1384 948 1469 973 non
1490 935 1676 979 latuisse,

70 989 178 1039 finge
199 1002 265 1027 me
285 991 373 1027 tam
393 989 565 1028 auidum
582 988 737 1038 gloriae
749 991 795 1027 vt
811 989 994 1027 amicum
1014 1002 1099 1027 non
1113 1002 1256 1027 verear
1271 989 1507 1038 compilare,
1521 1003 1671 1039 quaeso

71 1044 168 1093 quid
183 1043 318 1082 laudis
331 1046 419 1081 erat
430 1044 506 1082 hoc
518 1045 813 1092 argumentum
827 1043 1039 1081 inuenisse
1053 1044 1073 1081 ἵ)
1096 1057 1227 1093 neque
1241 1044 1352 1082 enim
1371 1057 1446 1082 nos
1458 1044 1672 1094 gignimus

70 1098 297 1148 prouerbia,
324 1099 395 1136 sed
422 1111 692 1136 recensemus.
752 1098 873 1136 Artis
897 1098 1092 1145 medicae,
1121 1098 1369 1147 astrologiae
1395 1099 1672 1147 repertoribus

68 1153 253 1190 multum
273 1152 425 1202 gloriae
445 1152 667 1190 tribuitur:
697 1152 950 1202 quantulum
976 1155 1115 1190 autem
1137 1152 1271 1191 laudis
1290 1152 1466 1191 debetur
1491 1153 1527 1190 ei
1553 1153 1623 1202 qui
1650 1167 1671 1191 e
1692 1166 1730 1200 75

68 1207 247 1256 publicis
274 1207 402 1256 pratis
424 1207 624 1256 pauculos
650 1206 843 1245 flosculos
869 1207 979 1245 nulli
1005 1220 1090 1244 non
1117 1206 1263 1245 obuios
1288 1207 1536 1256 decerpserit
1560 1209 1601 1245 et
1628 1207 1671 1245 in

71 1261 279 1299 calathum
309 1260 550 1299 coniecerit!
607 1261 659 1299 In
693 1261 906 1299 tractando
934 1261 1105 1299 fortasse
1135 1261 1331 1299 nonnihil
1360 1266 1423 1300 est
1452 1262 1597 1309 laudis,
1627 1263 1671 1299 in

71 1315 303 1364 colligendo
336 1315 611 1365 perpusillum
645 1318 708 1353 est
740 1315 905 1364 gloriae.
980 1316 1095 1363 Quod
1131 1316 1165 1353 si
1201 1329 1281 1365 qua
1315 1318 1390 1363 est,
1425 1329 1471 1354 ea
1505 1316 1672 1354 Graecis

70 1370 254 1417 debetur,
270 1370 338 1420 qui
355 1370 499 1408 multis
519 1376 614 1408 ante
634 1383 711 1408 nos
730 1370 879 1408 seculis
898 1370 1239 1419 paroemiologias
1258 1370 1379 1408 nobis
1400 1370 1669 1420 reliquerunt.

70 1424 288 1462 Praeterea
307 1437 403 1462 cum
422 1425 493 1462 tua
512 1437 562 1462 ex
581 1424 795 1462 autoribus
816 1423 1116 1473 vulgatissimis
1135 1425 1380 1474 colIegisses,
1404 1438 1476 1462 cur
1499 1426 1545 1462 tu
1567 1424 1672 1462 mihi
1691 1431 1731 1461 80

69 1479 207 1527 potius
227 1478 419 1517 citandus
438 1492 527 1516 eras
547 1492 670 1527 quam
697 1478 761 1516 illi
789 1492 809 1515 e
837 1492 1013 1528 quorum
1041 1479 1226 1516 fontibus
1252 1479 1477 1517 hauserant
1498 1492 1600 1528 quos
1626 1481 1671 1516 tu

68 1533 337 1582 potissimum
370 1533 562 1582 sequeris.
621 1532 873 1571 Beroaldum
903 1546 1109 1582 nusquam
1139 1533 1250 1580 cito;
1289 1533 1545 1572 Politianum
1576 1533 1673 1580 cito,

71 1588 178 1637 quod
209 1587 245 1625 is
274 1588 473 1637 quosdam
503 1589 668 1625 autores
696 1587 864 1636 legisset
893 1587 1001 1625 mihi
1031 1587 1220 1625 nonduin
1250 1588 1384 1626 lectos.

125 1642 217 1679 Iam
236 1642 373 1691 accipe
387 1644 428 1679 et
443 1642 556 1680 aliud
572 1644 880 1691 argumentum.
924 1642 968 1680 Si
984 1644 1056 1680 tua
1072 1642 1275 1691 legissem,
1293 1644 1434 1680 tantus
1449 1641 1672 1691 plagiarius

72 1696 240 1734 nullum
259 1697 432 1734 tuorum
452 1696 835 1746 praetermisissem.
897 1696 1018 1734 Nunc
1038 1696 1082 1733 in
1103 1696 1189 1734 tuis
1215 1699 1332 1735 erant
1360 1697 1560 1746 quaedam
1587 1709 1671 1734 11011
1691 1705 1729 1744 85

69 1751 337 1799 aspernanda,
359 1763 460 1800 quae
479 1751 523 1788 in
544 1750 647 1788 meis
667 1763 751 1788 non
773 1752 901 1789 erant.

125 1804 217 1843 Iam
239 1819 338 1844 vero
367 1805 477 1855 quod
506 1805 655 1843 scribis
683 1818 749 1843 me
778 1807 937 1854 praeter
964 1804 1284 1843 multitudinem
1314 1805 1422 1843 nihil
1450 1805 1668 1852 addidisse,

70 1872 154 1897 non
174 1859 275 1897 satis
294 1859 487 1908 intelligo
506 1859 603 1909 quid
624 1859 704 1897 sibi
719 1859 832 1898 velit.
886 1859 940 1897 In
959 1859 1093 1909 prima
1107 1859 1309 1897 aeditione
1324 1860 1672 1898 enumerabantur

71 1914 215 1962 adagia
246 1914 376 1951 ferme
410 1914 661 1963 octingenta,
696 1926 792 1951 cum
826 1916 871 1952 tu
907 1914 1008 1952 citra
1043 1914 1220 1952 ducenta
1258 1915 1513 1952 consisteres.
1587 1913 1672 1951 Nec

70 1981 254 2018 vnquam
282 1968 379 2006 auxi
408 1967 571 2006 minuta
600 1968 674 2006 illa
701 1968 960 2007 Collectanea
987 1968 1067 2006 nisi
1095 1969 1233 2015 semel,
1255 1981 1365 2006 anno
1389 1981 1552 2016 M.D.V1.,
1576 1981 1670 2006 cum
1691 1983 1733 2013 90

71 2021 258 2060 Lutetiae
290 2023 535 2060 adornarem
568 2022 647 2060 iter
678 2022 722 2060 in
756 2022 938 2060 Italiam.
1002 2023 1109 2060 Nam
1144 2023 1193 2061 ad
1228 2036 1367 2071 preces
1399 2023 1523 2061 amici
1551 2021 1672 2060 Badii

70 2076 254 2125 parantis
278 2090 422 2115 rursus
447 2077 602 2125 aedere,
624 2076 756 2115 adieci
782 2077 1042 2126 prouerbiola
1066 2077 1159 2124 plus
1187 2077 1326 2114 minus
1346 2077 1520 2126 viginti;
1551 2077 1672 2126 idque

71 2144 118 2168 ex
148 2144 293 2169 aceruo
323 2132 552 2169 multorum
578 2144 703 2181 quem
729 2144 968 2181 paraueram
992 2131 1036 2168 in
1056 2130 1257 2169 Venetam
1287 2131 1547 2169 aeditionem.
1609 2132 1671 2168 Ac

71 2189 143 2223 tua
163 2198 307 2224 rursus
325 2186 472 2224 eodem
491 2198 600 2224 anno
619 2188 719 2224 sunt
738 2199 887 2224 excusa
907 2185 1132 2224 Mediolani
1152 2198 1224 2234 per
1245 2185 1447 2224 Ioannem
1467 2185 1667 2236 Anglum.

73 2239 202 2277 Porro
224 2240 267 2277 in
288 2239 492 2278 aeditione
510 2240 677 2286 Aldina,
700 2253 796 2278 curn
816 2240 1026 2279 Chiliadas
1048 2240 1204 2289 aliquot
1227 2240 1421 2286 adferam,
1447 2253 1532 2278 non
1552 2240 1672 2278 video
1690 2255 1732 2286 95

72 2307 144 2331 cur
173 2294 317 2332 debeat
348 2294 555 2332 contemni
584 2294 826 2344 multitudo,
858 2294 1101 2343 praesertim
1136 2294 1178 2331 in
1211 2308 1256 2332 eo
1287 2296 1532 2343 argumento
1562 2294 1671 2343 quod

72 2347 335 2397 potissimum
366 2350 528 2387 constat
556 2349 761 2387 industria
789 2348 1036 2397 colligendi:
1079 2348 1321 2397 praesertim
1354 2362 1448 2387 cum
1483 2349 1673 2398 pleraque

73 2402 349 2440 contraxerim
378 2405 451 2441 aut
477 2417 499 2441 e
526 2403 776 2441 Graecorum
805 2403 992 2442 fontibus
1021 2405 1093 2441 aut
1122 2416 1143 2440 0
1174 2403 1441 2452 scriptoribus
1470 2417 1556 2442 non
1586 2405 1672 2441 tam

732 2504 781 2533 73.
807 2494 872 2525 hoc
889 2505 948 2526 om.
965 2497 1008 2525 H.

114 2580 165 2608 61.
193 2579 377 2609 neminem
395 2578 590 2620 facturum]
604 2579 690 2609 This
707 2581 790 2610 note
807 2579 845 2609 of
909 2579 1010 2617 zeler,
1031 2589 1206 2610 successor
1221 2579 1293 2610 and
1310 2580 1462 2620 perhaps
1477 2590 1538 2611 son
1557 2580 1595 2609 of
1615 2579 1675 2609 tho

74 2621 289 2654 confidence.
307 2631 353 2652 on
370 2631 391 2653 a
407 2623 508 2661 point
525 2623 633 2653 about
651 2622 769 2652 which
795 2623 840 2653 he
910 2622 1139 2653 well-known
1169 2623 1280 2653 Milan
1309 2625 1459 2663 printer,
1491 2623 1617 2655 Ulrich
1642 2622 1680 2652 of

75 2676 146 2696 was
170 2666 206 2696 in
232 2666 304 2696 fact
327 2675 460 2705 wrong,
489 2676 570 2705 may
593 2675 639 2696 no
666 2666 776 2696 doubt
800 2666 840 2696 be
910 2666 1124 2705 Zinzenzffl,
1151 2676 1170 2696 a
1194 2667 1324 2706 village
1349 2668 1386 2698 in
1414 2668 1564 2698 Bavaria
1591 2676 1676 2697 near

74 2708 264 2749 explained
292 2709 340 2748 by
366 2709 428 2740 the
453 2709 560 2740 claim
589 2709 669 2740 that
697 2709 743 2740 he
769 2720 841 2740 was
910 2711 972 2740 the
1009 2710 1170 2748 Danube,
1204 2711 1363 2741 between
1401 2710 1572 2741 Ratisbou
1604 2710 1675 2740 and

75 2752 247 2793 speaking
276 2753 314 2783 in
336 2751 430 2791 jest3
465 2752 508 2783 cf.
528 2752 566 2783 ll.
584 2753 679 2791 66-7.
727 2752 841 2783 There
911 2753 1050 2783 Passau.
1098 2754 1151 2784 ι10.
1168 2752 1514 2794 Angelus’printing
1526 2754 1677 2792 activity

76 2797 106 2827 is
121 2806 167 2827 no
185 2806 308 2827 reason
333 2798 369 2826 to
393 2805 544 2836 suppose
561 2796 641 2827 that
656 2797 718 2827 the
736 2797 841 2828 amic·
911 2797 1024 2827 lasted
1049 2797 1140 2827 from
1169 2806 1384 2838 1500-1525:
1407 2808 1463 2828 see
1488 2799 1595 2829 ADB.
1622 2806 1674 2835 33.

75 2840 154 2870 able
188 2839 362 2870 relations
385 2840 546 2870 between
572 2839 746 2879 Polydore
770 2839 842 2871 and
911 2840 986 2879 478.
1033 2841 1107 2871 The
1121 2841 1257 2872 edition
1272 2841 1479 2872 mentioned
1496 2842 1580 2871 here
1594 2841 1677 2870 does

75 2884 247 2914 Erasmus
272 2892 364 2913 were
390 2882 577 2914 disturbed
604 2883 648 2923 by
677 2883 751 2914 this
777 2893 842 2914 un-
912 2886 975 2914 not
989 2894 1084 2915 seem
1098 2886 1133 2914 to
1151 2885 1191 2914 be
1207 2884 1338 2915 known
1354 2896 1362 2923 ;
1387 2886 1451 2916 but
1464 2885 1526 2915 the
1539 2884 1677 2916 British

76 2927 211 2966 ending
228 2926 383 2967 dispute.
912 2927 1076 2958 Museum
1095 2928 1158 2958 has
1175 2939 1195 2958 a
1210 2928 1345 2959 Venice
1356 2928 1493 2959 edition
1507 2929 1552 2968 by
1569 2928 1621 2958 Jo.
1637 2927 1680 2957 de

118 2971 173 3000 82.
200 2969 431 3010 Beroaldum]
449 2970 513 3001 See
531 2970 593 3009 Ep.
613 2971 687 3009 256.
711 2979 808 3009 137n.
911 2971 1071 3009 'l‘ridino¹
1092 2973 1184 3010 1506.

118 3024 172 3053 94.
199 3013 376 3055 Anglum]
400 3013 454 3044 Jo.
481 3013 642 3054 Angelus
674 3014 841 3045 Scinzen-
957 3025 1008 3054 95.
1037 3013 1238 3056 Chiliadas]
1256 3015 1319 3046 See
1336 3015 1400 3054 Ep.
1421 3025 1479 3046 211
1502 3015 1632 3047 introd.
