1990 3353
306 133 386 173 252
770 133 1021 172 LETTERS
1060 133 1128 173 OF
1167 133 1435 173 ERASMUS
1781 132 1816 186 [ι
1827 144 1905 182 520

304 243 441 283 laesus
459 245 568 282 esset
586 243 632 281 in
651 243 772 283 bello.
821 243 929 282 Tum
950 243 1147 293 quoniam
1166 245 1264 282 ante
1283 255 1414 281 annos
1432 244 1588 292 septem
1609 242 1904 291 Chordigeram

245 316 286 346 40
306 298 395 337 eius
434 298 627 348 legeram,
664 311 766 348 quae
803 298 970 336 tametsi
1007 297 1154 336 multis
1192 299 1234 336 et
1266 296 1534 346 inuentionis,
1571 296 1831 335 oeconomiae
1864 296 1906 333 et

308 353 513 391 sermonis
549 351 671 390 viciis
708 351 956 399 abundabat,
995 365 1091 402 prae
1130 365 1171 390 se
1210 351 1366 390 ferebat
1399 353 1540 389 tamen
1573 350 1782 400 specimen
1816 350 1906 388 eius

306 406 481 457 ingenii,
501 406 609 455 quod
637 406 759 445 annis
785 407 922 456 posset
942 405 1060 456 (quos
1085 420 1198 445 nunc
1224 405 1438 444 accessisse
1458 405 1666 454 videbam)
1685 404 1907 454 aliquando

306 463 582 499 maturescere
595 475 604 510 3
636 460 851 511 sperabam
871 473 967 499 eum
988 461 1156 499 doctum
1175 459 1335 509 aliquid
1358 461 1481 509 atque
1509 472 1729 498 excussum
1754 458 1907 497 aeditu-

305 529 412 563 rum,
444 515 552 564 quod
583 527 650 552 me
679 527 844 564 quoque
873 514 918 552 in
948 528 1073 565 quem
1101 515 1334 560 aedebatur,
1366 514 1611 561 oblectaret3
1641 526 1764 563 quem
1794 512 1907 550 iocus

244 582 285 614 45
305 569 518 618 aliquanto
536 569 704 607 liberior
724 582 808 607 non
827 569 1052 607 admodum
1071 569 1177 607 solet
1197 568 1412 607 offendere.

360 625 419 661 At
444 623 515 661 vbi
542 623 694 672 prodiit
722 623 954 672 praeclarus
981 623 1060 661 iste
1090 623 1225 661 Brixii
1253 624 1396 673 partus
1424 621 1685 670 Antimorus,
1709 621 1906 671 Morycho

305 678 426 727 plane
446 679 687 725 moroteros,
708 690 869 716 veneno
890 678 1038 727 quouis
1056 677 1304 716 virulentior
1328 679 1369 715 et
1396 676 1602 715 indoctior
1627 676 1716 726 ipsa
1739 674 1908 714 Chordi-

306 745 412 781 gera,
437 731 547 770 nihil
569 731 682 770 aliud
708 746 844 782 quam,
866 734 913 770 vt
938 745 1010 781 par
1037 735 1134 780 erat,
1158 731 1278 780 irrisi,
1305 731 1410 770 illud
1440 732 1597 769 interea
1626 743 1789 769 mecum
1817 731 1906 767 ὑπο-

306 787 537 836 τονθορίζων,
572 787 725 837 Χρυσὸν
763 788 882 835 ζητῶν
914 786 1019 836 εὗρον
1052 786 1244 836 ἄνθρακας.
1301 785 1356 824 Et
1388 784 1526 823 hercle
1559 784 1907 834 quemadmodum

248 859 289 890 50
308 842 467 879 Aetnae
487 840 685 879 carbones
713 842 961 879 exusserunt
986 840 1293 890 Empedoclem,
1318 839 1376 878 ita
1399 839 1597 878 carbones
1624 839 1695 877 isti
1724 838 1907 877 similem

306 897 540 944 captantem
560 895 733 945 gloriam
745 895 985 934 vstularunt
1000 894 1192 933 Brixium
1211 908 1256 933 ac
1277 894 1546 932 reddiderunt
1565 893 1739 931 carbone
1760 892 1908 942 quouis

306 950 499 988 atriorem
518 963 528 996 3
548 963 676 999 eoque
692 962 768 988 nec
783 949 955 988 omnino
971 949 1193 999 quicquam
1208 948 1455 997 respondere
1471 948 1709 986 statueram.
1750 947 1908 986 Verum

307 1004 402 1042 aliis
439 1003 559 1042 aliter
590 1004 731 1043 visum
769 1005 843 1051 est,
881 1017 1058 1053 quorum
1095 1016 1171 1052 ego
1206 1003 1373 1041 iudiciis
1405 1002 1450 1040 in
1483 1002 1589 1040 meis
1619 1001 1742 1040 rebus
1775 1000 1909 1050 magis

308 1058 488 1096 fidebam
509 1071 632 1108 quam
653 1071 757 1097 meo.
818 1057 877 1096 Hi
902 1071 1140 1107 quanquam
1166 1057 1395 1096 faterentur
1420 1056 1636 1094 neminem
1662 1068 1749 1094 esse
1774 1054 1908 1093 litera-

249 1129 288 1161 55
308 1115 399 1151 tum
412 1125 601 1163 vsquam,
617 1112 683 1151 cui
702 1125 787 1150 non
807 1112 966 1150 factura
985 1112 1071 1151 sint
1091 1125 1286 1151 nauseam
1305 1113 1391 1149 tam
1411 1110 1581 1157 insulsa,
1596 1113 1685 1148 tam
1697 1109 1909 1148 virulenta

310 1167 469 1214 deliria,
489 1166 718 1205 calumnias
742 1166 829 1205 eius
854 1166 1087 1214 censebant,
1109 1167 1190 1204 etsi
1216 1166 1488 1215 pei-absurdas
1514 1166 1637 1214 atque
1663 1165 1833 1214 ineptas,
1858 1163 1907 1201 ad

309 1221 409 1260 haec
429 1234 503 1259 nec
522 1222 725 1268 obscuras,
750 1221 786 1259 si
810 1221 902 1271 quis
928 1220 1115 1259 attendat
1141 1221 1242 1259 satis
1268 1232 1434 1269 proram
1456 1219 1712 1269 puppimque
1737 1217 1907 1267 negocii,

310 1289 395 1314 non
416 1276 500 1314 fore
519 1278 661 1314 tamen
680 1276 781 1313 satis
801 1275 980 1325 liquidas
1000 1275 1158 1323 multis,
1183 1274 1255 1324 qui
1275 1276 1446 1313 fortasse
1466 1273 1652 1322 legerent
1677 1272 1765 1311 eius
1785 1271 1909 1310 Anti-

310 1343 486 1378 morum,
524 1343 653 1380 quum
685 1343 819 1380 neque
853 1329 1129 1378 Chordigerae
1168 1342 1301 1378 neque
1339 1340 1529 1367 meorum
1562 1327 1911 1377 epigrammatum

250 1394 292 1425 60
311 1385 487 1423 facultas
507 1384 647 1423 futura
667 1385 734 1423 sit.
793 1384 1020 1423 Suaserunt
1039 1384 1167 1433 igitur
1186 1386 1231 1422 vt
1251 1383 1348 1421 haec
1369 1384 1511 1421 omnia
1535 1382 1579 1420 in
1598 1394 1731 1420 vnum
1754 1380 1906 1419 librum

311 1452 497 1488 cogerem
527 1442 567 1477 et
596 1440 759 1477 lectoris
790 1438 944 1488 pariter
973 1438 1217 1476 subiicerem
1248 1438 1403 1475 oculis:
1440 1439 1534 1475 tum
1561 1437 1608 1474 vt
1635 1448 1727 1474 meo
1756 1435 1911 1484 scripto

312 1493 531 1543 negocium
553 1493 748 1531 nonnihil
762 1493 1028 1540 illustrarem,
1047 1493 1102 1531 sic
1117 1494 1163 1531 vt
1178 1492 1334 1542 legenti
1354 1491 1460 1529 nihil
1480 1490 1712 1541 requiratur
1732 1490 1912 1539 amplius

312 1547 395 1586 nisi
413 1547 614 1586 iudicium
633 1560 766 1586 suum.

365 1602 502 1649 Vides,
540 1601 711 1639 Erasme
745 1601 992 1648 charissime,
1029 1601 1127 1651 quid
1161 1613 1237 1639 nos
1268 1600 1319 1639 ad
1351 1599 1663 1638 rescribendum
1696 1597 1909 1647 compulit.

251 1660 292 1702 65
313 1656 591 1704 Quamobrem
615 1669 699 1694 non
724 1669 886 1694 necesse
910 1655 1042 1693 habeo
1070 1655 1154 1693 tuis
1184 1655 1430 1704 respondere
1459 1653 1690 1692 rationibus
1709 1667 1718 1699 3
1748 1651 1912 1702 quando

313 1710 396 1749 nisi
415 1710 497 1749 alio
517 1724 583 1748 me
602 1709 883 1760 perpulissent
903 1709 985 1758 alii,
1008 1709 1158 1747 fuerim
1180 1709 1267 1759 ipse
1293 1708 1372 1747 tibi
1397 1721 1559 1758 semper
1584 1707 1794 1757 ὁμόψηφος.
1852 1706 1914 1744 At

314 1765 423 1814 quod
455 1764 533 1803 tibi
560 1764 680 1803 video
715 1764 967 1814 persuasisse
996 1764 1202 1803 Brixium.
1236 1760 1488 1813 negligentia
1514 1764 1682 1800 tantum
1710 1759 1914 1799 tabellarii

314 1820 376 1856 tui
416 1819 638 1869 contigisse
669 1832 750 1869 quo
780 1818 920 1856 minus
950 1817 1131 1856 effeceris
1161 1820 1207 1856 vt
1240 1817 1312 1855 ille
1342 1819 1537 1866 perpetuo
1568 1815 1761 1866 presserit
1794 1815 1913 1852 Anti-

314 1887 479 1911 morum
510 1887 645 1921 suum,
680 1873 959 1921 vehementer,
998 1871 1057 1910 mi
1096 1872 1278 1919 Erasme‚
1313 1871 1495 1910 demiror
1526 1871 1569 1909 id
1604 1870 1661 1908 sic
1700 1871 1913 1918 acceptum

255 1940 295 1973 70
314 1930 512 1977 tanquam
559 1928 781 1978 probatum
827 1927 915 1966 tibi.
998 1926 1127 1974 ‘Quid
1177 1927 1222 1964 ni
1268 1925 1486 1964 credam?
1534 1924 1686 1974 inquis,
1728 1923 1914 1973 ‘quando

314 1980 540 2020 Beraldum
583 1984 706 2031 atque
750 1981 980 2029 Budaeum,
1021 1983 1229 2030 vti-unque
1270 1982 1357 2018 tam
1394 1982 1599 2029 spectatae
1637 1978 1732 2016 fidei
1770 1980 1908 2024 testes,

313 2036 504 2084 producit
536 2036 580 2074 in
617 2035 846 2073 iudicium.’
903 2035 1112 2082 Producit,
1149 2035 1332 2081 Erasme‚
1367 2047 1452 2072 non
1490 2047 1605 2082 nego,
1641 2031 1739 2070 fidei
1775 2032 1914 2070 tantae

313 2090 422 2128 viros
453 2090 556 2128 duos
580 2092 626 2129 vt
652 2090 889 2128 vti-inslibet
923 2090 1025 2127 fides
1053 2089 1098 2127 in
1130 2088 1351 2139 quantauis
1383 2101 1425 2126 re
1455 2088 1583 2126 facere
1614 2086 1740 2124 fidem
1769 2085 1914 2135 possit„

318 2145 448 2193 ‘Quid
482 2145 639 2183 obstat’
667 2145 818 2194 inquis,
855 2146 972 2194 ‘ergo
1002 2143 1102 2193 quin
1133 2143 1240 2192 quod
1270 2142 1328 2180 ait
1357 2142 1535 2190 Brixius,
1565 2141 1764 2180 vicerit?’
1822 2139 1914 2177 Hoc

257 2210 295 2244 75
316 2212 458 2246 vnum,
500 2199 559 2237 mi
598 2199 779 2245 Erasme‚
822 2199 930 2248 quod
970 2211 1100 2248 quum
1139 2198 1241 2235 duos
1284 2198 1411 2235 testes
1454 2196 1662 2246 producat,
1704 2196 1913 2243 vtrunque

316 2253 508 2302 producit
538 2254 732 2301 auritum,
768 2252 980 2291 oculatum
1010 2265 1108 2291 vero
1141 2253 1350 2299 neutrum,
1382 2264 1511 2300 quum
1545 2250 1639 2299 plus
1672 2249 1716 2286 in
1750 2248 1915 2286 iudiciis

316 2307 449 2345 valeat
480 2307 666 2346 oculatus
698 2307 815 2346 testis
845 2320 953 2346 vnus
986 2319 1111 2356 quam
1144 2305 1270 2344 auriti
1301 2305 1453 2343 decem.
1513 2304 1618 2352 Quid
1655 2303 1769 2340 enim
1801 2301 1913 2340 aliud

318 2364 493 2410 possunt
525 2362 668 2400 testari
699 2361 902 2399 Beraldus
931 2374 976 2399 ac
1007 2360 1202 2398 Budaeus
1235 2372 1358 2409 quam
1391 2371 1478 2397 sese
1509 2371 1559 2396 ex
1590 2358 1677 2406 ipso
1706 2355 1913 2395 audiuisse

317 2415 459 2452 Brixio
489 2416 761 2454 Antimorum
790 2415 864 2453 illo
893 2418 963 2453 aut
992 2415 1067 2453 illo
1096 2414 1162 2452 die
1191 2414 1318 2452 fuisse
1348 2412 1424 2451 sub
1454 2412 1625 2462 praelo?
1681 2410 1773 2449 Hoc
1801 2410 1915 2448 enim

259 2476 300 2505 80
319 2469 527 2518 significat
546 2470 726 2518 Brixius,
750 2483 878 2519 quum
903 2482 945 2507 se
971 2468 1070 2507 dicit
1094 2468 1179 2506 illis
1205 2467 1453 2506 aeditionem
1472 2464 1687 2504 Antimori
1712 2464 1914 2503 indicasse

318 2523 476 2572 aliquot
496 2525 590 2561 ante
611 2523 755 2562 diebus
775 2536 902 2573 quam
921 2526 1038 2561 tuam
1058 2522 1223 2572 legisset
1243 2521 1473 2571 epistolam.
1532 2520 1641 2569 Ergo
1668 2521 1714 2557 tu
1739 2517 1916 2556 Beraldo

320 2579 459 2615 credes
478 2580 519 2616 et
537 2577 702 2616 Budaeo
719 2592 729 2625 ;
759 2578 830 2616 sed
852 2577 919 2615 cui
937 2576 1107 2615 interim
1127 2576 1293 2614 credent
1312 2575 1408 2614 illi?
1436 2588 1489 2613 an
1510 2588 1594 2612 non
1614 2573 1695 2623 ipsi
1714 2572 1856 2612 Brixio
1869 2573 1889 2610 ‘?

373 2632 554 2670 Videsne
574 2645 696 2679 nunc,
720 2632 902 2679 Erasme‚
926 2631 1155 2681 speciosum
1174 2630 1286 2668 istud
1308 2629 1609 2675 testimonium,

539 2707 746 2756 ‘Quemne
774 2721 847 2757 ego
876 2707 964 2746 heri
993 2707 1078 2746 vidi
1107 2707 1156 2745 ad
1186 2719 1259 2744 vos
1287 2705 1439 2743 adferri
1468 2703 1679 2753 vespe1·i’?'

365 2830 417 2868 58.
444 2832 563 2860 tamen
582 2832 608 2858 F
624 2831 735 2867 Corriy.
756 2840 763 2859 :
786 2832 859 2860 tam
877 2833 912 2861 Ρ.
1030 2839 1081 2868 59.
1107 2838 1215 2867 quum
1234 2829 1263 2855 N
1279 2838 1285 2857 :
1311 2836 1417 2866 quam
1436 2829 1471 2856 F.
1590 2826 1642 2857 60.
1668 2823 1818 2855 facultas
1833 2825 1893 2853 FN
1909 2833 1916 2852 ε

320 2872 473 2904 facilitas
488 2875 517 2903 Γ
531 2874 644 2910 Corrz'y.
777 2874 829 2911 84.
857 2883 917 2904 vos
933 2876 964 2903 N
980 2884 988 2904 :
1011 2883 1073 2903 nos
1088 2875 1124 2903 F.

366 2996 417 3026 39.
448 2983 718 3024 choi-digeram]
744 2984 794 3015 Cf.
816 2984 877 3023 Ep.
899 2994 971 3014 212.
994 2994 1047 3014 1n.
1197 2992 1245 3021 72.
1274 2980 1453 3021 producit]
1478 2980 1539 3019 Ep.
1564 2988 1655 3018 1045.
1677 2979 1793 3017 26-30.

365 3040 414 3068 49.
444 3027 584 3069 Χρυσὺν]
609 3028 659 3059 Cf.
678 3030 781 3066 Aclay.
803 3028 876 3066 830.
1195 3027 1247 3063 84.
1272 3024 1445 3064 Quemne]
1472 3025 1526 3054 Cf.
1541 3024 1616 3053 Tor.
1636 3025 1740 3052 Andr.
1763 3021 1824 3061 768
1841 3031 1901 3060 -7o.
