1990 3353
213 501 276 532 340

212 766 273 798 345

298 161 375 199 148
767 159 1020 198 LETTERS
1056 158 1124 197 OF
1164 158 1430 197 ERASMUS
1770 156 1809 210 [1
1820 172 1840 206 5
1851 172 1863 196 1
1874 173 1898 207 9

295 268 614 318 reciprocatione
646 269 691 307 in
732 268 876 306 orbem
916 268 1258 307 obambulaturi‘?
1314 269 1397 307 Cur
1426 271 1608 307 veterem
1646 268 1898 308 aeditionem

296 322 578 362 calumniatus
597 326 670 369 est,
692 336 788 360 cum
809 323 932 360 sciret
952 335 1020 360 me
1039 336 1191 361 nouam
1212 322 1403 361 emittere
1416 324 1435 360 ἵ)

349 377 533 415 Aberam
566 378 643 415 hac
677 378 727 415 de
756 390 876 415 causa
908 376 1105 416 Basileae.
1165 377 1409 423 Nunciabar‚
1441 379 1488 415 vt
1522 390 1646 424 eram,
1678 379 1896 427 aeg1·0tus;

296 432 468 470 fortasse
490 445 641 479 rumor,
665 433 711 469 vt
731 431 848 476 solet,
871 444 959 468 rem
978 431 1095 468 auxit
1114 433 1155 469 et
1175 433 1389 469 mortuum
1404 444 1493 470 esse
1508 433 1722 480 sparserat.
1782 431 1898 470 Hinc

297 486 435 524 subito
455 486 573 523 fortis
593 486 703 524 Leus
722 486 856 523 totam
876 485 983 523 hanc
1006 485 1218 534 regionem
1245 498 1291 523 ac
1317 498 1437 523 suam
1460 485 1663 535 Angliam
1692 486 1896 524 sexcentis

295 539 380 578 illis
410 539 512 578 locis
546 539 755 589 implebat.
816 539 933 587 Quod
969 540 1004 577 si
1040 540 1138 577 haec
1170 539 1354 588 simplici
1376 538 1517 577 animo
1546 539 1653 578 facta
1681 542 1791 588 sunt,
1823 553 1899 578 cur

295 607 458 632 reuerso
479 607 565 632 non
586 593 776 632 exhibuit
795 594 902 643 quod
923 592 1014 631 sine
1026 594 1110 632 fine
1124 594 1283 632 iactitat
1296 594 1403 642 apud
1418 607 1563 632 omnes
1575 595 1596 632 ⁶?
1651 594 1695 632 Si
1710 607 1776 632 me
1789 594 1895 633 mihi

293 648 427 686 voluit
447 648 663 686 ostendere
675 648 747 696 (sic
764 647 878 686 enim
899 648 970 685 ille
989 647 1203 697 loquitur),
1217 661 1289 685 cur
1308 648 1381 685 vni
1401 661 1488 686 non
1503 648 1551 686 fit
1566 648 1733 698 legendi
1748 648 1863 698 copia
1875 650 1898 687 ἵ)

295 702 337 740 81
367 702 447 741 sibi
476 702 651 752 scripsit,
686 716 759 740 cur
791 704 836 740 in
865 704 925 740 tot
954 702 1203 751 exemplaria
1232 704 1478 751 propagatus
1506 702 1611 741 liber
1638 716 1711 752 per
1739 702 1897 741 multas

294 756 419 795 etiam
442 756 680 806 prouincias
700 757 849 795 volitat
872 756 980 794 inter
1003 769 1154 794 manus
1177 756 1517 794 coniuratorum?
1546 757 1655 806 apud
1682 770 1785 807 quos
1808 770 1896 795 esse

295 812 461 849 tantum
494 811 591 849 fidei
625 811 807 849 demiror
836 811 881 848 111
914 824 956 848 re
990 811 1295 860 sycophantica,
1330 823 1426 848 cum
1459 810 1581 849 hodie
1614 810 1687 849 vix
1717 824 1895 861 vsquam

296 865 473 914 reperias
499 866 570 915 qui
600 866 645 904 in
683 879 725 903 re
756 865 986 914 quamlibet
1023 865 1199 903 honesta
1237 865 1362 902 fidem
1400 867 1590 913 praestet.
1650 865 1695 903 Si
1731 865 1895 914 scripsit

295 919 499 966 omnibus,
524 933 598 958 cur
618 933 703 958 non
722 920 830 958 aedit
845 921 866 958 Ῥ
921 920 966 957 81
986 918 1167 957 decreuit-
1180 932 1376 968 premere,
1394 932 1466 957 cur
1481 919 1540 957 sic
1552 919 1704 969 vbique
1719 919 1893 965 iactitat,

294 987 367 1012 cur
385 976 471 1012 tam
492 974 639 1012 multis
662 974 883 1023 impartit?
913 974 1090 1023 denique
1114 987 1185 1011 cur
1211 974 1361 1011 retexit
1386 973 1510 1011 toties
1534 987 1580 1011 ac
1604 973 1796 1013 recudit?
1850 974 1894 1013 Si

213 1039 251 1070 35
295 1041 440 1066 verum
461 1031 547 1066 erat
567 1029 675 1078 quod
696 1031 818 1066 antea
844 1028 1115 1077 praedicabat,
1143 1027 1250 1065 nihil
1278 1040 1365 1065 esse
1390 1027 1456 1065 cui
1478 1029 1615 1077 posset
1642 1028 1891 1077 responderi,

294 1095 366 1121 cur
385 1095 469 1120 non
490 1083 556 1121 vel
575 1084 619 1121 111
640 1082 826 1132 pauculis
845 1082 944 1120 locis
965 1095 1090 1120 ausus
1109 1085 1171 1120 est
1194 1081 1426 1131 periculum
1452 1083 1584 1120 facere
1598 1084 1618 1120 ·?
1675 1083 1758 1121 Cur
1782 1096 1894 1121 nunc

292 1149 315 1174 a
335 1136 469 1186 seipso
489 1137 533 1174 in
555 1137 701 1175 multis
721 1136 948 1175 dissentit?
1005 1137 1049 1174 Si
1068 1135 1162 1174 fidit
1181 1136 1289 1174 libro
1309 1149 1392 1182 suo,
1416 1149 1488 1174 0111·
1509 1138 1622 1174 totus
1641 1139 1703 1174 est
1729 1136 1773 1174 in
1798 1137 1888 1184 hoc,

292 1204 344 1228 ne
364 1191 507 1229 veniat
526 1191 571 1229 in
592 1204 740 1229 manus
760 1204 872 1229 meas
886 1191 907 1229 ⁶?
963 1190 1007 1229 Si
1031 1190 1191 1238 diffidit,
1209 1203 1282 1228 cur
1300 1192 1364 1228 tot
1384 1190 1522 1228 fumos
1537 1191 1691 1241 vbique
1703 1191 1896 1241 spargit?

293 1245 336 1282 Si
368 1245 481 1295 cupit
511 1246 665 1292 aedere,
699 1259 771 1284 cur
800 1248 888 1284 tam
921 1245 1042 1283 anxie
1074 1245 1214 1283 celat?
1260 1258 1333 1282 0111·
1366 1258 1452 1283 11011
1485 1245 1619 1283 vtitur
1653 1245 1891 1284 conditione

208 1311 271 1342 355
293 1300 414 1338 toties
435 1300 604 1338 delata?
652 1313 724 1338 cur
744 1300 967 1349 quiritatur
991 1300 1100 1349 apud
1129 1312 1226 1337 suos
1249 1299 1359 1349 quod
1389 1299 1438 1337 ad
1466 1299 1717 1338 aeditionem
1746 1312 1893 1349 prouo—

203 1578 264 1618 360

206 2668 269 2705 350

291 1355 414 1392 cem?
470 1354 578 1401 Quid
605 1354 685 1393 sibi
714 1355 807 1393 vult
834 1355 913 1392 ista
938 1354 1131 1403 perplexa
1155 1353 1445 1399 inconstantia,
1476 1358 1486 1378 ‘v
1496 1353 1615 1402 Volo,
1648 1355 1754 1401 nolo,
1778 1354 1886 1401 nolo,

291 1408 386 1446 volo
403 1408 447 1446 ³⁶?
504 1409 548 1447 Si
573 1409 751 1458 simplici
777 1422 961 1458 puroque
987 1408 1128 1446 animo
1158 1408 1257 1446 haec
1284 1408 1403 1456 fiunt,
1431 1421 1504 1445 cur
1529 1408 1595 1446 his
1623 1408 1891 1457 potissimum

293 1463 486 1510 ostendit,
519 1477 623 1512 quos
652 1463 772 1501 nouit
802 1463 907 1501 mihi
936 1462 1044 1500 male
1072 1462 1178 1500 velle
1190 1463 1211 1500 ’ἓ
1257 1462 1409 1511 quibus
1437 1462 1505 1500 hic
1533 1475 1617 1500 non
1647 1463 1812 1500 videtur
1838 1463 1892 1500 ob

291 1517 403 1554 aliud
435 1517 538 1554 bene
567 1518 674 1556 velle
703 1518 786 1555 nisi
814 1517 923 1567 quod
948 1516 1054 1554 mihi
1084 1517 1193 1554 male
1213 1517 1371 1554 volunt.
1432 1517 1516 1554 Cur
1542 1516 1609 1555 his
1638 1517 1737 1554 solis
1766 1519 1889 1566 negat

292 1584 394 1620 quos
414 1571 491 1609 scit
511 1572 617 1609 mihi
637 1573 768 1610 certos
791 1572 945 1609 amicos
969 1584 1058 1608 esse
1072 1572 1093 1609 ἵ)
1149 1571 1216 1609 810
1243 1570 1356 1608 0111111
1384 1571 1473 1620 ipse
1493 1570 1598 1608 mihi
1628 1572 1888 1620 percontanti

291 1639 364 1663 cur
383 1626 567 1664 Thomae
588 1626 704 1664 Moro
725 1639 811 1664 non
830 1626 980 1664 faceret
1005 1625 1165 1674 copiam
1195 1625 1259 1662 sui
1282 1625 1391 1672 libri,
1415 1625 1630 1674 respondit
1657 1638 1754 1662 eum
1784 1625 1890 1663 mihi

290 1679 521 1729 synceriter
539 1681 721 1718 amicum
742 1693 841 1718 esse.
899 1680 954 1717 Et
968 1687 1108 1717 tamen
1126 1680 1161 1717 is
1178 1681 1239 1717 est
1254 1679 1411 1716 amicus
1428 1679 1678 1725 communis,
1694 1679 1790 1717 licet
1804 1680 1893 1718 Leo

291 1734 494 1783 ὁμόπατρις
514 1748 685 1784 1111011110,
710 1735 753 1772 111
775 1748 855 1784 11110
876 1734 1069 1772 videlicet
1093 1733 1164 1771 ille
1186 1736 1411 1775 πλεονεκτεῖ.
1469 1734 1586 1771 Adeo
1613 1734 1713 1771 satis
1740 1733 1889 1772 idonea

291 1801 411 1827 causa
430 1789 518 1826 visa
539 1793 599 1826 est
620 1789 684 1826 illi
705 1788 894 1838 negandi,
917 1788 1025 1838 quod
1046 1788 1155 1825 mihi
1175 1801 1224 1825 ex
1244 1788 1384 1826 animo
1404 1790 1509 1826 esset
1529 1787 1698 1826 amicus.

345 1843 423 1881 Sed
445 1843 616 1881 interim
637 1843 860 1892 locupletat
881 1846 922 1881 et
943 1842 1135 1880 emendat
1155 1855 1257 1891 opus
1277 1855 1412 1880 suum.
1457 1842 1551 1879 Non
1570 1842 1760 1891 improbo
1779 1857 1788 1890 ;
1818 1843 1890 1880 sed

291 1897 462 1935 interim
484 1899 592 1946 quod
613 1911 761 1936 verum
786 1900 848 1935 est
876 1897 1053 1946 ingenue
1077 1896 1264 1934 fateatur.
1326 1896 1386 1934 Ne
1413 1896 1543 1945 fingat
1567 1909 1610 1934 se
1635 1909 1821 1946 premere
1843 1896 1887 1934 in

288 1951 465 2001 gratiam
486 1965 632 2000 meam,
651 1953 759 2002 quod
780 1952 825 1989 in
844 1964 966 1990 suum
981 1952 1248 1989 commodum
1264 1950 1416 1988 differt.
1466 1951 1529 1988 Ne
1541 1951 1709 1988 simulet
1725 1964 1768 1989 se
1783 1964 1807 1989 a
1822 1964 1893 1989 me

291 2008 563 2054 prouocatum
593 2007 643 2044 ad
676 2006 909 2044 aedendum
941 2005 1042 2054 cogi,
1077 2018 1171 2043 cum
1207 2005 1294 2054 ipse
1325 2005 1366 2043 id
1402 2005 1532 2042 facere
1570 2005 1748 2054 gestiat?
1805 2005 1886 2044 Sed

289 2060 459 2098 interim
481 2063 620 2098 tamen
639 2074 725 2098 non
752 2060 948 2110 perspicit
968 2059 1090 2109 quod,
1121 2060 1220 2097 dum
1240 2061 1361 2108 auget
1389 2072 1492 2108 opus
1515 2072 1649 2105 suum,
1671 2059 1886 2097 imminuit

289 2115 424 2164 operis
444 2115 628 2163 gloriam.
690 2115 734 2153 Si
763 2117 905 2153 statim
926 2114 1145 2152 aedidisset
1173 2113 1275 2151 satis
1295 2114 1496 2151 iactatum
1518 2126 1633 2162 opus,
1658 2126 1782 2151 nemo
1802 2127 1886 2152 11011

289 2169 527 2207 credidisset
548 2183 636 2207 rem
657 2169 787 2219 ipsius
807 2169 938 2206 Marte
957 2171 1127 2217 gestam.
1188 2167 1309 2205 Nunc
1328 2167 1557 2216 periculum
1585 2170 1648 2205 est
1668 2181 1720 2205 ne
1743 2168 1887 2217 plaeri-

289 2236 367 2272 que
388 2223 604 2262 clamitent
625 2223 786 2272 prodire
807 2223 1013 2261 cornicem
1034 2222 1277 2271 Aesopicam
1298 2221 1454 2271 plumis
1473 2221 1621 2259 alienis
1641 2235 1729 2260 sese
1746 2222 1887 2260 vendi-

287 2279 459 2325 tantem,
489 2282 535 2315 vt
561 2278 686 2316 etiam
715 2278 751 2316 si
779 2278 878 2327 quid
908 2277 1173 2327 praestiterit,
1202 2276 1381 2314 minima
1406 2276 1560 2325 gloriae
1588 2276 1724 2326 portio
1747 2276 1802 2314 sit
1830 2277 1882 2314 ad

286 2331 426 2380 ipsum
446 2332 638 2370 reditura.

344 2385 434 2423 Iam
456 2386 561 2423 mihi
588 2387 698 2434 vide,
723 2399 870 2436 quaeso
898 2388 951 2433 te,
975 2398 1101 2434 quam
1121 2397 1194 2421 nec
1219 2384 1306 2421 illic
1326 2383 1406 2422 sibi
1426 2386 1533 2421 recte
1553 2383 1749 2421 consulit.
1807 2384 1887 2422 Ex-

287 2441 423 2488 pectat
444 2442 490 2478 vt
512 2453 631 2478 casus
651 2441 802 2490 aliquis
822 2453 889 2478 me
908 2440 1030 2477 tollat
1049 2451 1070 2476 e
1092 2438 1237 2476 medio.
1293 2438 1401 2485 Quid
1415 2439 1436 2475 '?
1478 2439 1548 2475 An
1571 2438 1634 2475 vir
1652 2438 1772 2476 fortis
1791 2439 1882 2477 tum

289 2494 457 2532 demum
492 2495 675 2543 prodibit
710 2495 754 2532 in
789 2494 950 2532 aciem?
993 2496 1034 2531 et
1067 2493 1204 2542 opima
1234 2493 1365 2542 spolia
1395 2492 1534 2530 feret?
1575 2492 1809 2530 ouationem
1838 2505 1887 2530 ac

288 2547 551 2597 triumphum
575 2550 704 2598 aget?
745 2562 790 2587 ac
818 2562 902 2586 non
932 2548 1082 2585 metuit
1108 2547 1245 2596 potius
1275 2559 1336 2592 110,
1361 2546 1471 2595 quod
1493 2547 1555 2584 est
1575 2546 1882 2594 turpissimum,

289 2602 449 2639 dicatur
483 2605 523 2640 et
554 2602 641 2651 ipse
672 2617 768 2641 cum
803 2603 929 2641 laruis
963 2601 1147 2639 luctari?
1203 2600 1307 2648 Quid
1349 2613 1531 2650 vnquam
1570 2599 1705 2638 laudis
1742 2600 1885 2639 retulit

288 2658 307 2693 ὁ
338 2657 455 2706 ἐρήμῃ
485 2658 674 2705 ιἰκήσαςζ)
731 2657 810 2695 8011
841 2660 940 2704 esto,
973 2655 1122 2693 maluit
1151 2654 1228 2692 iste
1258 2656 1393 2692 tutam
1424 2666 1549 2702 quam
1579 2654 1801 2703 gloriosam
1826 2655 1884 2694 vi-

289 2711 468 2748 ctoriani.
515 2714 572 2748 At
594 2725 737 2749 vereor
756 2725 808 2748 ne
829 2711 905 2749 hoc
926 2722 1088 2760 quoque
1111 2710 1155 2746 in
1177 2709 1388 2746 diuersum
1410 2708 1474 2745 1111
1495 2708 1624 2746 cadat.
1668 2708 1752 2746 Nec
1771 2709 1883 2747 enim

331 2824 404 2854 339.
434 2815 529 2845 Hine
548 2827 589 2846 a:
615 2816 684 2845 His:
702 2819 742 2845 ll.
863 2825 938 2854 353.
965 2824 1010 2845 ne
1028 2817 1091 2845 aN
1102 2817 1178 2844 LB:
1203 2824 1267 2844 nec
1282 2815 1422 2844 HLond.
1544 2823 1618 2852 357.
1644 2813 1703 2844 his
1719 2824 1739 2843 α
1758 2824 1766 2844 :
1789 2813 1834 2844 iis
1850 2817 1885 2844 F.

286 2859 358 2897 361.
385 2858 541 2888 'rhomae
560 2859 657 2889 Moro
671 2861 700 2888 Il
719 2871 727 2890 ε
752 2859 806 2889 1111
823 2860 966 2889 cuidam
985 2870 1016 2890 a.

330 3001 403 3040 338.
431 3001 608 3041 aegrotus]
634 3001 684 3032 Cf.
706 3001 767 3040 Ep.
787 3003 863 3040 844.
882 3011 987 3041 29311.
1115 3001 1189 3039 998.
1214 3000 1289 3031 1811.

329 3055 402 3083 340.
431 3043 625 3085 sexcentis]
654 3044 703 3075 Cf.
725 3045 760 3076 11.
788 3047 873 3084 78—9
893 3045 964 3076 and
991 3045 1052 3084 Ep.
1158 3054 1233 3082 344.
1260 3043 1498 3084 exemplaria]
1518 3043 1568 3075 Cf.
1589 3043 1652 3082 Ep.
1676 3044 1766 3074 1026.
1792 3052 1874 3080 1411..
