1990 3353
304 129 384 169 542
769 130 1020 169 LETTERS
1058 129 1129 170 OF
1166 129 1432 169 ERASMUS
1780 127 1905 182 [1521

306 239 474 278 domino
503 253 595 278 meo
624 240 950 290 incomparabili,
975 239 1109 288 facies,
1131 254 1257 291 quam
1286 243 1414 291 potes,
1439 240 1908 280 commendatissimum.

306 294 421 332 Bene
440 293 543 341 vale,
567 294 698 333 Pacee
718 294 956 334 clarissime.

359 348 582 387 Bruxellae
605 361 638 396 3.
664 348 814 388 Nonas.
839 349 984 388 Iulias.
1003 350 1086 388 An.
1115 361 1228 398 1521.

244 401 288 433 50
1471 403 1672 442 Erasmus
1689 404 1798 442 tuus.

511 600 634 640 1219.
696 599 758 640 To
791 598 1014 640 W1L1.1AM
1046 599 1248 648 BLOUNT,
1282 598 1413 640 LORD
1445 597 1715 639 MoUNTJor.

354 704 547 750 Epistolae
566 705 613 741 ad
633 705 800 741 diuersos
818 719 851 751 p.
872 706 951 742 666.
1551 703 1795 741 Anderlecht.
1834 732 1843 742 .

356 763 450 798 HN:
479 764 594 800 Loncl.
614 763 703 799 xvii.
725 764 794 800 26:
822 764 896 800 LB.
916 766 997 801 606.
1481 764 1536 810 (c.
1556 775 1572 810 5
1593 764 1682 809 July
1700 762 1744 810 ‘?>
1767 772 1868 809 1521.

350 860 536 901 [Between
554 861 615 891 the
633 861 717 892 Diet
734 860 773 891 of
785 860 929 891 Worms
942 861 981 900 (l.
999 860 1057 899 88)
1075 860 1147 891 and
1165 860 1228 891 the
1244 860 1467 900 publication
1485 860 1522 890 of
1534 859 1570 890 F.
1633 859 1708 890 The
1723 868 1916 890 numerous

306 905 566 935 resemblances
590 906 627 935 to
654 905 715 944 Ep.
740 906 825 935 1218
852 907 993 944 suggest
1019 905 1101 935 that
1129 905 1204 935 this
1231 903 1338 935 letter
1365 904 1396 934 is
1423 903 1461 934 of
1485 904 1547 934 the
1571 913 1669 934 same
1697 903 1791 934 date.
1838 902 1914 933 The

307 948 567 979 resemblances
583 950 619 979 to
637 948 701 989 Ep.
721 957 805 987 1195
822 957 883 979 are
902 948 974 979 also
997 948 1176 987 striking3
1201 949 1267 978 but
1282 948 1344 978 the
1365 947 1560 978 difference
1584 948 1623 977 of
1643 947 1723 977 date
1740 948 1771 977 is
1789 946 1914 977 shown

307 993 354 1032 by
369 991 432 1022 the
456 993 673 1023 statements
694 993 803 1023 about
826 992 991 1023 Luther's
1014 992 1372 1032 acknowledgement
1394 991 1434 1022 of
1450 991 1509 1022 his
1527 1000 1608 1022 own
1626 991 1734 1021 books
1752 990 1812 1031 (cf.
1830 990 1855 1020 1.
1872 990 1915 1020 88

307 1035 396 1066 with
416 1036 479 1075 Ep.
503 1045 594 1075 1195.
614 1035 749 1076 69—70).

350 1079 452 1110 With
471 1080 532 1119 Ep.
550 1081 632 1110 1228
649 1080 724 1110 this
738 1080 847 1109 letter
865 1079 894 1109 is
911 1079 1097 1119 appended
1114 1081 1150 1110 to
1166 1079 1227 1110 the
1239 1079 1431 1118 Strasburg
1446 1078 1604 1108 editions
1619 1077 1658 1108 of
1671 1077 1797 1116 Henry
1813 1078 1914 1108 V111's

305 1126 454 1162 Assertio,
472 1134 494 1163 9
510 1124 602 1162 Aug.
618 1123 691 1153 and
710 1133 727 1161 7
739 1123 835 1162 Sept.
852 1132 934 1161 1522
951 1125 1025 1162 (see
1044 1123 1106 1163 Ep.
1128 1133 1222 1162 1227.
1240 1123 1314 1162 511).
1334 1123 1398 1153 the
1415 1122 1522 1152 latter
1537 1122 1644 1161 being
1661 1131 1681 1152 a
1696 1120 1914 1152 translation

307 1168 385 1197 into
402 1167 560 1198 German
579 1168 624 1206 by
642 1167 789 1197 Murner
808 1167 885 1207 (Ep.
911 1177 1003 1206 1397.
1021 1166 1104 1206 2611)
1122 1178 1129 1205 ;
1157 1168 1221 1197 but
1241 1177 1279 1197 as
1300 1167 1404 1197 there
1427 1166 1458 1197 is
1481 1175 1528 1196 no
1544 1165 1725 1196 variation
1742 1166 1781 1195 in
1798 1165 1915 1195 either

308 1211 346 1241 of
365 1211 477 1248 them,
498 1211 714 1250 Grieninger
737 1220 811 1241 was
835 1220 882 1241 no
905 1211 1017 1241 doubt
1041 1211 1245 1250 reprinting
1268 1210 1361 1241 from
1384 1210 1420 1241 F.
1469 1209 1536 1239 For
1561 1209 1739 1240 Murner's
1762 1208 1913 1239 transla-

307 1255 405 1285 tions
422 1264 478 1285 see
495 1255 557 1285 the
566 1254 727 1285 Weimar
744 1254 880 1285 edition
897 1255 936 1285 of
948 1254 1114 1285 Luther‘s
1133 1257 1246 1295 Werke,
1262 1264 1294 1293 x,
1311 1256 1361 1294 pt.
1377 1264 1407 1294 2,
1423 1262 1481 1294 pp.
1498 1254 1622 1292 175·6;
1647 1252 1731 1292 and,
1748 1253 1802 1283 for
1817 1252 1915 1282 their

306 1298 502 1338 character,
522 1298 564 1329 cf.
587 1298 651 1338 Ep.
674 1299 768 1328 1228.
788 1308 840 1337 25,
860 1297 959 1337 58n.]

386 1409 594 1439 ERASMVS
625 1408 724 1439 ROT.
748 1407 948 1439 CLARISS.
972 1408 1141 1438 BARONI
1174 1408 1446 1438 GVILHELMO
1477 1407 1704 1437 MONTIOIO
1736 1407 1769 1437 S.
1792 1407 1834 1436 D.

365 1502 453 1550 Qvo
477 1500 688 1550 syncerior
717 1502 782 1539 est
808 1502 908 1538 tuus
937 1500 981 1537 in
1010 1512 1087 1538 nos
1115 1499 1296 1546 affectus,
1318 1500 1384 1537 vir
1412 1498 1652 1546 clarissime,
1675 1511 1837 1548 quoque
1865 1500 1914 1536 tu

310 1556 431 1594 nobis
451 1569 494 1594 es
514 1556 729 1593 Moe'cenas
749 1554 929 1603 amicior7
953 1554 1030 1592 hoc
1050 1554 1183 1603 magis
1203 1554 1320 1592 doleo
1340 1567 1408 1592 me
1428 1553 1505 1591 tibi
1524 1566 1609 1591 non
1630 1565 1718 1591 esse
1744 1552 1914 1602 perinde

310 1610 472 1649 felicem
492 1610 676 1648 amicum
698 1622 823 1659 quam
843 1609 973 1647 animi
997 1608 1061 1646 tui
1091 1608 1244 1646 candor
1270 1608 1346 1646 ist-e
1375 1607 1700 1658 promerebatur.
1761 1607 1914 1645 Scribis

310 1665 434 1703 isthic
455 1678 525 1713 per
545 1664 681 1702 nescio
701 1676 804 1713 quos
824 1663 961 1712 spargi
990 1675 1198 1700 rumorem
1226 1675 1294 1700 me
1312 1661 1573 1707 Lutheranae
1602 1661 1797 1700 factionis
1828 1674 1913 1699 non

270 1728 290 1758 f>
311 1720 448 1758 solum
468 1719 674 1757 fautorem
695 1718 766 1756 sed
787 1718 1021 1755 adiutorem
1041 1717 1167 1755 etiam
1187 1730 1231 1755 ac
1256 1716 1556 1766 propemodum
1583 1717 1771 1754 autorem
1800 1729 1886 1754 esse
1906 1729 1914 1761 ;

311 1776 352 1812 et
381 1773 559 1812 hortaris
588 1775 634 1811 vt
664 1786 731 1810 me
760 1785 944 1822 purgem,
967 1772 1102 1810 aedito
1131 1772 1331 1810 aduersus
1352 1771 1588 1809 L'utherum
1617 1770 1735 1808 libro.
1795 1770 1913 1818 Quod

311 1841 443 1877 quum
480 1841 565 1865 non
604 1827 746 1865 minus
784 1826 1007 1876 impudens
1043 1826 1307 1864 mendacium
1347 1826 1403 1863 sit
1440 1837 1566 1875 quam
1603 1825 1637 1862 si
1675 1825 1768 1874 quis
1806 1825 1915 1862 dicat

312 1882 539 1920 Erasmum
572 1881 731 1920 alatum
770 1894 871 1929 esse,
908 1880 1050 1930 paucis
1087 1880 1268 1929 aperiam
1307 1880 1468 1918 fontem
1507 1879 1617 1917 vnde
1655 1892 1798 1917 rumor
1836 1879 1914 1916 iste

309 1937 501 1975 manarit.

252 2011 291 2035 10
365 1991 475 2030 Sunt
503 1990 570 2028 hic
599 1990 756 2040 aliquot
784 1989 890 2027 mihi
919 1989 1136 2039 plusquam
1170 1988 1402 2038 capitaliter
1428 1988 1594 2036 infensi,
1618 1987 1725 2037 quod
1752 1987 1914 2037 linguas

311 2059 356 2084 ac
383 2046 513 2084 bonas
537 2045 680 2083 literas
709 2044 851 2082 credar
873 2045 916 2082 in
947 2045 1132 2093 ipsorum
1160 2056 1335 2092 regnum
1363 2042 1584 2081 inuexisse.
1645 2041 1704 2079 Hi
1733 2044 1776 2080 et
1803 2044 1915 2080 ante·

311 2110 437 2149 quam
469 2099 644 2138 Lutheri
673 2112 827 2137 nomen
857 2098 1040 2137 audisset
1069 2097 1195 2144 orbis,
1223 2096 1408 2146 vndique
1434 2097 1568 2135 telum
1598 2095 1767 2146 aliquod
1796 2109 1914 2146 quae-

311 2155 458 2192 rebant
478 2167 558 2204 quo
578 2166 702 2192 suum
723 2153 908 2191 dolorem
928 2152 1236 2190 vlciscerentur.
1297 2151 1444 2201 Itaque
1465 2151 1536 2200 qui
1563 2163 1775 2188 rumorem
1800 2150 1913 2188 hunc

310 2209 436 2258 primi
470 2210 712 2258 genuerant,
744 2207 932 2246 nondum
963 2207 1042 2245 sibi
1076 2208 1372 2256 persuaserunt
1402 2205 1512 2255 quod
1545 2205 1638 2243 aliis
1667 2205 1912 2254 persuadere

255 2281 291 2312 15
312 2263 448 2301 conati
469 2265 578 2301 sunt.
626 2262 764 2300 Iidem
784 2261 1092 2312 Hieronymum
1106 2260 1376 2308 Aleandrum,
1398 2259 1602 2297 nuncium
1623 2259 1908 2309 apostolicum,

312 2317 527 2355 hominem
552 2317 740 2366 apprime
766 2316 946 2363 doctum,
971 2315 1156 2364 mihique
1175 2316 1312 2354 vetere
1339 2326 1384 2352 ac
1413 2313 1714 2351 iucundissima
1741 2313 1913 2351 necessi-

312 2372 459 2409 tudine
478 2372 759 2418 coniunctum,
782 2371 901 2408 miris
920 2369 1146 2407 mendaciis
1166 2368 1211 2406 in
1232 2382 1298 2406 me
1319 2368 1455 2407 conati
1475 2370 1575 2406 sunt
1595 2368 1744 2406 iritare.
1799 2367 1911 2406 Voli-

312 2425 456 2464 tabant
488 2425 623 2463 libelli
652 2425 789 2463 nescio
819 2424 892 2474 qui
921 2423 1112 2462 maledici
1139 2423 1238 2460 hinc
1267 2424 1391 2471 atque
1420 2423 1527 2461 hinc.
1586 2422 1752 2460 Horum
1782 2422 1911 2471 suspi-

312 2480 473 2518 cionem
509 2479 707 2518 Germani
735 2478 914 2529 quidam,
946 2480 992 2516 vt
1020 2478 1070 2516 ab
1100 2491 1143 2516 se
1173 2477 1440 2527 depellerent,
1475 2477 1519 2514 in
1555 2489 1621 2514 me
1653 2476 1907 2515 deriuarunt.

255 2552 294 2573 20
312 2534 420 2582 Quid
458 2534 638 2572 multis‘?
685 2534 970 2582 persuaserant
1007 2531 1180 2579 homini,
1222 2533 1269 2570 vt
1306 2531 1390 2569 acri
1437 2530 1699 2579 simplicique
1744 2530 1912 2580 ingenio

312 2588 508 2637 praedito,
537 2588 595 2626 ita
623 2588 798 2632 credulo,
827 2601 894 2625 me
922 2599 1071 2636 parum
1100 2586 1229 2624 amice
1260 2586 1310 2623 de
1339 2586 1427 2635 ipso
1457 2587 1499 2623 et
1527 2585 1682 2622 sentire
1711 2586 1752 2622 et
1781 2584 1908 2634 loqui.

312 2642 395 2680 Nec
417 2643 636 2680 defuerunt
649 2641 719 2691 qui
740 2642 1036 2680 coalescentem
1056 2640 1280 2678 amicitiam
1301 2639 1422 2677 nouis
1442 2639 1618 2677 subinde
1634 2638 1912 2677 delationibus

312 2696 604 2734 discinderent.
802 2696 804 2698 ’

367 2751 584 2790 Caeterum
615 2750 693 2788 hoc
722 2749 826 2789 habe
854 2749 931 2787 tibi
952 2748 1099 2798 quouis
1127 2747 1309 2797 Sibyllae
1330 2747 1429 2786 folio
1458 2747 1620 2795 certius,
1644 2747 1688 2785 in
1715 2746 1912 2785 omnibus

796 2867 890 2898 1219.
913 2876 977 2898 ΤῙΤ.
997 2875 1147 2897 eLAmss.
1167 2874 1296 2896 BAROM
1315 2875 1371 2895 om.
1392 2866 1434 2896 Η.

359 2952 453 2982 1219.
477 2961 526 2990 15.
543 2950 784 2992 Al‹.=·.m(lru1n]
809 2950 858 2982 Cf.
879 2950 965 2990 Epp.
989 2960 1080 2990 1195.
1198 2952 1250 2980 16.
1275 2948 1556 2989 necessitudine]
1574 2948 1625 2979 Cf.
1646 2949 1707 2989 Ep.
1731 2957 1821 2988 1195.
1834 2957 1912 2986 50¹¹·

310 3005 392 3034 4711,
417 3005 506 3034 1213.
524 3005 603 3034 3111.
1201 3004 1250 3032 ¹7·
1277 2992 1504 3033 Volitabant]
1523 2993 1575 3025 Cf.
1593 2993 1655 3032 Ep.
1677 2992 1768 3023 1218.
1790 3001 1838 3030 13.
