1990 3353
70 120 189 174 1228]
528 123 598 161 TO
637 123 901 162 WILLIAM
941 123 1214 162 WARHAM
1587 126 1667 164 569

65 229 279 279 religionis
299 230 597 281 tranquillitati
623 231 764 270 videar
789 232 969 270 defuisse
996 245 1068 281 pro
1092 246 1185 271 mea
1203 232 1374 283 quidem
1395 233 1519 272 virili.
1580 233 1668 272 Nos

65 284 133 323 hic
152 284 316 334 magnis
343 284 495 324 studiis
518 298 767 335 apparamus
790 285 949 324 bellum
976 286 1018 324 in
1048 286 1198 326 Gallos.
1258 286 1454 326 Pontifex
1478 290 1592 326 totus
1620 287 1665 325 in

63 340 222 377 veteres
257 339 410 377 amicos
449 339 637 377 irritatus
673 339 794 378 nobis
831 353 919 378 sese
958 340 1162 379 adiunxit.
1233 341 1287 380 Et
1324 342 1494 381 interim
1534 341 1667 380 Turca

63 391 328 442 Hungariam
347 393 570 443 populatur
589 394 726 432 armis.

119 445 272 485 Precor
300 450 346 486 vt
377 447 570 486 Christus
599 447 710 497 Opti.
744 447 851 487 Max.
885 452 1022 487 seruet
1051 449 1370 499 amplitudinem
1400 452 1517 489 tuam
1546 449 1667 488 nobis
1685 462 1725 494 55

63 500 329 540 incolumem.
388 502 562 552 Reliqua
590 515 809 551 cognosces
836 515 884 541 ex
913 504 1139 542 reuerendo
1167 507 1282 553 patre
1301 503 1460 543 Thoma
1479 503 1661 552 Halseio‚

62 554 252 605 episcopo
290 555 551 605 Elphinensi,
584 569 709 605 quem
739 569 902 607 semper
939 560 1134 607 expertus
1172 570 1261 596 sum
1303 571 1353 595 ex
1391 559 1531 596 animo
1561 559 1666 597 mihi

62 609 288 649 fauentem.
346 610 511 661 Brugis.
534 623 573 649 x.
598 609 803 649 Calendas
823 612 1031 661 Septemb.
1053 613 1182 650 Anno
1203 611 1311 651 M.D.
1331 625 1419 652 XXI.

517 792 639 833 1229.
701 791 766 832 To
797 790 990 832 THOMAS
1022 789 1214 832 LUPSET.

108 890 300 938 Epistolae
318 895 366 930 ad
383 895 550 932 diuersos
567 909 603 942 p.
622 907 701 942 534.
1354 896 1507 943 Bruges·

107 949 200 986 HN:
227 952 347 989 Lond.
368 953 440 989 xiv.
460 966 504 999 4:
530 955 607 990 LB.
629 966 706 1001 523.
1230 965 1274 1001 23
1293 955 1441 1001 August
1461 954 1619 1002 (1521)-

105 1052 193 1093 [The
209 1057 394 1094 year—date
418 1057 534 1088 added
559 1059 597 1088 in
622 1057 658 1088 H
683 1058 747 1088 has
772 1057 867 1088 little
891 1067 930 1088 or
951 1067 996 1088 no
1014 1056 1139 1095 value3
1164 1057 1208 1088 cf.
1226 1056 1316 1097 Epp.
1336 1066 1429 1097 1220,
1451 1068 1544 1098 1223,
1569 1068 1662 1098 1232,

64 1105 156 1136 1239.
205 1098 279 1129 The
295 1101 458 1131 mention
486 1103 524 1132 of
544 1102 607 1132 the
632 1101 695 1132 life
717 1101 755 1131 of
776 1100 886 1139 Colet,
905 1101 975 1132 and
1000 1100 1181 1132 Erasmus·
1198 1110 1369 1140 presence
1391 1104 1426 1132 at
1450 1102 1587 1142 Bruges
1604 1102 1664 1143 (cf.

64 1140 125 1180 Ep.
142 1151 226 1181 1230
242 1143 395 1184 introd.)
414 1145 548 1185 clearly
564 1145 722 1175 indicate
743 1144 854 1186 1521.]

282 1244 492 1277 ERASMVS
522 1246 746 1277 ROTEROD.
778 1245 974 1276 THOMAE
1004 1242 1202 1274 LVPSETO
1235 1242 1318 1273 SVO
1349 1244 1382 1274 S.
1408 1244 1450 1274 D.

112 1324 176 1363 V'r
201 1327 373 1366 acerbus
399 1327 505 1366 mihi
531 1328 612 1366 fuit
638 1341 782 1366 rumor
807 1328 856 1366 de
884 1327 1028 1365 morbo
1049 1331 1132 1371 tuo,
1159 1325 1220 1362 mi
1243 1325 1434 1375 Lupsete‚
1464 1326 1522 1364 ita
1542 1326 1664 1364 vehe-

60 1381 223 1417 menter
254 1382 412 1430 gaudeo
446 1384 486 1420 te
517 1382 639 1420 nobis
676 1381 936 1421 reuiuiscere.
997 1380 1130 1420 Coleti
1161 1379 1293 1417 nostri
1326 1381 1456 1419 vitam
1491 1380 1666 1429 epistola

62 1434 300 1484 complexus
321 1449 427 1475 sum.
487 1437 530 1476 Si
551 1449 696 1486 parum
717 1436 910 1486 graphice
931 1435 1143 1474 videbitur
1161 1447 1388 1483 expressus,
1412 1435 1489 1473 tibi
1508 1434 1663 1484 partim

0 1536 1 1543 ἵ
61 1488 346 1538 imputabitur.
380 1491 451 1541 qui
480 1504 548 1529 me
576 1504 724 1541 parum
755 1491 805 1529 ad
836 1491 1009 1541 plenum
1038 1488 1288 1527 instruxeris
1318 1489 1400 1527 viri
1434 1489 1662 1528 coloribus:

3 1548 5 1550 '
63 1544 169 1592 quod
209 1543 378 1594 quidem
416 1559 540 1584 nemo
579 1550 619 1583 te
658 1545 808 1583 melius
839 1546 1011 1595 poterat.
1070 1544 1200 1582 Porro
1239 1543 1347 1592 quod
1382 1544 1431 1581 ad
1465 1544 1553 1581 eius
1582 1543 1700 1589 virif,

62 1598 239 1636 formam
270 1599 483 1649 velutique
514 1600 815 1650 praescriptum
848 1600 978 1638 vitam
1016 1597 1215 1645 instituis,
1253 1610 1337 1635 non
1368 1611 1538 1647 possum
1577 1611 1663 1636 non

60 1651 330 1691 vehementer
367 1654 553 1704 probare,
596 1654 718 1692 modo
757 1654 963 1692 delectum
1002 1652 1211 1691 adhibeas.
1270 1652 1454 1690 Probum
1494 1652 1663 1702 quidem

61 1706 274 1756 exemplar
289 1708 364 1746 tibi
379 1710 588 1758 proponis.
650 1709 728 1748 Sed
749 1709 791 1746 in
814 1708 986 1758 optimis
1006 1707 1226 1757 praecipua
1241 1709 1339 1745 sunt
1355 1706 1571 1751 imitanda,
1588 1720 1663 1745 nec

60 1773 106 1799 ea
124 1763 267 1799 tamen
287 1763 368 1801 nisi
391 1764 679 1802 accommoda:
710 1775 785 1801 nec
805 1763 919 1801 enim
940 1761 1136 1800 omnibus
1156 1762 1300 1800 omnia
1320 1764 1566 1811 congruunt.
1610 1761 1661 1799 In

60 1814 133 1853 illo
152 1817 422 1867 praecipuum
443 1819 540 1864 erat,
564 1817 673 1868 quod
694 1830 911 1867 synceram
932 1816 1089 1856 Christi
1109 1816 1421 1866 philosophiam
1450 1829 1472 1853 e
1496 1816 1662 1865 purissi-
1685 1830 1724 1852 10

58 1869 139 1908 mis
159 1870 487 1921 Euangeliorum
508 1872 703 1911 haustam
722 1871 910 1910 fontibus
928 1871 1060 1921 gratis
1080 1869 1284 1920 impartiit
1303 1869 1456 1920 populo
1473 1884 1482 1908 ε
1513 1872 1558 1908 vt
1577 1883 1663 1908 non

60 1923 213 1974 absque
243 1926 417 1964 numine
441 1926 631 1965 videatur
657 1926 721 1964 illi
747 1925 968 1976 contigisse
995 1925 1151 1976 gentile
1174 1937 1428 1974 cognomen3
1457 1925 1662 1974 siquidem

60 1977 263 2018 Coheleth
291 1979 493 2019 Hebraeis
521 1981 672 2019 dicitur
698 1980 971 2028 concionator,
996 1993 1118 2029 quem
1145 1978 1290 2017 Graeci
1309 1980 1457 2016 vocant
1476 1978 1662 2017 ecclesia-

60 2035 164 2072 sten.
224 2033 327 2072 Eam
348 2035 399 2073 ad
420 2048 509 2073 rem
530 2035 564 2073 si
585 2036 626 2073 te
645 2037 733 2074 toto
754 2035 891 2073 studio
916 2033 1153 2080 contuleris,
1179 2035 1252 2071 aut
1278 2046 1352 2082 ego
1378 2032 1499 2083 plane
1526 2033 1657 2081 fallor,

60 2089 131 2125 aut
150 2087 291 2127 Coleto
312 2102 397 2127 non
418 2089 589 2128 inferior
608 2090 769 2128 euades.
1683 2101 1722 2134 Ι5

113 2141 330 2181 Caeterum
369 2144 479 2194 quod
517 2144 634 2183 illius
671 2143 861 2193 exemplo
898 2142 977 2182 tibi
1014 2142 1150 2181 coenis
1188 2141 1233 2180 in
1265 2144 1401 2180 totum
1433 2141 1660 2190 interdicis,

60 2196 254 2247 equidem
273 2210 359 2236 non
378 2199 570 2248 approbo,
588 2212 663 2237 nec
682 2199 728 2237 in
750 2197 824 2236 illo
848 2197 1084 2248 probabam.
1145 2196 1261 2245 Quod
1291 2196 1327 2234 si
1352 2195 1483 2234 sentis
1502 2196 1663 2246 corpori

62 2252 134 2289 tuo
167 2264 242 2301 pro
271 2252 414 2303 vigore
442 2253 590 2292 aetatis
618 2253 750 2292 frenis
779 2265 882 2304 opus
911 2265 1010 2298 esse,
1044 2264 1135 2289 mea
1155 2249 1362 2289 sententia
1393 2250 1553 2289 felicius
1584 2251 1662 2289 hoc

103 2353 198 2386 1228.
212 2364 265 2394 51.
285 2355 356 2386 Nos
372 2379 380 2387 .
399 2380 407 2388 .
427 2378 434 2386 .
454 2366 506 2396 55.
528 2357 654 2388 Precor
668 2360 716 2388 F:
740 2357 897 2389 Interim
916 2366 1038 2397 precor
1054 2368 1083 2387 α.
1161 2356 1214 2395 56.
1240 2358 1288 2387 F:
1312 2365 1478 2396 cognosce
1496 2367 1528 2387 a.
1597 2355 1662 2386 Re—

58 2398 215 2429 uerendo
231 2401 332 2438 patre
348 2411 368 2429 a
383 2411 390 2431 :
415 2399 456 2433 R.
470 2401 509 2433 P.
523 2401 566 2433 D.
582 2404 630 2432 F:
648 2411 707 2432 om.
721 2404 765 2432 H.
857 2400 1002 2432 Halseio
1018 2403 1068 2431 F:
1093 2399 1272 2438 Halhagio
1286 2411 1316 2430 α.
1452 2400 1504 2438 58.
1533 2400 1662 2439 Brugis

56 2464 64 2472 .
92 2465 99 2471 .
128 2463 135 2470 .
160 2441 257 2474 M.D.
273 2452 335 2473 xm
351 2445 429 2474 add.
445 2447 486 2475 F.
596 2445 689 2476 1229.
716 2454 780 2476 Trr.
826 2454 889 2476 svo
905 2455 962 2475 om.
980 2446 1021 2475 H.
1118 2452 1165 2482 13.
1189 2445 1262 2473 LB:
1289 2442 1463 2474 Coleheth
1480 2446 1516 2474 F.
1610 2444 1660 2474 16.

57 2486 175 2516 coenis
191 2488 220 2515 F
230 2489 346 2524 Corri9.
359 2498 365 2518 :
391 2489 530 2519 coaeuis
545 2491 581 2521 F.

103 2607 196 2638 1228.
214 2617 266 2647 52.
293 2607 427 2638 bellum
445 2609 482 2639 in
500 2608 638 2649 Gallos]
663 2608 714 2640 Cf.
731 2609 821 2649 Epp.
936 2608 989 2647 58.
1011 2607 1108 2639 M.D.
1120 2607 1197 2648 xm]
1214 2608 1362 2639 Murner
1372 2608 1427 2641 (cf.
1437 2609 1459 2640 l.
1470 2609 1660 2649 251))gives

64 2652 262 2690 1236.61-5‚
281 2651 374 2690 1238.
389 2660 469 2691 45n‚
484 2653 578 2691 1283.
593 2662 709 2692 11-13‚
726 2654 817 2692 1284.
895 2652 1070 2682 ‘Tausent
1093 2652 1188 2682 funff
1202 2651 1360 2683 liundert
1376 2654 1464 2682 zwei
1478 2655 1526 2683 vsi
1544 2662 1659 2683 zwen-

61 2704 158 2734 51—2‚
180 2704 263 2734 1299
279 2695 424 2726 introd..
442 2697 536 2735 1306.
548 2698 656 2735 55-63
679 2696 751 2727 and
768 2697 822 2727 for
891 2696 962 2734 tzig
975 2696 982 2706 ¹
999 2705 1006 2730 ;
1030 2695 1213 2725 doubtless
1226 2696 1392 2736 bringing
1405 2696 1466 2727 the
1478 2697 1659 2736 year-date

60 2739 106 2769 its
116 2748 279 2778 progress
289 2748 346 2769 see
361 2739 400 2769 E.
416 2741 640 2780 Armstrong,
653 2743 776 2771 Charles
789 2748 819 2780 ν,
892 2739 968 2769 into
984 2739 1201 2778 conformity
1218 2739 1309 2770 with
1327 2739 1408 2770 that
1423 2742 1462 2770 of
1482 2740 1542 2770 the
1571 2740 1658 2770 book

59 2782 117 2813 ch.
137 2792 166 2821 7.
893 2783 951 2821 (ef.
978 2782 1041 2822 Ep.
1063 2791 1146 2820 1033
1170 2783 1331 2822 introd.).
1377 2783 1452 2814 The
1475 2784 1659 2823 year-date

145 2824 329 2865 Pontifex]
355 2825 423 2856 For
443 2825 543 2857 Leo’s
557 2826 708 2858 alliance
729 2827 820 2858 with
890 2827 928 2857 in
946 2826 1009 2865 Ep.
1032 2835 1116 2865 1219
1131 2825 1176 2855 he
1193 2827 1312 2857 omitS.

57 2868 202 2900 Charles
218 2871 254 2900 at
271 2869 346 2900 this
361 2869 450 2900 time
462 2870 602 2909 against
618 2870 752 2902 France
765 2881 821 2901 see
935 2869 1030 2900 12:29.
1048 2879 1078 2900 2.
1104 2869 1271 2910 epistola]
1289 2869 1352 2910 Ep.
1372 2879 1464 2901 1211.

57 2912 251 2953 Creighton
268 2922 300 2942 v.
321 2914 458 2952 159—61.
934 2925 964 2949 4.
990 2922 1116 2952 parum
1128 2936 1135 2943 .
1148 2936 1155 2944 .
1170 2937 1178 2944 .
1192 2914 1424 2955 instruxeris]
1437 2915 1481 2945 In
1494 2923 1658 2954 response

102 2966 153 2995 54.
181 2956 422 2997 Hungariam]
435 2957 500 2988 See
511 2957 822 2997 Breweriii.1376.
892 2959 929 2987 to
948 2957 1012 2996 Ep.
1038 2957 1128 2987 1026.
1150 2966 1220 2995 1-4.

101 3001 153 3039 56.
181 2999 343 3040 Halseio]
369 2999 433 3032 See
451 3000 514 3040 Ep.
533 3010 597 3040 254
615 3001 748 3032 inti-od.
937 3001 984 3030 16.
1010 2999 1143 3040 coenis]
1163 3000 1212 3031 Cf.
1232 3000 1293 3040 Ep.
1316 3010 1406 3032 1211.
1420 3010 1524 3041 309n.
