1990 3353
101 122 221 176 1183]
418 124 488 163 ΤΟ
531 123 858 174 (ARTLEBUS
896 123 965 162 OF
1002 124 1373 174 BOSKOWITZ>
1615 125 1692 162 441

95 235 203 272 certe
240 246 315 282 ego
354 233 504 270 curabo
542 246 595 271 ne
632 246 704 282 per
741 245 808 270 me
847 232 1028 270 veniant.
1091 232 1156 270 Me
1192 233 1336 272 nullus
1366 233 1533 272 habebit
1564 247 1696 283 neque
1714 247 1756 279 90

94 286 339 337 magistrum
359 288 507 325 erroris
528 300 659 337 neque
680 287 827 324 ducem
848 286 1072 324 tumultus.

153 342 271 390 Quod
291 341 388 379 libri
408 340 585 379 Lutheri
611 341 719 390 apud
739 354 815 379 vos
834 341 1040 378 habentur
1060 341 1105 379 in
1125 341 1329 390 manibus,
1350 342 1411 380 vti
1432 341 1584 388 scribis,
1609 355 1694 379 non

94 396 319 434 admodum
347 395 476 439 doleo,
504 396 540 433 si
566 396 690 433 modo
713 395 771 433 sic
799 395 991 443 legantur
1009 395 1061 433 ab
1084 395 1178 434 istis
1203 396 1551 445 quemadmodum
1579 409 1602 433 a
1628 409 1695 434 me

93 450 175 499 legi
208 450 355 488 solent.
415 450 458 488 Si
494 449 593 499 quid
627 449 736 487 inest
768 449 878 497 boni,
912 449 1109 498 decerp03
1153 451 1188 488 si
1218 450 1316 500 quid
1346 450 1457 497 mali,
1491 450 1693 489 transilio.

94 504 180 542 Nec
207 505 252 542 in
281 504 510 553 praesentia
540 504 674 542 dicam
704 503 802 553 quid
833 504 882 541 de
910 503 987 541 hoc
1007 504 1096 542 viro
1125 505 1317 543 sentiam.
1376 506 1559 543 Tantum
1588 505 1694 543 illud
1713 519 1752 551 95

93 559 239 606 dicam,
257 559 485 596 maximam
505 558 632 596 huius
652 558 885 607 tragoediae
903 560 1063 607 partem
1084 561 1225 596 natam
1245 572 1332 597 esse
1353 573 1402 597 ex
1422 560 1695 597 immoderata

93 613 317 662 cupiditate
343 613 604 663 quorundam
634 613 935 661 theologorum,
959 612 1139 650 maxime
1168 613 1505 651 Praedicatorum
1534 616 1574 651 et
1603 613 1693 652 Car-

94 667 334 705 melitarum
353 681 362 714 3
393 667 442 705 de
463 667 614 716 quibus
633 667 678 704 in
698 667 931 716 praesentia
951 679 1017 703 me
1038 667 1152 715 piget
1172 668 1291 716 plura
1311 667 1497 706 scribere.
1549 668 1692 706 Vnum

93 722 198 759 illud
222 721 367 770 dicam,
393 721 428 759 si
449 722 530 759 Leo
557 721 680 759 sciret
707 734 806 771 quae
834 734 911 758 nos
930 721 1125 759 videmus
1145 725 1186 759 et
1206 721 1411 769 audimus,
1435 726 1506 760 aut
1527 735 1693 772 prorsus

94 789 161 813 me
181 775 290 814 fallit
310 788 402 813 mea
422 776 471 813 de
491 775 563 813 illo
584 775 740 825 opinio,
761 777 833 813 aut
852 775 1022 813 haberet
1051 775 1139 813 illis
1158 789 1232 825 pro
1252 788 1326 813 sua
1345 776 1587 814 saedulitate
1609 790 1693 814 non
1717 791 1776 813 100

93 830 295 879 optimam
343 830 528 879 gratiam.
607 830 713 868 Cum
761 829 944 868 Luthero
991 829 1100 867 mihi
1137 829 1247 868 nihil
1293 831 1513 869 intercedit
1560 833 1695 880 preter

92 884 375 923 Christianam
403 883 653 923 amicitiam:
684 885 792 933 quod
822 885 885 922 vti
914 884 1180 922 verissimum
1208 887 1281 932 est,
1313 885 1372 923 ita
1400 898 1693 934 saepenumero

93 952 187 977 sum
216 940 402 977 testatus.
463 940 551 988 Ego
581 952 656 977 nec
684 941 803 977 autor
831 938 897 976 illi
925 952 1019 976 sum
1048 952 1121 977 nec
1150 942 1350 988 patronus
1379 953 1450 978 nec
1480 943 1592 977 actor
1620 953 1693 977 nec

92 994 227 1032 iudex.
288 993 325 1030 N
329 1006 372 1031 ec
392 993 533 1031 eadem
554 993 806 1043 scripsimus,
826 993 983 1042 opinor,
1001 1007 1075 1031 nec
1097 993 1241 1032 eodem
1266 994 1399 1032 modo.
1460 994 1521 1032 De
1542 993 1694 1043 spiritu

89 1047 204 1086 illius
224 1048 332 1095 nolo,
366 1061 442 1085 nec
475 1061 614 1085 meum
648 1050 723 1094 est,
753 1048 855 1085 ferre
886 1048 1149 1086 sententiam.
1210 1048 1295 1085 Nec
1324 1048 1439 1087 illius
1468 1049 1693 1086 admodum
1716 1063 1774 1094 105

91 1103 227 1141 multa
263 1102 353 1151 legi,
387 1102 580 1140 videlicet
617 1103 723 1140 meis
761 1102 910 1140 studiis
947 1103 1110 1140 abunde
1148 1101 1366 1141 distentus.
1423 1103 1541 1140 Nihil
1578 1103 1694 1141 illius

91 1170 275 1206 vnquam
311 1170 383 1195 nec
422 1157 668 1207 impugnaui
706 1170 780 1194 nec
815 1157 1011 1203 defendi;
1042 1158 1209 1195 tantum
1250 1157 1399 1196 alicubi
1437 1158 1481 1195 in
1520 1157 1593 1195 illo
1627 1158 1692 1195 de-

91 1211 270 1249 sideraui
289 1211 527 1260 plusculum
548 1211 884 1249 mansuetudinis
905 1211 1190 1261 Euangelicae.

146 1265 231 1304 Nec
270 1267 411 1304 tamen
448 1266 620 1315 probaui
658 1265 876 1304 saeuitiam
910 1279 956 1304 ac
993 1266 1226 1304 tumultum
1260 1267 1439 1304 istorum
1471 1266 1542 1316 qui
1575 1266 1692 1304 libris

91 1320 205 1358 illius
245 1321 433 1358 nondum
474 1320 594 1358 lectis
647 1320 893 1358 stultissime
934 1320 1266 1359 vociferabantur
1321 1322 1427 1370 apud
1477 1321 1689 1370 populum,
1715 1337 1775 1359 110

95 1378 103 1392 ·'
118 1375 283 1412 asinum
298 1375 319 1422 ⁵,
352 1378 360 1394 ‘
372 1387 518 1424 gruem
533 1375 552 1421 ³,
581 1376 588 1392 ‘
605 1374 792 1423 stipitem
810 1375 829 1419 '‚
857 1378 865 1393 ⁶
879 1374 1131 1412 haereticum
1146 1377 1166 1422 ⁷,
1189 1380 1196 1393 ⁶
1211 1375 1523 1413 Antichristum
1537 1377 1558 1422 ',
1587 1377 1595 1393 ‘
1607 1388 1693 1424 pes-

92 1432 177 1468 tem
208 1428 344 1467 orbis'
370 1429 493 1467 illum
522 1429 754 1466 identidem
782 1428 1048 1478 appellantes,
1074 1442 1171 1466 cum
1202 1429 1370 1467 interim
1397 1443 1470 1468 nec
1498 1430 1692 1468 docerent

89 1484 306 1522 hominem
332 1483 506 1521 meliora
530 1496 604 1521 nec
624 1483 882 1522 refellerent:
913 1496 988 1521 nec
1014 1483 1126 1521 aliud
1154 1484 1376 1521 effecerunt
1407 1497 1480 1522 suo
1507 1484 1694 1522 tumultu

92 1552 216 1587 quam
236 1541 281 1576 vt
301 1538 441 1587 plures
461 1539 646 1576 emerent
675 1550 720 1575 ac
745 1537 944 1576 libentius
972 1539 1155 1587 legerent
1177 1537 1349 1576 Lutheri
1373 1539 1511 1576 libros.
1572 1538 1692 1576 Nunc

89 1593 216 1631 Bulla
235 1592 408 1642 prodit-a,
428 1605 530 1642 quae
552 1605 626 1629 nec
646 1591 736 1641 ipsa
755 1592 890 1641 potuit
910 1592 1071 1630 animos
1087 1592 1231 1642 populi
1250 1605 1274 1630 a
1294 1592 1477 1631 Luthero
1498 1593 1689 1640 alienare,
1715 1608 1777 1639 115

93 1660 330 1697 quanquam
350 1660 474 1696 supra
500 1646 672 1685 modum
692 1646 892 1684 terribilis
913 1649 986 1694 est,
1011 1647 1211 1685 coniurati
1239 1648 1407 1696 quidam
1428 1647 1591 1686 foedere
1610 1647 1692 1685 icto

89 1702 200 1740 inter
212 1702 357 1751 pocula
372 1714 535 1750 semper
546 1701 663 1739 illius
684 1714 839 1739 nomen
855 1714 950 1738 cum
966 1715 1058 1739 meo
1074 1703 1337 1750 coniungunt
1357 1701 1402 1739 in
1422 1701 1693 1740 concionibus

89 1756 278 1805 publicis,
303 1769 383 1806 quo
401 1755 597 1794 videlicet
623 1768 690 1793 me
719 1755 946 1805 degrauent
969 1755 1131 1794 inuidia
1157 1755 1393 1795 communi:
1429 1770 1552 1806 quem
1576 1756 1626 1794 ob
1650 1756 1692 1794 id

91 1812 255 1850 hostem
276 1810 474 1858 iudicant,
499 1810 607 1859 quod
629 1810 780 1848 alicubi
801 1810 1039 1859 scripserim
1059 1823 1129 1848 eos
1149 1823 1234 1848 non
1253 1813 1361 1848 recte
1381 1811 1515 1849 facere
1543 1811 1615 1861 qui
1635 1811 1692 1849 sic

91 1866 265 1915 argutiis
278 1865 449 1903 Scoticis
461 1864 711 1902 incumbunt
726 1866 773 1903 vt
789 1876 874 1902 non
889 1865 1103 1913 attingant
1117 1865 1254 1903 fontes
1269 1864 1432 1903 diuinae
1445 1865 1672 1915 sapientiae
1685 1879 1693 1913 3
1716 1880 1727 1901 1
1737 1881 1776 1901 20

91 1920 200 1970 quod
220 1918 438 1969 aliquoties
452 1932 475 1957 a
491 1919 651 1957 Thoma
663 1919 907 1957 dissentiam
921 1918 966 1957 in
980 1919 1341 1957 Annotationibus
1354 1920 1459 1958 meis
1469 1935 1478 1967 ;
1499 1919 1607 1970 quod
1623 1920 1692 1958 ad-

91 1974 327 2013 monuerim
346 1973 627 2012 adolescentes
647 1986 731 2011 non
759 1986 847 2011 esse
866 1973 1136 2022 pelliciendos
1162 1974 1210 2011 ad
1233 1973 1402 2012 vincula
1421 1974 1531 2012 vitae
1552 1987 1694 2012 mona-

92 2029 232 2076 chalis,
250 2028 491 2078 priusquam
507 2030 548 2065 et
568 2027 649 2065 sibi
668 2027 759 2065 noti
775 2027 859 2066 sint
879 2029 921 2065 et
939 2027 1180 2077 intelligant
1195 2028 1293 2077 quid
1315 2028 1371 2066 sit
1385 2029 1529 2078 religio
1546 2043 1555 2076 3
1584 2028 1693 2078 quod

90 2082 379 2121 admonuerim
402 2095 544 2120 veram
572 2082 770 2131 pietatem
801 2095 884 2120 non
913 2095 1002 2120 esse
1032 2082 1156 2120 sitam
1185 2083 1230 2120 in
1260 2083 1517 2131 ceremoniis,
1548 2083 1619 2120 sed
1648 2082 1692 2120 in

92 2138 308 2176 affectibus
327 2137 459 2175 animi
477 2150 486 2184 3
515 2136 625 2186 quod
647 2136 868 2174 defendam
892 2136 1022 2174 bonas
1049 2137 1202 2184 literas,
1229 2136 1379 2186 quibus
1399 2137 1466 2175 illi
1486 2137 1569 2175 iam
1591 2137 1693 2175 olim
1716 2153 1775 2184 125

91 2192 276 2230 indixere
293 2191 463 2229 bellum.
523 2191 630 2229 Cum
646 2192 847 2240 rogantur
866 2204 889 2229 a
904 2191 1098 2229 concione
1120 2190 1219 2241 quid
1241 2190 1493 2229 offenderint
1512 2191 1555 2229 in
1575 2191 1694 2229 libris

89 2247 194 2285 meis
224 2246 488 2292 haereticum,
523 2245 775 2294 respondent
803 2258 846 2283 se
877 2258 961 2283 non
992 2246 1150 2295 legisse,
1188 2245 1258 2283 sed
1293 2247 1434 2284 tamen
1463 2245 1695 2295 periculum

93 2314 180 2340 esse
217 2302 385 2350 propter
423 2300 640 2338 obscuram
679 2299 966 2338 Latinitatem.
1042 2300 1157 2338 Haec
1197 2299 1451 2348 respondent
1490 2300 1616 2338 iidem
1655 2302 1695 2338 et

91 2355 275 2404 theologi
295 2357 336 2393 et
355 2354 566 2401 monachi,
580 2355 621 2391 et
641 2367 805 2392 scurrae
824 2356 864 2392 et
884 2367 1188 2404 nonnunquam
1204 2354 1396 2404 episcopi.
1456 2355 1538 2392 Per
1553 2355 1695 2392 huius-

91 2410 207 2449 modi
230 2409 395 2448 rabulas
421 2408 661 2446 defenditur
684 2408 879 2447 maiestas
903 2408 1137 2456 Pontificia,
1161 2408 1333 2446 fulcitur
1360 2408 1555 2447 Ecclesia.
1616 2408 1695 2448 Sed
1718 2421 1779 2452 130

136 2530 190 2560 97.
214 2519 499 2559 praedicatorum
516 2521 564 2549 F:
588 2518 907 2550 Dominicanorum
924 2522 967 2550 H.
1082 2529 1153 2549 100.
1179 2520 1239 2548 aut
1258 2520 1332 2548 (cdd.
1350 2521 1379 2547 F
1394 2520 1505 2557 Corriy.
1622 2528 1695 2548 112.

93 2563 295 2595 identidem
313 2563 418 2593 illum
438 2565 478 2594 X.
661 2572 733 2594 122.
760 2563 979 2594 monachalis
996 2565 1043 2592 F:
1069 2563 1289 2592 monasticae
1305 2564 1347 2594 H.

141 2678 212 2707 103.
238 2676 316 2697 sum
334 2664 500 2706 testatus]
517 2665 568 2697 Cf.
588 2665 651 2707 Ep.
673 2675 766 2706 1153.
786 2676 861 2705 1911.
929 2667 993 2697 but
1010 2666 1073 2706 Ep.
1087 2667 1151 2704 296
1167 2665 1238 2696 had
1256 2665 1451 2697 circulated
1470 2665 1528 2705 [cf.
1544 2666 1607 2706 Ep.
1621 2676 1695 2705 304.

141 2722 210 2749 104.
238 2709 363 2751 iudex]
382 2709 433 2741 Cf.
453 2710 515 2748 Ep.
539 2718 631 2748 1033.
650 2710 692 2749 58
709 2720 753 2740 cr.
775 2720 809 2741 11.
929 2710 1015 2740 82-8
1035 2733 1042 2740 .
1092 2710 1154 2740 see
1179 2710 1252 2740 also
1273 2709 1364 2749 Epp.
1384 2710 1458 2748 858.
1486 2719 1605 2749 372-5,
1634 2720 1698 2748 493

140 2765 211 2786 111.
237 2752 398 2794 asinum]
418 2753 471 2784 Cf.
483 2753 679 2793 Epp.1144.
699 2762 859 2793 41,1192.
929 2763 1012 2793 seq„
1052 2763 1144 2792 1171.
1179 2754 1274 2792 85—7,
1314 2755 1406 2794 1196.
1440 2763 1558 2792 330-2,
1603 2763 1694 2784 1202.

93 2809 189 2840 33-4.
930 2807 1069 2837 219-20,
1093 2798 1183 2835 1263.
1205 2797 1300 2836 28-9.

142 2852 212 2881 115.
239 2839 364 2881 Bulla]
381 2839 433 2871 Cf.
453 2840 514 2879 Ep.
538 2849 629 2878 1141.
649 2850 728 2871 20n.
976 2850 1046 2878 124.
1076 2850 1196 2871 veram
1210 2840 1399 2882 pietatem]
1419 2840 1470 2872 Cf.
1486 2841 1550 2881 Ep.
1567 2840 1639 2879 296.
1658 2850 1697 2878 72

142 2896 214 2925 119.
239 2883 459 2925 scripserim]
477 2883 539 2924 Ep.
560 2885 633 2923 456.
654 2885 772 2922 242—8.
929 2894 999 2923 seq.

144 2939 215 2960 121.
241 2938 261 2959 a
276 2926 429 2968 Thoma]
455 2926 507 2958 Cf.
526 2927 590 2966 Ep.
610 2937 622 2957 1
633 2929 702 2958 126.
723 2929 825 2958 262n.
977 2937 1048 2966 127.
1067 2937 1139 2957 non
1153 2926 1293 2967 legisse]
1309 2927 1395 2958 This
1409 2929 1503 2967 story
1519 2927 1548 2957 is
1562 2927 1697 2957 related

141 2983 212 3004 122.
239 2970 495 3012 adolescentes]
522 2971 574 3002 Cf.
593 2971 680 3010 Epp.
699 2972 774 3010 296.
796 2972 858 3001 28—
929 2971 1020 3001 with
1044 2980 1142 3001 more
1163 2970 1273 3001 detail
1298 2971 1336 3000 in
1362 2971 1448 3011 Epp.
1478 2980 1571 3010 1144,
1601 2980 1695 3010 1192,

95 3027 147 3057 40,
160 3026 234 3056 447.
261 3015 413 3046 Neither
423 3014 530 3045 letter
543 3023 616 3045 was
627 3017 685 3053 yet
700 3015 861 3054 printed;
931 3023 1024 3045 1212.
