1990 3353
56 86 179 140 1196]
474 88 544 127 ΤΟ
582 86 835 127 VINOENT
875 85 1230 126 THEODORIOI
1572 87 1651 125 473

51 200 152 238 adeo
185 199 369 238 mundus
401 199 619 238 obsurduit
652 198 701 236 ad
736 210 904 236 omnem
944 199 1117 236 naturae
1153 210 1335 244 sensum,
1371 197 1558 234 nondum
1592 198 1650 235 sic

53 254 170 292 exuit
200 267 365 291 omnem
396 254 590 291 affectum
624 252 898 301 Euangelicae
930 252 1108 301 pietatis.
1169 251 1214 290 Si
1245 264 1423 301 syncere,
1458 253 1493 288 si
1523 251 1650 289 libere

53 308 253 346 doceretis
279 308 573 357 Euangelicam
593 307 823 353 veritatem,
848 308 888 343 et
915 319 966 343 ex
993 306 1123 344 officio
1149 308 1470 355 consequeretur
1495 305 1646 351 odium,
1668 319 1732 351 420

50 362 277 411 pertineret
310 363 361 400 ad
395 375 469 400 vos
506 361 579 400 illa
612 360 768 400 Christi
802 359 1052 398 consolatio:
1096 360 1216 398 Beati
1250 373 1345 398 cum
1378 373 1452 398 vos
1486 359 1648 397 oderint

49 416 253 455 homines.
315 417 437 455 Nunc
466 416 650 465 optimus
679 415 851 465 quisque
879 427 902 452 a
928 414 1048 452 vobis
1074 414 1264 452 redditur
1291 414 1570 452 alienissimus
1600 413 1651 452 ob

48 470 250 509 viciosum
269 471 517 519 exemplum.

103 525 219 563 Haec
237 525 316 563 tibi
333 525 526 564 venirent
544 524 590 562 in
609 525 809 571 mentem,
832 522 898 570 N„
922 522 1006 560 nisi
1025 523 1171 560 malles
1194 522 1335 560 odium
1360 523 1404 560 in
1429 522 1648 560 consilium

49 579 247 618 adhibere
275 593 399 629 quam
428 579 645 617 rationem.
705 578 807 616 Cum
845 576 1089 615 obambulas
1121 590 1194 626 per
1228 577 1489 624 monasteria,
1523 577 1649 614 etiam
1667 593 1730 624 425

50 633 392 678 cartusiensium,
429 636 470 671 et
507 632 750 671 humaniter
785 633 975 680 acceptus
1012 631 1094 668 iam
1134 631 1322 678 debebas,
1357 631 1399 668 id
1438 632 1545 680 quod
1586 631 1649 668 illi

50 689 276 737 expectant,
300 687 457 736 aliquid
477 687 662 725 vicissim
683 687 922 735 depromere
941 698 963 723 e
982 685 1110 723 sacris
1129 685 1278 722 studiis
1298 698 1401 734 quae
1428 686 1645 735 profiteris,

49 755 99 779 ex
146 742 307 780 arcanis
347 742 433 780 illis
474 740 892 790 contemplationibus
937 739 1089 789 quibus
1132 739 1198 777 illi
1241 741 1391 788 putant
1436 740 1650 788 theologos

48 796 277 834 identidem
299 809 393 834 cum
414 796 502 834 Deo
523 795 715 845 colloqui,
738 795 847 844 quod
865 794 978 843 ipsos
999 793 1235 831 inflammet
1260 794 1310 831 ad
1335 807 1518 831 amorem
1539 794 1650 832 vitae

49 850 248 899 coelestis,
291 851 399 900 quod
441 850 611 899 impleat
654 863 723 889 eos
768 848 1049 887 consolatione
1092 848 1311 897 spirituali,
1355 848 1462 897 quod
1507 861 1649 886 semen
1668 863 1732 894 430

48 905 214 955 aliquod
249 918 293 942 ac
328 905 553 943 scintillam
593 903 867 954 Euangelicae
900 902 1116 941 charitatis
1149 902 1323 952 infigat3
1367 904 1413 940 tu
1447 902 1645 949 sacerdos,

48 959 323 1007 Praedicator,
374 959 602 1008 theologus,
654 959 850 997 denarras
897 957 1118 995 historiam
1165 957 1344 1004 Erasmi,
1391 969 1486 995 vera
1533 956 1648 994 falsis

47 1014 312 1063 permiscens,
345 1027 390 1052 ac
420 1014 612 1052 indecore
646 1013 858 1051 blaterans
891 1012 1086 1061 quicquid
1118 1011 1164 1049 in
1197 1012 1426 1058 fortunam,
1455 1011 1648 1060 quicquid

47 1069 92 1106 in
120 1069 264 1116 vitam,
289 1068 487 1118 quicquid
515 1069 559 1106 in
591 1068 836 1113 doctrinam,
860 1067 928 1105 vel
955 1066 1058 1115 fingi
1083 1065 1150 1104 vel
1182 1065 1263 1103 dici
1291 1065 1434 1115 possit.
1494 1065 1579 1103 Nec
1609 1068 1648 1103 te

47 1122 210 1161 cohibet
238 1123 289 1160 ab
319 1123 597 1170 obtrectando,
631 1122 756 1160 etiam
786 1134 882 1159 cum
911 1122 1026 1159 vides
1058 1121 1158 1158 haec
1192 1120 1386 1158 tristibus
1415 1120 1600 1158 vultibus
1626 1133 1649 1158 a
1667 1135 1728 1166 435

47 1177 207 1215 cunctis
226 1177 366 1227 accipi,
384 1178 470 1215 imo
491 1190 586 1215 cum
606 1177 724 1215 audis
739 1189 884 1215 omnes
904 1175 1186 1214 reclamantes.
1231 1174 1337 1222 Quid
1353 1176 1493 1212 autem
1513 1174 1648 1212 credis

46 1232 136 1281 pios
154 1231 251 1270 illos
266 1235 403 1281 patres
417 1232 466 1270 de
481 1233 520 1270 te
540 1231 743 1280 suspicari
758 1243 854 1269 cum
874 1230 975 1268 haec
995 1229 1184 1278 audiunt,
1199 1229 1298 1278 quid
1314 1229 1423 1266 inter
1438 1242 1480 1266 se
1500 1229 1648 1278 queri?

102 1286 286 1324 Fortuna
309 1299 402 1324 mea
423 1287 518 1324 talis
544 1288 607 1324 est
627 1288 673 1324 vt
699 1286 786 1334 ipse
811 1285 899 1323 iure
925 1284 1080 1333 possim
1109 1286 1150 1321 et
1178 1284 1332 1321 soleam
1361 1284 1495 1321 multa
1524 1283 1572 1320 de
1603 1296 1649 1320 ea

46 1341 172 1390 queri.
232 1341 390 1379 Verum
412 1341 521 1378 nulli
540 1341 585 1378 in
604 1353 732 1378 manu
753 1341 816 1378 est
834 1338 915 1377 sibi
935 1340 1147 1376 fortunam
1168 1338 1333 1386 fingere.
1396 1338 1449 1375 Et
1471 1337 1650 1375 arbitror

44 1396 139 1445 plus
164 1408 253 1433 esse
277 1395 412 1433 laudis
437 1395 572 1433 inuita
598 1395 766 1432 fortuna
790 1393 962 1431 eluctari
989 1393 1039 1430 ad
1063 1393 1264 1430 virtutem
1293 1395 1333 1430 et
1363 1391 1645 1429 blandientem
1667 1408 1732 1439 440

45 1449 173 1488 etiam
192 1449 370 1497 reiicere,
394 1463 519 1499 quam
539 1450 575 1487 si
594 1449 702 1487 mihi
724 1448 946 1486 dormienti
966 1447 1207 1496 contigisset
1233 1447 1502 1496 amplissima.
1562 1445 1646 1483 Nec

45 1504 185 1543 deerat
205 1503 375 1552 occasio,
397 1517 472 1542 nec
492 1504 735 1553 ignorabam
755 1503 868 1541 viam
890 1515 969 1551 qua
993 1504 1212 1551 pararetur
1238 1502 1404 1539 fortuna
1429 1501 1589 1539 lautior,
1613 1501 1647 1537 si

45 1559 152 1597 mihi
172 1559 395 1609 placuisset
414 1559 524 1596 tanti
543 1571 678 1596 emere
699 1557 847 1607 quanti
863 1557 984 1595 video
1004 1570 1026 1593 a
1048 1555 1195 1593 multis
1215 1556 1309 1592 emi.
1357 1554 1501 1603 Neque
1517 1554 1647 1592 vitam

44 1627 182 1651 meam
214 1613 408 1651 omnibus
441 1613 571 1651 libero
602 1612 735 1660 viciis,
766 1611 1012 1661 praesertim
1044 1612 1177 1648 actam
1211 1609 1367 1647 iuueni.
1427 1610 1648 1647 Doctrinae

22 1668 270 1706 minimum
301 1668 409 1705 mihi
442 1667 593 1715 tribuo,
626 1667 791 1705 etiamsi
823 1679 958 1715 neque
989 1667 1029 1702 te
1064 1678 1198 1713 neque
1229 1664 1292 1702 tui
1327 1663 1484 1702 similes
1514 1663 1648 1712 patiar
1667 1679 1728 1710 445

45 1722 255 1761 doctrinae
275 1735 390 1761 meae
410 1735 610 1760 censores.
661 1722 725 1759 Tu
745 1723 868 1770 putas
887 1723 1004 1757 atrox
1024 1719 1272 1766 conuicium,
1297 1718 1333 1756 si
1352 1731 1419 1756 me
1438 1718 1647 1755 rhetorem

44 1779 115 1815 aut
139 1779 306 1826 poetam
333 1777 497 1814 dixeris.
557 1775 645 1825 Ego
670 1778 868 1814 neutrum
894 1786 1068 1823 agnosco
1094 1774 1278 1820 titulum,
1302 1773 1371 1811 sed
1399 1773 1471 1822 qui
1497 1772 1649 1810 intelli-

44 1834 148 1881 gunt
188 1833 392 1881 quantum
429 1831 676 1869 eruditionis
708 1829 954 1876 reconditae,
993 1831 1194 1877 quantum
1234 1828 1404 1877 ingenii,
1443 1828 1647 1876 quantum

44 1886 302 1936 eloquentiae
337 1886 391 1924 sit
425 1887 558 1935 poetis
587 1898 633 1923 ac
663 1884 914 1930 rhetoribus,
947 1882 992 1921 hi
1026 1883 1129 1920 tales
1158 1895 1280 1920 voces
1308 1895 1528 1931 porcorum
1560 1894 1648 1918 esse

43 1942 205 1990 putant,
243 1953 327 1978 non
361 1939 594 1978 hominum.
665 1938 933 1977 Contemnite
967 1940 1171 1986 quantum
1206 1937 1356 1974 voletis
1389 1936 1730 1985 ‘poet1·ian1’,450

44 1995 144 2033 adeo
164 1995 282 2033 vobis
301 1995 490 2044 ignotam
511 1997 558 2032 vt
578 2008 629 2032 ne
648 1993 866 2031 nominare
886 1992 1055 2042 quidem
1076 1993 1183 2029 recte
1203 1991 1370 2039 possitis
1389 2004 1396 2036 ;
1427 2003 1475 2027 ex
1504 1989 1648 2027 eodem

42 2049 157 2099 ligno
171 2049 292 2088 citius
307 2049 411 2087 duos
423 2048 602 2098 fingeres
611 2047 850 2086 Thomistas
861 2046 1090 2096 praeclaros
1103 2059 1229 2095 quam
1241 2058 1374 2083 vnum
1390 2043 1649 2082 tolerabilem

43 2106 208 2152 poetam
228 2105 302 2142 aut
320 2103 538 2142 rhetorem.

97 2157 256 2196 Verum
283 2158 362 2196 hoc
391 2159 455 2196 est
483 2157 688 2196 eiusmodi
706 2158 754 2195 vt
780 2156 831 2194 iis
859 2156 1014 2194 frustra
1043 2154 1203 2192 dicatur
1232 2154 1304 2202 qui
1334 2153 1472 2191 Musas
1502 2165 1648 2190 omnes

43 2213 198 2251 habent
216 2213 354 2250 iratas.
414 2212 547 2262 Atqui
566 2211 602 2249 si
621 2211 696 2249 has
717 2211 850 2257 horas,
873 2223 974 2260 quas
995 2209 1126 2247 sumis
1147 2209 1263 2246 fratri
1285 2211 1357 2245 tuo
1376 2207 1643 2253 traducendo,
1665 2225 1728 2256 455

44 2266 262 2305 collocares
297 2267 341 2304 in
375 2266 620 2304 euoluendis
654 2266 776 2303 bonis
809 2264 1034 2311 autoribus,
1074 2265 1144 2301 aut
1182 2266 1290 2300 certe
1324 2263 1367 2299 in
1402 2261 1646 2300 euoluendis

43 2321 273 2368 Ambrosii,
297 2321 547 2370 Hieronymi
569 2320 881 2370 Augustinique
909 2318 1206 2361 voluminibus,
1234 2317 1368 2355 multo
1398 2317 1539 2353 minus
1569 2315 1646 2352 tibi

44 2375 220 2425 placeret
258 2380 331 2414 tua
364 2375 552 2414 doctrina
581 2377 622 2413 et
650 2375 792 2412 minus
825 2373 1059 2423 displiceret
1091 2373 1234 2410 aliena.
1295 2370 1468 2409 Possem
1498 2372 1540 2407 et
1570 2382 1645 2418 ego

43 2430 252 2480 inquirere
281 2430 325 2468 in
354 2430 569 2468 fortunam
598 2434 726 2475 tuam,
750 2428 794 2466 in
822 2428 956 2466 vitam
985 2440 1030 2464 ac
1060 2426 1289 2464 doctrinam
1319 2428 1448 2472 tuam,
1475 2424 1646 2462 olfacere

43 2484 177 2523 sicubi
198 2485 505 2522 conuomuisses
524 2496 724 2530 mensam,
748 2482 880 2521 sicubi
900 2485 1211 2530 constuprasses
1230 2480 1454 2526 Vestalem,
1479 2479 1513 2516 si
1537 2478 1646 2528 quod
1665 2480 1730 2523 460

88 2592 161 2621 424.
189 2582 286 2613 NJ:
315 2583 473 2614 Bucenta
486 2585 528 2612 H.
620 2592 694 2620 432.
720 2580 1004 2621 praedicatorF:
1027 2579 1288 2609 Dominicanus
1300 2580 1342 2607 H.
1433 2577 1507 2614 460.
1527 2576 1645 2605 Vesta-

45 2626 116 2656 lem
134 2629 189 2657 H:
215 2626 321 2656 Vesta
338 2629 372 2656 F.

88 2734 164 2762 4²1·
182 2725 297 2765 Beati]
315 2725 412 2755 Luke
427 2725 458 2754 6.
479 2733 531 2754 22.
880 2723 1199 2761 sanctissimaeque
1222 2721 1437 2761 professores¹
1450 2719 1458 2731 '
1484 2718 1569 2760 (LB.
1598 2719 1643 2747 ix.

88 2778 160 2807 425.
189 2769 298 2799 etiam
315 2765 615 2807 Cartusiensium]
632 2766 698 2797 For
711 2767 811 2797 Eras-
882 2776 944 2804 740
956 2777 989 2805 Α,
1003 2769 1051 2806 D).
1092 2766 1160 2796 For
1172 2765 1310 2795 friends
1321 2764 1358 2795 of
1368 2764 1426 2793 his
1439 2772 1570 2801 among
1583 2762 1644 2790 the

45 2812 133 2842 mus'
161 2822 262 2843 sense
287 2812 326 2842 of
346 2811 444 2842 their
466 2811 596 2851 special
625 2811 811 2841 strictness
881 2810 1116 2841 Carthusians
1140 2818 1197 2839 see
1221 2808 1310 2848 Epp.
1338 2808 1413 2846 308,
1433 2816 1508 2846 570,
1543 2815 1644 2843 1239;

45 2855 117 2886 and
141 2857 297 2895 sanetity
314 2855 357 2886 cf.
377 2856 435 2885 his
451 2856 543 2891 Apol.
567 2857 644 2885 adu.
669 2856 807 2885 debacclz.
879 2854 1030 2884 another
1054 2863 1126 2884 was
1149 2852 1245 2883 John
1271 2852 1308 2882 of
1333 2849 1549 2882 Heernstede
1575 2854 1645 2887 (see

44 2901 80 2929 P.
98 2902 229 2937 sutoris,
248 2901 368 2930 where
384 2899 431 2929 he
447 2899 570 2928 writes
593 2898 630 2928 of
649 2897 748 2927 them
773 2908 811 2928 as
879 2897 942 2937 Ep.
964 2898 1074 2937 1646).

48 2944 56 2959 ‘
69 2953 149 2973 vere
165 2943 301 2974 mundo
318 2942 453 2973 mortui
463 2941 484 2981 ',
514 2943 522 2959 ⁴
534 2944 589 2972 ter
612 2942 810 2980 quaterque
921 2941 996 2980 438.
1024 2939 1196 2979 Fortuna]
1213 2939 1264 2970 Of.
1284 2939 1346 2978 Ep.
1367 2947 1458 2968 1102.
1477 2937 1534 2967 611.

46 2986 183 3018 mundo
195 2987 327 3018 mortui
341 2987 363 3026 ’‚
379 2985 580 3025 ‘religionis
591 2985 810 3016 arctissimae
921 2995 995 3024 450.
1020 2983 1208 3025 poetriam]
1224 2982 1276 3015 Cf.
1295 2983 1358 3022 Ep.
1381 2991 1473 3011 1110.
1497 2989 1572 3018 1511.
