1990 3353
311 116 390 154 512

782 116 1033 157 LETTERS
1072 118 1141 157 OF
1179 118 1445 159 ERASMUS

1784 120 1906 174 [152¹

369 227 475 266 Cum
494 227 735 265 Alexander
756 227 877 266 Pont.
901 241 951 265 ex
972 241 1054 266 vno
1080 228 1269 267 Iubilaeo
1292 228 1454 267 fecisset
1474 229 1590 277 duos,
1614 243 1695 280 quo
1716 233 1911 279 quaestus

313 284 421 320 esset
442 281 617 328 vberior,
641 282 811 331 eiusque
834 282 1184 331 dispensationem
1203 283 1432 333 Episcopus
1452 284 1779 333 Tornacen(sis>
1802 298 1912 334 prae-

235 348 296 381 160
315 339 433 374 sente
453 336 630 384 pecunia
658 349 733 374 suo
762 337 944 385 periculo
973 337 1231 383 redemisset,
1253 350 1420 375 summo
1450 338 1587 376 studio
1618 338 1914 378 adnitebantur

315 390 587 428 commissarii
608 403 659 428 ne
681 392 835 428 sortem
855 391 1045 440 perderet
1060 391 1300 441 Episcopus,
1319 392 1404 430 imo
1419 394 1464 430 vt
1484 391 1647 430 lucrum
1671 405 1758 430 non
1777 393 1914 442 poeni·

314 444 491 482 tendum
511 444 728 482 accederet.
770 444 853 482 Hic
873 445 914 483 in
938 445 1086 495 primis
1106 446 1156 484 ad
1177 446 1343 484 fabulae
1363 448 1499 495 partes
1516 446 1773 485 vocabantur
1792 447 1823 485 ii
1843 447 1915 497 qui

316 499 359 536 in
380 498 649 537 concionibus
668 499 820 548 populo
839 502 976 538 essent
999 500 1178 549 gratiosi.

1240 500 1390 538 Noster
1409 500 1594 539 sentiens
1619 501 1662 539 id
1690 502 1735 539 in
1764 501 1915 540 scrinia

315 553 493 591 conferri
523 566 605 602 quo
638 553 965 592 subleuabantur
995 556 1118 592 antea
1149 567 1356 604 pauperes,
1392 568 1476 593 non
1513 555 1775 604 improbabat
1807 556 1916 605 quod

235 613 294 654 165
315 607 511 646 offerebat
530 606 742 654 Pontifex,
766 621 840 646 nec
861 608 1060 658 probabat
1079 611 1230 647 tamen.
1277 610 1495 648 Caeterum
1514 608 1621 647 illud
1642 609 1913 659 improbabat,

315 662 422 711 quod
450 664 597 700 tenues
615 662 910 700 fraudarentur
928 662 1053 701 solito
1080 662 1289 701 subsidio:
1320 663 1545 702 damnabat
1571 663 1745 702 stultam
1770 676 1916 702 eorum

314 715 510 754 fiduciam
541 717 613 766 qui
641 729 815 755 nummo
844 717 889 755 in
919 717 1119 756 scrinium
1150 718 1332 756 coniecto
1361 719 1557 768 putarent
1591 730 1677 756 sese
1711 718 1864 756 liberos
1894 731 1917 757 a

313 771 504 820 peccatis.

370 824 553 864 Tandem
590 825 830 863 obtulerunt
861 826 1136 864 commissarii
1169 828 1338 864 centum
1370 826 1549 864 florenos
1577 826 1629 864 ad
1664 827 1917 865 structuram

235 893 298 927 170
316 879 618 929 templi—nani
638 880 677 918 id
700 882 792 918 tum
812 880 1107 919 aedificabatur
1126 880 1169 918 in
1190 880 1278 918 eius
1309 881 1630 927 monasterio—3
1654 883 1700 919 vt
1726 880 1763 919 si
1788 880 1918 919 nollet

317 934 608 972 commendare
638 935 783 972 venias
816 935 1071 981 Pontificias,
1104 935 1254 973 saltem
1293 948 1339 972 ea
1377 937 1530 974 taceret
1561 947 1665 985 quae
1697 934 1915 973 officerent.

318 988 385 1026 Ibi
406 988 471 1026 vir
490 988 605 1026 velut
635 989 775 1027 afflatu
804 1001 919 1028 sacro
948 989 1139 1039 percitus,
1165 988 1339 1028 ‘Abite'
1359 989 1512 1040 inquit,
1534 989 1665 1036 ‘hinc‚
1690 989 1916 1036 simoniaci,

317 1055 412 1080 cum
451 1044 587 1081 vestra
625 1043 813 1092 pecunia.

872 1046 941 1081 An
977 1056 1073 1082 eum
1106 1056 1174 1081 me
1206 1044 1361 1093 putatis
1397 1043 1469 1093 qui
1504 1043 1556 1082 ob
1587 1043 1806 1093 pecuniam
1837 1043 1919 1081 sim

317 1109 616 1147 suppressurus
635 1097 931 1147 Euangelicam
952 1098 1205 1136 veritatem?
1261 1099 1322 1136 Ea
1342 1098 1376 1136 si
1396 1100 1533 1136 vestro
1554 1098 1743 1147 quaestui
1768 1097 1915 1144 obstat,

237 1163 297 1198 175
318 1151 424 1189 mihi
462 1151 594 1189 maior
631 1165 719 1191 esse
758 1152 881 1190 debet
918 1165 1015 1190 cura
1054 1152 1289 1190 animarum
1322 1166 1447 1202 quarn
1481 1152 1609 1190 vestri
1647 1151 1882 1200 compendii
1898 1151 1918 1189 ⁹.

317 1205 482 1244 Cessere
515 1208 607 1244 tum
638 1206 770 1256 vigori
801 1206 978 1256 pectoris
1009 1207 1251 1257 Euangelici
1281 1207 1473 1245 homines
1504 1206 1614 1245 male
1642 1206 1723 1245 sibi
1752 1206 1918 1253 conscii,

316 1260 388 1299 sed
409 1260 580 1298 interim
601 1263 764 1310 praeter
783 1261 1111 1311 expectationem
1132 1274 1297 1299 summo
1320 1261 1502 1300 diluculo
1529 1261 1649 1299 affixa
1675 1262 1739 1299 est
1762 1273 1923 1298 excom-

317 1314 570 1353 municatio:
600 1329 703 1365 quae
722 1317 864 1354 tamen
884 1329 908 1353 a
929 1316 1018 1354 ciue
1034 1316 1212 1366 quodam
1233 1316 1413 1354 detracta
1433 1318 1495 1354 est
1514 1315 1757 1365 priusquam
1776 1314 1922 1353 multis

318 1370 603 1408 innotesceret.

240 1439 250 1459 1
259 1429 301 1460 80
364 1423 445 1462 Ille
458 1423 567 1462 nihil
580 1424 606 1462 h
613 1424 648 1462 is
661 1424 789 1462 minis
802 1424 982 1470 territus,
1000 1437 1164 1463 summa
1177 1437 1272 1462 cum
1288 1423 1420 1462 animi
1435 1423 1739 1474 tranquillitate
1752 1422 1922 1461 docebat

320 1478 522 1528 populum
549 1481 587 1516 et
611 1478 778 1517 Christo
804 1479 1084 1526 sacrificabat;
1126 1491 1199 1516 nec
1214 1478 1348 1517 vllum
1378 1480 1540 1516 metum
1569 1491 1665 1527 prae
1694 1491 1737 1516 se
1764 1477 1922 1516 ferebat

320 1532 416 1571 talis
435 1532 725 1573 anathematis.
750 1534 856 1582 quod
878 1533 929 1571 ob
950 1533 1166 1573 Christum
1186 1533 1468 1583 praedicatum
1490 1533 1776 1571 intentaretur.
1827 1532 1923 1570 Mox

321 1587 473 1625 citatus
492 1590 555 1625 est
580 1587 629 1624 ad
653 1587 904 1637 Episcopum
930 1588 1221 1626 Morinensem.

1281 1587 1428 1627 Paruit
1450 1587 1654 1637 Episcopo
1681 1599 1780 1633 suo;
1808 1586 1924 1625 venit

322 1654 404 1679 vno
425 1641 555 1679 sodali
576 1643 812 1685 comitatus,
832 1641 938 1679 nihil
960 1642 1046 1691 ipse
1067 1643 1117 1680 de
1136 1655 1178 1680 se
1199 1641 1395 1680 solicitus.
1435 1641 1513 1679 Sed
1537 1643 1681 1679 tamen
1700 1640 1832 1678 inscio
1851 1640 1924 1679 illo

242 1700 301 1740 185
322 1696 433 1734 ciues
455 1696 646 1745 equitum
676 1696 874 1746 praesidia
904 1696 1150 1734 collocarant
1177 1696 1222 1734 in
1245 1695 1406 1743 itinere,
1430 1709 1480 1734 ne
1510 1708 1582 1744 per
1604 1694 1777 1733 insidias
1799 1695 1925 1733 inter-

322 1752 465 1799 ceptus
496 1750 540 1787 in
566 1753 737 1788 antrum
759 1751 924 1800 aliquod
947 1750 1226 1789 coniiceretur.

1305 1749 1411 1798 Quid
1432 1749 1545 1788 enim
1571 1762 1656 1787 non
1685 1749 1810 1787 audet
1835 1750 1926 1787 auri

324 1817 437 1843 sacra
455 1805 585 1843 fames
598 1806 617 1843 ⁵?
674 1804 903 1855 Episcopus
922 1805 1073 1844 obiecit
1092 1804 1289 1843 articulos
1308 1804 1479 1854 aliquot.
1504 1817 1607 1854 quos
1631 1816 1682 1842 ex
1706 1803 1822 1841 illius
1848 1804 1925 1841 col-

323 1859 509 1907 legerant
529 1859 796 1897 concionibus
816 1873 824 1906 ;
855 1859 926 1897 ille
946 1873 1097 1909 magno
1118 1859 1260 1897 animo
1280 1858 1503 1908 respondit,
1520 1860 1560 1896 et
1582 1857 1786 1908 Episcopo
1809 1858 1924 1896 satis-

323 1913 432 1951 fecit.
479 1913 711 1963 Aliquanto
732 1916 825 1964 post
846 1914 979 1951 denuo
999 1916 1213 1952 reuocatus
1232 1915 1316 1954 est:
1349 1913 1497 1951 obiecti
1523 1915 1622 1950 sunt
1642 1911 1794 1961 plures.
1844 1912 1925 1950 Vbi

243 1978 305 2011 190
324 1970 365 2006 et
386 1968 436 2006 ad
458 1968 533 2006 hos
554 1969 847 2017 respondisset,
872 1968 1040 2017 rogabat
1061 1981 1133 2006 cur
1153 1981 1236 2006 non
1264 1967 1457 2006 adessent
1486 1970 1754 2014 accusatores,
1777 1969 1824 2004 vt
1851 1979 1925 2005 suo

324 2035 488 2072 quoque
507 2023 690 2071 periculo
710 2027 973 2061 accusarent:
992 2036 1046 2071 se
1067 2023 1153 2060 iam
1174 2022 1236 2060 bis
1256 2021 1419 2060 venisse
1447 2021 1616 2060 honoris
1640 2020 1752 2058 illius
1779 2021 1927 2069 gratia,

324 2077 433 2126 quod
454 2076 684 2127 Episcopus
705 2079 828 2124 esset,
848 2080 1054 2116 caeterum
1075 2090 1161 2115 non
1180 2079 1406 2114 venturum
1426 2076 1559 2122 tertio,
1583 2075 1619 2113 si
1646 2074 1777 2113 simili
1803 2075 1927 2114 modo

372 2191 441 2228 164.
468 2193 552 2221 ante
570 2194 611 2222 H.

370 2303 441 2340 158.
470 2301 649 2343 Iubilaeo]
687 2301 722 2331 [t
751 2302 781 2331 is
810 2302 982 2332 incorrect
1010 2301 1091 2332 that

324 2345 530 2376 Alexander
566 2354 604 2375 vr
643 2344 795 2375 reduced
834 2345 896 2375 the
934 2345 1090 2375 interval

324 2390 484 2420 between
502 2390 574 2419 two
589 2389 748 2420 Jubilees
760 2390 797 2418 to
810 2398 851 2427 25
869 2398 994 2427 years:
1016 2388 1093 2419 this

325 2442 397 2463 was
409 2432 501 2463 done
516 2434 562 2472 by
578 2432 667 2463 Paul
679 2442 708 2462 11
723 2435 761 2463 in
782 2442 878 2471 1470.
910 2432 1090 2463 Erasmus!

326 2478 519 2507 statement
559 2477 711 2515 perhaps
751 2476 888 2506 reflects
926 2476 989 2506 the
1022 2476 1092 2506 fact

326 2520 406 2550 that
423 2519 546 2550 Sixtus
561 2522 630 2550 xv's
645 2519 783 2550 Jubilee
804 2520 841 2550 of
863 2528 945 2558 1475
961 2519 1092 2559 proved

327 2573 345 2594 a
363 2563 489 2594 failure
505 2575 511 2594 :
537 2574 574 2594 so
591 2564 669 2594 that
698 2573 781 2602 1500
797 2573 868 2593 was
885 2564 947 2594 the
964 2563 1042 2593 first
1059 2562 1098 2593 of

326 2607 389 2637 the
402 2616 482 2637 new
495 2609 627 2646 system
638 2607 757 2637 which
776 2607 951 2637 attracted
964 2606 1089 2637 notice.

327 2652 389 2681 See
408 2650 532 2680 Pastor
547 2652 593 2686 iv,
613 2660 671 2690 pp.
691 2660 761 2689 117,
779 2651 851 2689 284.

375 2703 446 2732 159.
469 2694 678 2735 Tornacefr]
705 2694 845 2733 During
861 2694 923 2724 the
939 2703 1042 2733 years
1059 2693 1097 2723 of

327 2737 469 2768 Jubilee
496 2738 558 2767 the
586 2748 641 2768 see
669 2738 707 2768 of
729 2737 897 2777 Tournay
920 2747 1034 2768 seems
1057 2739 1094 2767 to

328 2781 421 2812 have
438 2781 525 2811 been
544 2782 581 2811 in
598 2782 659 2812 the
677 2781 794 2811 hands
810 2781 849 2811 of
869 2781 932 2811 the
955 2781 1092 2812 French

328 2825 398 2864 bp.,
418 2824 525 2855 Louis
542 2825 606 2855 Pot
618 2825 656 2863 (†
670 2826 690 2854 6
703 2825 823 2855 March
846 2825 955 2864 1505),
972 2825 1095 2856 rather

328 2868 419 2899 than
458 2869 495 2899 of
529 2868 590 2898 the
631 2868 737 2907 Papal
777 2870 956 2906 nominee,
989 2868 1095 2898 Peter

329 2911 461 2952 Quicke
479 2911 564 2951 (GC.
592 2912 643 2941 iii.
668 2912 780 2951 236,7)
800 2923 807 2942 :
830 2912 895 2942 but
920 2913 1009 2942 from
1034 2912 1096 2942 the

328 2957 446 2987 action
463 2955 500 2986 of
516 2955 637 2995 Philip
653 2955 690 2985 of
706 2955 932 2994 Luxemburg
951 2955 989 2994 (l.
1008 2955 1095 2995 92n)

329 3000 367 3030 in
377 2999 575 3031 connexion
590 2998 678 3028 with
694 2998 925 3039 indulgences
942 2999 969 3029 it
983 3008 1097 3030 seems

747 2191 818 2230 183.
843 2194 895 2222 H:
921 2191 1161 2222 Mormensem
1176 2193 1212 2221 F.

1352 2191 1422 2228 189.
1450 2190 1637 2220 reuocatus
1652 2191 1697 2219 F:
1725 2190 1866 2220 vocatus
1882 2191 1925 2220 Η.

1160 2300 1313 2341 possible
1338 2300 1417 2331 that.
1441 2299 1611 2331 Erasmus
1635 2309 1716 2339 may
1732 2299 1823 2330 have
1847 2307 1926 2328 con-

1159 2344 1263 2375 fused
1294 2344 1380 2374 here
1411 2344 1473 2375 the
1506 2353 1629 2374 names
1655 2343 1694 2374 of
1719 2343 1927 2374 Terouenne

1160 2388 1233 2419 and
1249 2388 1425 2426 Tournay.

1208 2432 1280 2471 169.
1308 2432 1525 2462 structuram
1558 2429 1704 2470 templi]
1744 2428 1818 2460 The
1851 2428 1927 2460 first

1161 2476 1270 2506 house
1294 2474 1332 2505 of
1352 2475 1414 2505 the
1438 2475 1670 2505 Franciscans
1693 2474 1729 2504 at
1753 2473 1802 2504 St.
1821 2472 1930 2503 Omer

1161 2528 1233 2549 was
1250 2518 1392 2549 outside
1404 2518 1466 2549 the
1484 2520 1580 2548 town
1596 2528 1604 2556 ;
1627 2518 1691 2548 but
1708 2517 1737 2547 it
1753 2516 1825 2547 had
1839 2516 1928 2547 been

1148 2561 1386 2593 'demolished
1404 2563 1443 2592 in
1464 2570 1545 2601 1477
1560 2561 1616 2592 for
1632 2560 1794 2600 military
1806 2559 1925 2590 needs.

1162 2607 1194 2637 A
1207 2615 1289 2636 new
1301 2606 1369 2636 site
1386 2614 1458 2635 was
1470 2603 1619 2645 granted
1630 2605 1667 2635 to
1682 2603 1781 2635 them
1795 2603 1928 2634 within

1162 2650 1223 2680 the
1240 2649 1363 2687 walls3
1387 2648 1458 2680 and
1483 2650 1522 2679 in
1543 2657 1627 2687 1493
1643 2647 1732 2687 they
1757 2648 1869 2686 began
1893 2649 1931 2677 to

1163 2693 1306 2733 enlarge
1343 2692 1440 2723 their
1470 2691 1668 2731 buildings,
1698 2691 1761 2722 the
1791 2690 1928 2721 chureh

1162 2737 1268 2776 being
1291 2736 1490 2775 completed
1515 2737 1552 2766 in
1577 2743 1670 2773 1502.
1719 2734 1784 2765 See
1807 2733 1841 2764 J.
1864 2733 1929 2764 De—

1163 2781 1307 2819 rheims,
1321 2782 1403 2810 Hist.
1419 2782 1454 2810 de
1465 2782 1510 2810 St.
1524 2781 1621 2819 Omer,
1634 2778 1727 2817 1843,
1740 2787 1798 2818 pp.
1810 2786 1909 2818 594,5
1921 2787 1930 2815 ;

1163 2823 1233 2855 and
1251 2823 1295 2854 cf.
1314 2823 1336 2853 l.
1357 2833 1436 2862 9211.
1702 2840 1704 2842 >

1211 2877 1282 2905 177.
1307 2866 1425 2907 affixa]
1442 2866 1493 2897 Cf.
1513 2866 1576 2905 Ep.
1598 2874 1692 2904 1077.
1708 2874 1767 2904 311.

1210 2910 1280 2948 183.
1308 2908 1565 2951 Morinensem]
1583 2909 1647 2939 See
1664 2909 1686 2939 l.
1702 2918 1782 2947 92n.

1213 2954 1282 2984 186.
1310 2952 1473 2993 antrum]
1499 2952 1549 2984 Cf.
1569 2953 1632 2992 Ep.
1651 2952 1703 2984 80.
1721 2961 1775 2991 45.

1252 2997 1348 3038 auri]
1376 2997 1429 3028 Cf.
1444 2997 1547 3036 Verg.
1564 2999 1645 3027 Aen.
1663 3005 1693 3034 3.
1713 3004 1765 3034 57.
