1990 3353
95 121 219 176 1156]
542 121 614 159 ΤΟ
652 119 884 159 CONRAD
922 117 1258 157 PEUTINGER
1617 117 1698 155 375

90 229 243 269 vadoso
274 228 420 276 littori,
457 230 499 267 et
532 229 603 276 ita,
639 227 747 277 quod
780 229 910 274 aiunt,
947 228 1105 267 deuitet
1137 228 1319 279 Scyllam
1353 242 1404 267 ne
1437 228 1621 277 rapiatur
1654 228 1697 265 in

91 283 374 333 Charybdim3
407 283 467 321 ita
491 283 652 321 malum
678 282 757 320 hoc
781 284 970 332 amputet
997 296 1048 321 ne
1072 296 1151 333 qua
1176 283 1307 333 possit
1333 285 1494 321 excetra
1517 281 1695 331 repullu-

90 339 251 376 lascere.
313 338 463 377 Censet
493 337 623 386 igitur
661 336 791 374 Faber
829 339 970 375 noster
1007 337 1066 375 rei
1104 350 1314 376 summam
1346 336 1515 375 arbitris
1551 336 1693 375 doctis.

90 391 265 442 integris
309 395 349 430 et
397 392 448 430 ab
487 390 605 430 omni
647 390 883 440 suspicione
920 391 1069 430 alienis
1112 391 1414 442 delegandam3
1461 403 1545 428 non
1585 390 1696 439 quod

90 447 306 485 Romanus
344 447 466 484 Pont.
506 446 560 484 sit
599 445 806 493 cogendus
850 445 894 483 in
933 445 1123 484 ordinem
1161 449 1201 483 et
1239 445 1375 484 alieno
1413 444 1697 484 subiiciendus
1719 461 1782 485 100

90 500 272 548 arbitrio,
296 502 364 539 sed
385 500 495 550 quod
523 499 736 538 existimet
756 499 872 537 illius
900 499 1099 549 pietatem
1127 500 1205 538 hoc
1235 502 1381 549 sponte
1401 499 1696 548 volentemque

89 555 303 603 facturam,
338 555 372 592 si
405 553 590 604 cognorit
618 553 668 592 ad
697 553 908 603 publicam
937 553 1194 592 Christianae
1222 553 1437 604 religionis
1465 553 1696 602 tranquilli-

89 610 217 647 tatem
247 610 484 647 conducere.

144 663 223 702 Sed
244 663 370 702 huius
391 662 553 702 consilii
573 662 685 701 viam
705 662 792 711 ipse
812 661 891 700 tibi
911 661 1118 712 copiosius
1144 664 1322 712 exponet
1348 675 1508 700 coram:
1539 674 1640 711 quae
1661 661 1697 699 si

89 718 342 767 probabitur,
376 718 578 766 adiunges
606 718 700 755 tuae
729 717 974 766 prudentiae
1008 717 1243 765 consilium,
1276 719 1321 755 vt
1352 716 1398 754 in
1426 716 1696 755 Vuormaciae
1719 734 1778 766 105

89 774 299 811 conuentu
320 774 528 810 statuatur
546 770 704 820 aliquid
733 771 842 820 quod
867 770 1063 809 omnibus
1084 771 1204 809 bonis
1232 771 1492 820 approbetur.
1553 770 1694 819 Quan-

90 839 215 876 quam
244 839 328 864 non
359 826 503 864 dubito
533 824 636 875 quin
665 824 731 863 hic
762 825 941 864 Ioannes
971 825 1103 863 Faber
1131 826 1187 864 sit
1216 825 1293 863 tibi
1318 838 1392 875 pro
1418 825 1504 863 suis
1533 824 1695 862 meritis

89 880 536 927 commendatissimus,
568 882 708 918 tamen
737 880 863 918 etiam
895 882 1018 929 atque
1052 880 1176 918 etiam
1208 893 1280 918 oro
1310 882 1357 919 vt
1391 881 1465 918 tuo
1495 879 1539 917 in
1573 878 1695 917 illum

88 935 228 973 studio
255 934 449 973 nonnihil
478 935 606 972 etiam
631 934 795 972 accedat
824 947 873 972 ex
902 947 994 972 mea
1023 935 1393 972 commendatione.
1456 934 1549 972 Non
1579 935 1696 983 potes

88 989 308 1027 Erasmum
329 990 411 1027 alio
432 988 564 1026 officio
583 989 717 1038 magis
737 989 955 1026 deuincire.
1015 988 1098 1027 Vbi
1124 1002 1237 1027 nunc
1263 990 1362 1027 sunt
1383 989 1455 1038 qui
1479 987 1695 1026 clamitant
1719 1002 1780 1025 110

90 1043 314 1082 Erasmum
334 1056 482 1093 parum
501 1056 681 1092 aequum
702 1043 800 1081 huic
820 1043 990 1081 ordini?
1047 1043 1160 1081 Talis
1182 1044 1359 1091 animus
1384 1043 1482 1082 talis
1501 1042 1691 1090 eruditio,

88 1098 188 1136 tales
202 1111 335 1136 mores
350 1097 455 1136 mihi
471 1097 740 1135 vehementer
753 1098 915 1147 placent
928 1098 1006 1135 sub
1024 1111 1269 1148 quocunque
1281 1097 1418 1148 pallio.
1463 1098 1574 1136 Bene
1590 1096 1691 1136 vale.

142 1152 338 1191 Coloniae
358 1165 396 1190 v.
423 1151 483 1190 Id.
508 1151 734 1199 Nouembr,
757 1164 868 1190 ANNO
888 1165 1052 1190 mdxxx.

556 1405 682 1445 1157.
744 1403 807 1444 To
838 1403 1048 1445 Jonoocs
1080 1402 1236 1444 JONAS.

136 1514 329 1560 Epistolae
349 1513 398 1549 ad
415 1513 584 1550 diuersos
601 1527 638 1560 p.
659 1525 737 1560 514.
1355 1514 1530 1561 Cologne.

136 1573 207 1608 HN
225 1585 232 1609 :
260 1572 376 1609 Lond.
395 1572 475 1609 xiii.
495 1574 537 1608 28
555 1585 562 1608 :
592 1572 664 1608 LB.
686 1583 763 1618 543.
1255 1583 1292 1609 11
1315 1573 1524 1609 November
1545 1583 1648 1619 1520.

531 1686 736 1716 ERASMVS
770 1686 941 1716 IODOCO
974 1687 1115 1717 IONAE
1146 1689 1179 1719 S.
1204 1688 1247 1718 D.

139 1785 178 1824 V
180 1798 223 1822 In
244 1785 411 1835 optime,
437 1785 646 1835 Epistolas
667 1785 710 1823 in
732 1786 864 1824 Leum
885 1787 1070 1836 scriptas,
1093 1787 1218 1825 etiam
1238 1787 1274 1826 si
1297 1787 1368 1825 ille
1389 1790 1572 1826 meretur
1592 1801 1696 1826 acer-

86 1839 211 1886 biora,
237 1840 556 1889 supprimendas
575 1839 685 1886 duxi,
710 1853 804 1878 cum
826 1840 919 1878 aliis
939 1841 989 1878 de
1010 1842 1152 1888 causis,
1176 1844 1269 1880 tum
1290 1842 1341 1880 ob
1366 1842 1442 1880 hoc
1464 1842 1693 1892 praecipue.

86 1907 139 1933 ne
158 1894 281 1932 illum
303 1907 552 1943 poneremus
572 1895 616 1932 in
637 1894 775 1944 aliqua
796 1895 982 1942 factione,
1003 1908 1099 1934 cum
1114 1909 1210 1934 eum
1229 1910 1303 1934 nec
1318 1896 1543 1934 aduersarii
1563 1897 1695 1935 nostri

87 1952 323 1998 agnoscant.
385 1949 512 1987 Venit
546 1949 626 1987 huc
661 1948 948 1998 Hieronymus
983 1949 1206 1997 Alcander,
1238 1950 1340 1989 satis
1372 1953 1530 2000 peritus
1562 1951 1695 1989 trium

85 2002 336 2053 linguarum,
361 2003 430 2041 sed
451 2003 595 2049 factus,
620 2006 666 2041 vt
685 2007 866 2053 apparet,
889 2004 940 2042 ad
962 2004 1067 2042 hanc
1089 2005 1354 2054 tragoediam.
1417 2005 1592 2044 Louanii
1616 2005 1695 2055 pri·
1715 2018 1733 2050 5

87 2070 205 2096 mum
227 2057 385 2107 aliquot
409 2057 583 2096 Lutheri
607 2057 737 2096 libros
757 2058 954 2105 incendit,
980 2059 1023 2096 in
1044 2059 1131 2108 ipso
1152 2059 1337 2098 Caesaris
1357 2059 1537 2098 discessu
1559 2074 1568 2107 ;
1598 2073 1695 2098 mox

85 2112 196 2150 idem
226 2111 321 2149 fecit
352 2111 518 2158 Leodii;
559 2111 670 2150 idem
702 2112 746 2149 in
780 2113 1008 2151 crastinum
1041 2116 1157 2163 parat
1192 2113 1398 2152 Coloniae.
1468 2114 1576 2152 Mihi
1611 2127 1694 2152 non

85 2165 223 2204 leuius
248 2168 492 2204 succensent
520 2179 644 2216 quam
673 2167 753 2216 ipsi
783 2166 979 2212 Luthero‚
1002 2168 1109 2217 quod
1129 2168 1371 2206 existiment
1390 2182 1456 2206 ine
1477 2181 1609 2206 vnum
1629 2168 1694 2206 ob-

85 2221 229 2259 sistere
261 2234 341 2270 quo
374 2221 515 2259 minus
544 2221 694 2270 vbique
725 2223 837 2259 totus
872 2221 1085 2260 Lutherus
1119 2222 1355 2269 aboleatur;
1396 2236 1492 2261 cum
1523 2237 1596 2273 ego
1628 2236 1695 2261 me

86 2275 233 2313 multis
253 2275 303 2312 de
325 2275 457 2313 causis
477 2288 691 2325 nunquam
716 2275 1010 2314 admiscuerim
1035 2290 1179 2315 causae
1208 2277 1500 2316 Lutherianae.
1559 2277 1694 2316 Faueo
1717 2289 1759 2312 10

88 2329 206 2367 bonis
236 2329 399 2377 studiis,
431 2329 550 2367 faueo
579 2330 745 2368 veritati
776 2330 1074 2379 Euangelicae:
1114 2331 1155 2369 id
1185 2332 1251 2370 vel
1286 2332 1436 2370 tacitus
1465 2331 1627 2378 faciam,
1659 2332 1694 2370 si

85 2383 225 2434 palam
246 2397 333 2422 non
353 2383 459 2422 licet.
520 2383 645 2422 Dabit
666 2384 889 2434 aliquando
909 2385 1100 2424 Christus
1118 2388 1306 2435 tempora
1327 2386 1543 2424 sereniora.

133 2507 227 2536 1156.
245 2516 299 2545 99.
327 2506 370 2536 ab
384 2509 430 2536 F:
455 2507 497 2537 ob
514 2509 606 2538 Lond.
702 2517 771 2537 100.
798 2508 979 2538 Romanus
995 2508 1095 2537 Pont.
1114 2509 1166 2537 II:
1194 2507 1255 2536 Ro.
1270 2507 1355 2536 Pon.
1371 2509 1404 2536 F.
1501 2517 1511 2535 1
1524 2516 1560 2544 ¹3
1596 2505 1694 2536 Colo-

87 2550 168 2581 niae
184 2560 242 2580 om.
263 2552 302 2580 N.
393 2559 485 2580 Auno
500 2561 559 2580 om.
578 2553 621 2582 II.
747 2551 843 2582 1157.
866 2562 912 2582 10.
939 2551 1166 2582 Lutheranae
1183 2552 1226 2581 H.

133 2660 228 2691 1156.
255 2660 308 2699 98.
334 2658 496 2700 arbitris]
523 2660 570 2690 In
594 2660 656 2690 the
687 2662 853 2690 Consilium«
926 2660 1045 2698 πνοι-τ
1070 2659 1106 2688 to
1134 2658 1214 2696 Leo,
1241 2667 1282 2696 23
1307 2658 1393 2697 Oct„
1421 2658 1555 2697 quoted
1580 2659 1625 2697 by
1649 2657 1693 2688 de

88 2703 199 2734 Faber
211 2703 649 2742 proposesacommission
662 2704 854 2743 appointed
924 2701 1043 2741 Jongh
1064 2711 1097 2741 p.
1118 2712 1218 2740 230¹¹v
1239 2701 1310 2732 and
1331 2702 1386 2732 Al.
1407 2701 1447 2732 E.
1472 2703 1493 2732 i.
1518 2712 1570 2741 37.
1618 2702 1692 2732 Tho

88 2748 134 2785 by
150 2746 299 2777 Charles
314 2756 346 2785 v,
367 2747 496 2786 Henry
511 2755 593 2785 vnl,
610 2747 683 2778 and
701 2747 805 2777 Louis
822 2747 859 2777 of
925 2746 1006 2776 date
1019 2745 1125 2775 ofthe
1138 2745 1294 2784 burning
1304 2746 1340 2775 at
1352 2745 1506 2785 Cologne
1519 2748 1575 2786 (12
1587 2745 1690 2783 Nov.)

89 2791 277 2830 Hungary.
925 2790 1031 2825 given
1056 2791 1140 2819 here
1160 2789 1190 2818 is
1214 2789 1409 2819 confirmed
1434 2790 1480 2829 hy
1496 2799 1515 2819 a
1540 2789 1691 2827 Cologne

134 2843 204 2864 111.
223 2843 349 2873 parum
361 2833 531 2874 aequum]
547 2833 599 2866 Cf.
615 2833 677 2873 Ep.
691 2836 784 2865 1006.
797 2845 854 2872 411.
925 2833 995 2864 MS.
1013 2832 1143 2872 quoted
1167 2833 1213 2871 by
1229 2832 1301 2863 Jos.
1321 2832 1543 2871 Hartzheim‚
1563 2835 1692 2862 I’rodro-

133 2878 227 2909 1157.
252 2887 278 2909 1.
303 2877 497 2917 Epistolas]
517 2877 615 2907 EEv:
639 2887 694 2907 see
712 2887 743 2917 p.
761 2888 834 2908 210.
924 2887 995 2907 mus
1016 2879 1087 2907 hist.
1116 2878 1213 2907 Vn'iu.
1237 2879 1431 2914 Coloniensis,
1453 2886 1546 2915 1759,
1566 2887 1596 2916 p.
1626 2886 1690 2905 22:

133 2932 163 2951 2.
191 2919 485 2961 supprimendas]
505 2920 849 2960 Cf.Ep.1139.100-3.
926 2930 981 2951 soe
1013 2920 1088 2950 also
1116 2920 1178 2959 Ep.
1202 2920 1296 2951 1166.
1323 2929 1419 2959 53—9,
1449 2920 1521 2951 and
1546 2922 1691 2950 Dezctsclze

131 2966 162 2996 6.
191 2963 370 3004 incendit]
397 2964 451 2995 On
479 2964 500 2994 8
526 2964 600 2995 Oct.
629 2967 665 2995 at
695 2965 854 2996 Louvain
924 2966 1204 3001 Reiclaeseaysah·ten,
1231 2963 1332 3003 jung.
1359 2963 1480 3002 Remo,
1510 2964 1544 2994 i1,
1572 2972 1690 3001 471—2,

89 3008 161 3039 and
190 3018 226 3046 17
252 3008 327 3039 Oct.
355 3010 390 3038 at
413 3007 542 3047 Liegc:
565 3018 622 3038 sec
645 3008 854 3039 Ale—ander&
926 3009 1008 3038 note
1026 3018 1056 3045 4.
