<?xml version="1.0" encoding="UTF-8"?>
<!DOCTYPE html PUBLIC "-//W3C//DTD XHTML 1.0 Transitional//EN"
    "http://www.w3.org/TR/xhtml1/DTD/xhtml1-transitional.dtd">
<html xmlns="http://www.w3.org/1999/xhtml" xml:lang="en" lang="en">
 <head>
  <title>
</title>
<meta http-equiv="Content-Type" content="text/html;charset=utf-8" />
  <meta name='ocr-system' content='tesseract 3.04.00' />
  <meta name='ocr-capabilities' content='ocr_page ocr_carea ocr_par ocr_line ocrx_word'/>
</head>
<body>
  <div class='ocr_page' id='page_1' title='image "./opusepistolarumd04erasuoft_0337.png"; bbox 0 0 1990 3353; ppageno 0'>
   <div class='ocr_carea' id='block_1_1' title="bbox 127 168 1730 226">
    <p class='ocr_par' dir='ltr' id='par_1_1' title="bbox 127 168 1730 226">
     <span class='ocr_line' id='line_1_1' title="bbox 127 168 1730 226; baseline -0.003 -16"><span class='ocrx_word' id='word_1_1' title='bbox 127 171 248 226; x_wconf 88' lang='lat'>1116]</span> <span class='ocrx_word' id='word_1_2' title='bbox 550 171 620 210; x_wconf 89' lang='grc' dir='ltr'>ΤΟ</span> <span class='ocrx_word' id='word_1_3' title='bbox 658 172 892 211; x_wconf 79' lang='lat' dir='ltr'><strong>GERARD</strong></span> <span class='ocrx_word' id='word_1_4' title='bbox 932 171 1001 209; x_wconf 77' lang='lat' dir='ltr'>OF</span> <span class='ocrx_word' id='word_1_5' title='bbox 1040 170 1299 210; x_wconf 79' lang='lat' dir='ltr'>KLOSTER</span> <span class='ocrx_word' id='word_1_6' title='bbox 1653 168 1730 206; x_wconf 80' lang='lat'>291</span> 
     </span>
    </p>
   </div>
   <div class='ocr_carea' id='block_1_2' title="bbox 181 303 1674 414">
    <p class='ocr_par' dir='ltr' id='par_1_2' title="bbox 181 303 1674 414">
     <span class='ocr_line' id='line_1_2' title="bbox 181 303 1674 348; baseline -0.005 -9"><span class='ocrx_word' id='word_1_7' title='bbox 181 310 277 340; x_wconf 76' lang='lat' dir='ltr'>DES.</span> <span class='ocrx_word' id='word_1_8' title='bbox 298 309 506 340; x_wconf 79' lang='lat' dir='ltr'><strong>ERASMVS</strong></span> <span class='ocrx_word' id='word_1_9' title='bbox 537 308 759 339; x_wconf 83' lang='lat' dir='ltr'>ROTEROD.</span> <span class='ocrx_word' id='word_1_10' title='bbox 780 307 997 339; x_wconf 82' lang='lat' dir='ltr'>GERARDO</span> <span class='ocrx_word' id='word_1_11' title='bbox 1029 306 1277 348; x_wconf 85' lang='lat' dir='ltr'>CANONICO,</span> <span class='ocrx_word' id='word_1_12' title='bbox 1302 304 1445 335; x_wconf 89' lang='lat' dir='ltr'>DIVAE</span> <span class='ocrx_word' id='word_1_13' title='bbox 1476 303 1674 334; x_wconf 83' lang='lat' dir='ltr'>AGNETIS</span> 
     </span>
     <span class='ocr_line' id='line_1_3' title="bbox 588 374 1268 414; baseline -0.004 -7"><span class='ocrx_word' id='word_1_14' title='bbox 588 376 748 407; x_wconf 83' lang='lat' dir='ltr'>PRIORI</span> <span class='ocrx_word' id='word_1_15' title='bbox 779 374 1075 414; x_wconf 84' lang='lat' dir='ltr'>VENERANDO,</span> <span class='ocrx_word' id='word_1_16' title='bbox 1106 374 1138 404; x_wconf 89' lang='lat' dir='ltr'>S.</span> <span class='ocrx_word' id='word_1_17' title='bbox 1164 375 1201 404; x_wconf 91' lang='lat' dir='ltr'>P.</span> <span class='ocrx_word' id='word_1_18' title='bbox 1225 374 1268 404; x_wconf 83' lang='lat' dir='ltr'>D.</span> 
     </span>
    </p>
   </div>
   <div class='ocr_carea' id='block_1_3' title="bbox 124 463 1771 896">
    <p class='ocr_par' dir='ltr' id='par_1_3' title="bbox 124 463 1771 843">
     <span class='ocr_line' id='line_1_4' title="bbox 181 463 1728 520; baseline -0.004 -13"><span class='ocrx_word' id='word_1_19' title='bbox 181 467 528 520; x_wconf 74' lang='lat' dir='ltr'>&lt;O&gt;RNAr1ss1ME</span> <span class='ocrx_word' id='word_1_20' title='bbox 549 467 684 515; x_wconf 89' lang='lat' dir='ltr'>Prior,</span> <span class='ocrx_word' id='word_1_21' title='bbox 705 467 877 505; x_wconf 86' lang='lat' dir='ltr'>arbitrio</span> <span class='ocrx_word' id='word_1_22' title='bbox 898 466 1156 505; x_wconf 86' lang='lat' dir='ltr'>medicorum</span> <span class='ocrx_word' id='word_1_23' title='bbox 1176 467 1286 512; x_wconf 86' lang='lat' dir='ltr'>viuo,</span> <span class='ocrx_word' id='word_1_24' title='bbox 1304 467 1345 504; x_wconf 89' lang='lat' dir='ltr'>et</span> <span class='ocrx_word' id='word_1_25' title='bbox 1364 463 1599 515; x_wconf 86' lang='lat' dir='ltr'>pharmacis</span> <span class='ocrx_word' id='word_1_26' title='bbox 1618 463 1728 511; x_wconf 79' lang='lat' dir='ltr'>Viuo,</span> 
     </span>
     <span class='ocr_line' id='line_1_5' title="bbox 124 517 1733 572; baseline -0.004 -10"><span class='ocrx_word' id='word_1_27' title='bbox 124 537 208 562; x_wconf 90' lang='lat' dir='ltr'>non</span> <span class='ocrx_word' id='word_1_28' title='bbox 239 523 353 561; x_wconf 82' lang='lat' dir='ltr'>cibis.</span> <span class='ocrx_word' id='word_1_29' title='bbox 414 523 561 572; x_wconf 86' lang='lat' dir='ltr'>Itaque</span> <span class='ocrx_word' id='word_1_30' title='bbox 590 535 665 560; x_wconf 90' lang='lat' dir='ltr'>nec</span> <span class='ocrx_word' id='word_1_31' title='bbox 694 522 806 559; x_wconf 85' lang='lat' dir='ltr'>adire</span> <span class='ocrx_word' id='word_1_32' title='bbox 836 523 878 559; x_wconf 87' lang='lat' dir='ltr'>te</span> <span class='ocrx_word' id='word_1_33' title='bbox 906 534 1078 570; x_wconf 86' lang='lat' dir='ltr'>possum</span> <span class='ocrx_word' id='word_1_34' title='bbox 1110 534 1185 559; x_wconf 90' lang='lat' dir='ltr'>nec</span> <span class='ocrx_word' id='word_1_35' title='bbox 1214 520 1395 569; x_wconf 86' lang='lat' dir='ltr'>accipere</span> <span class='ocrx_word' id='word_1_36' title='bbox 1424 519 1628 557; x_wconf 88' lang='lat' dir='ltr'>conuiuio.</span> <span class='ocrx_word' id='word_1_37' title='bbox 1687 517 1733 557; x_wconf 86' lang='lat' dir='ltr'>Si</span> 
     </span>
     <span class='ocr_line' id='line_1_6' title="bbox 124 573 1733 624; baseline -0.004 -8"><span class='ocrx_word' id='word_1_38' title='bbox 124 578 387 616; x_wconf 90' lang='lat' dir='ltr'>commodum</span> <span class='ocrx_word' id='word_1_39' title='bbox 419 577 498 615; x_wconf 90' lang='lat' dir='ltr'>erit</span> <span class='ocrx_word' id='word_1_40' title='bbox 528 590 603 614; x_wconf 92' lang='lat' dir='ltr'>nos</span> <span class='ocrx_word' id='word_1_41' title='bbox 637 576 833 619; x_wconf 87' lang='lat' dir='ltr'>inuisere,</span> <span class='ocrx_word' id='word_1_42' title='bbox 863 577 941 614; x_wconf 87' lang='lat' dir='ltr'>erit</span> <span class='ocrx_word' id='word_1_43' title='bbox 971 575 1078 613; x_wconf 88' lang='lat' dir='ltr'>mihi</span> <span class='ocrx_word' id='word_1_44' title='bbox 1106 578 1345 624; x_wconf 83' lang='lat' dir='ltr'>pergratum</span> <span class='ocrx_word' id='word_1_45' title='bbox 1375 573 1655 623; x_wconf 85' lang='lat' dir='ltr'>colloquium;</span> <span class='ocrx_word' id='word_1_46' title='bbox 1691 574 1733 611; x_wconf 90' lang='lat' dir='ltr'>et</span> 
     </span>
     <span class='ocr_line' id='line_1_7' title="bbox 124 628 1734 681; baseline -0.004 -11"><span class='ocrx_word' id='word_1_47' title='bbox 124 633 268 671; x_wconf 86' lang='lat' dir='ltr'>eadem</span> <span class='ocrx_word' id='word_1_48' title='bbox 298 645 421 681; x_wconf 88' lang='lat' dir='ltr'>opera</span> <span class='ocrx_word' id='word_1_49' title='bbox 451 630 667 679; x_wconf 76' lang='lat' dir='ltr'>geminum</span> <span class='ocrx_word' id='word_1_50' title='bbox 699 630 930 679; x_wconf 76' lang='lat' dir='ltr'>prestiteris</span> <span class='ocrx_word' id='word_1_51' title='bbox 961 630 1157 675; x_wconf 77' lang='lat' dir='ltr'>officium,</span> <span class='ocrx_word' id='word_1_52' title='bbox 1187 632 1228 667; x_wconf 90' lang='lat' dir='ltr'>et</span> <span class='ocrx_word' id='word_1_53' title='bbox 1257 629 1439 667; x_wconf 87' lang='lat' dir='ltr'>amicum</span> <span class='ocrx_word' id='word_1_54' title='bbox 1467 628 1664 666; x_wconf 89' lang='lat' dir='ltr'>inuiseris</span> <span class='ocrx_word' id='word_1_55' title='bbox 1692 628 1734 664; x_wconf 86' lang='lat' dir='ltr'>et</span> 
     </span>
     <span class='ocr_line' id='line_1_8' title="bbox 125 681 1771 736; baseline -0.002 -11"><span class='ocrx_word' id='word_1_56' title='bbox 125 689 356 736; x_wconf 85' lang='lat' dir='ltr'>aegrotum.</span> <span class='ocrx_word' id='word_1_57' title='bbox 418 686 540 724; x_wconf 88' lang='lat' dir='ltr'>Mitto</span> <span class='ocrx_word' id='word_1_58' title='bbox 562 685 749 723; x_wconf 89' lang='lat' dir='ltr'>libellum</span> <span class='ocrx_word' id='word_1_59' title='bbox 770 685 815 722; x_wconf 89' lang='lat' dir='ltr'>in</span> <span class='ocrx_word' id='word_1_60' title='bbox 835 685 983 722; x_wconf 89' lang='lat' dir='ltr'>morbo</span> <span class='ocrx_word' id='word_1_61' title='bbox 1010 687 1156 722; x_wconf 85' lang='lat' dir='ltr'>natum</span> <span class='ocrx_word' id='word_1_62' title='bbox 1177 699 1185 731; x_wconf 93' lang='grc'><strong>;</strong></span> <span class='ocrx_word' id='word_1_63' title='bbox 1216 696 1316 721; x_wconf 85' lang='lat' dir='ltr'>nam</span> <span class='ocrx_word' id='word_1_64' title='bbox 1344 683 1421 721; x_wconf 89' lang='lat' dir='ltr'>sub</span> <span class='ocrx_word' id='word_1_65' title='bbox 1447 683 1575 720; x_wconf 90' lang='lat' dir='ltr'>finem</span> <span class='ocrx_word' id='word_1_66' title='bbox 1600 681 1734 731; x_wconf 84' lang='lat' dir='ltr'>operis</span> <span class='ocrx_word' id='word_1_67' title='bbox 1753 690 1771 722; x_wconf 90' lang='lat'>5</span> 
     </span>
     <span class='ocr_line' id='line_1_9' title="bbox 126 736 1733 787; baseline -0.003 -9"><span class='ocrx_word' id='word_1_68' title='bbox 126 741 279 779; x_wconf 87' lang='lat' dir='ltr'>inuasit</span> <span class='ocrx_word' id='word_1_69' title='bbox 298 754 365 778; x_wconf 91' lang='lat' dir='ltr'>me</span> <span class='ocrx_word' id='word_1_70' title='bbox 385 739 523 778; x_wconf 88' lang='lat' dir='ltr'>subito</span> <span class='ocrx_word' id='word_1_71' title='bbox 543 740 642 778; x_wconf 84' lang='lat' dir='ltr'>mali</span> <span class='ocrx_word' id='word_1_72' title='bbox 663 739 727 777; x_wconf 87' lang='lat' dir='ltr'>vis</span> <span class='ocrx_word' id='word_1_73' title='bbox 748 740 865 777; x_wconf 84' lang='lat' dir='ltr'>tanta</span> <span class='ocrx_word' id='word_1_74' title='bbox 884 740 930 776; x_wconf 90' lang='lat' dir='ltr'>vt</span> <span class='ocrx_word' id='word_1_75' title='bbox 951 738 1186 787; x_wconf 86' lang='lat' dir='ltr'>Epistolam</span> <span class='ocrx_word' id='word_1_76' title='bbox 1207 738 1337 776; x_wconf 83' lang='lat' dir='ltr'>Iudae</span> <span class='ocrx_word' id='word_1_77' title='bbox 1364 751 1408 775; x_wconf 89' lang='lat' dir='ltr'>ac</span> <span class='ocrx_word' id='word_1_78' title='bbox 1434 736 1733 786; x_wconf 72' lang='lat' dir='ltr'>praefationem</span> 
     </span>
     <span class='ocr_line' id='line_1_10' title="bbox 125 790 1728 843; baseline -0.003 -10"><span class='ocrx_word' id='word_1_79' title='bbox 125 795 195 833; x_wconf 83' lang='lat' dir='ltr'>vix</span> <span class='ocrx_word' id='word_1_80' title='bbox 217 795 472 833; x_wconf 88' lang='lat' dir='ltr'>dictauerim.</span> <span class='ocrx_word' id='word_1_81' title='bbox 525 794 668 831; x_wconf 81' lang='lat' dir='ltr'>Febris</span> <span class='ocrx_word' id='word_1_82' title='bbox 687 794 855 843; x_wconf 88' lang='lat' dir='ltr'>quidem</span> <span class='ocrx_word' id='word_1_83' title='bbox 877 793 1049 843; x_wconf 85' lang='lat' dir='ltr'>depulsa</span> <span class='ocrx_word' id='word_1_84' title='bbox 1070 795 1144 839; x_wconf 86' lang='lat' dir='ltr'>est,</span> <span class='ocrx_word' id='word_1_85' title='bbox 1165 793 1234 830; x_wconf 87' lang='lat' dir='ltr'>sed</span> <span class='ocrx_word' id='word_1_86' title='bbox 1259 791 1417 842; x_wconf 82' lang='lat' dir='ltr'>corpori</span> <span class='ocrx_word' id='word_1_87' title='bbox 1438 792 1548 829; x_wconf 85' lang='lat' dir='ltr'>vires</span> <span class='ocrx_word' id='word_1_88' title='bbox 1566 790 1728 829; x_wconf 87' lang='lat' dir='ltr'>absunt.</span> 
     </span>
    </p>

    <p class='ocr_par' dir='ltr' id='par_1_4' title="bbox 179 848 838 896">
     <span class='ocr_line' id='line_1_11' title="bbox 179 848 838 896; baseline -0.003 -9"><span class='ocrx_word' id='word_1_89' title='bbox 179 849 295 888; x_wconf 85' lang='lat' dir='ltr'>Bene</span> <span class='ocrx_word' id='word_1_90' title='bbox 314 849 417 896; x_wconf 87' lang='lat' dir='ltr'>vale⁷</span> <span class='ocrx_word' id='word_1_91' title='bbox 440 849 566 886; x_wconf 88' lang='lat' dir='ltr'>Pater</span> <span class='ocrx_word' id='word_1_92' title='bbox 586 848 838 886; x_wconf 87' lang='lat' dir='ltr'>honorande.</span> 
     </span>
    </p>
   </div>
   <div class='ocr_carea' id='block_1_4' title="bbox 537 1033 1327 1075">
    <p class='ocr_par' dir='ltr' id='par_1_5' title="bbox 537 1033 1327 1075">
     <span class='ocr_line' id='line_1_12' title="bbox 537 1033 1327 1075; baseline -0.001 -1"><span class='ocrx_word' id='word_1_93' title='bbox 537 1035 661 1074; x_wconf 87' lang='grc'><strong>1117.</strong></span> <span class='ocrx_word' id='word_1_94' title='bbox 725 1033 790 1074; x_wconf 87' lang='lat' dir='ltr'>To</span> <span class='ocrx_word' id='word_1_95' title='bbox 822 1033 1082 1075; x_wconf 77' lang='lat' dir='ltr'>GERMANUS</span> <span class='ocrx_word' id='word_1_96' title='bbox 1113 1033 1327 1074; x_wconf 73' lang='lat' dir='ltr'>Bmxms.</span> 
     </span>
    </p>
   </div>
   <div class='ocr_carea' id='block_1_5' title="bbox 173 1148 1687 1253">
    <p class='ocr_par' dir='ltr' id='par_1_6' title="bbox 173 1148 1687 1253">
     <span class='ocr_line' id='line_1_13' title="bbox 173 1148 1640 1196; baseline -0.002 -12"><span class='ocrx_word' id='word_1_97' title='bbox 173 1149 369 1195; x_wconf 85' lang='lat' dir='ltr'>Epistolae</span> <span class='ocrx_word' id='word_1_98' title='bbox 388 1150 435 1184; x_wconf 83' lang='lat' dir='ltr'>ad</span> <span class='ocrx_word' id='word_1_99' title='bbox 453 1149 620 1185; x_wconf 85' lang='lat' dir='ltr'>diuersos</span> <span class='ocrx_word' id='word_1_100' title='bbox 638 1163 674 1196; x_wconf 89' lang='lat' dir='ltr'>p.</span> <span class='ocrx_word' id='word_1_101' title='bbox 696 1151 774 1194; x_wconf 86' lang='lat'>518.</span> <span class='ocrx_word' id='word_1_102' title='bbox 1449 1148 1640 1191; x_wconf 89' lang='lat' dir='ltr'>Antwerp.</span> 
     </span>
     <span class='ocr_line' id='line_1_14' title="bbox 173 1207 1687 1253; baseline 0 -11"><span class='ocrx_word' id='word_1_103' title='bbox 173 1207 269 1243; x_wconf 90' lang='lat' dir='ltr'>HN:</span> <span class='ocrx_word' id='word_1_104' title='bbox 297 1208 415 1244; x_wconf 87' lang='lat' dir='ltr'>Lond.</span> <span class='ocrx_word' id='word_1_105' title='bbox 432 1207 513 1243; x_wconf 87' lang='lat' dir='ltr'>xiii.</span> <span class='ocrx_word' id='word_1_106' title='bbox 534 1217 604 1253; x_wconf 87' lang='lat'>35:</span> <span class='ocrx_word' id='word_1_107' title='bbox 632 1208 705 1243; x_wconf 90' lang='lat' dir='ltr'>LB.</span> <span class='ocrx_word' id='word_1_108' title='bbox 729 1217 807 1253; x_wconf 86' lang='lat'>511.</span> <span class='ocrx_word' id='word_1_109' title='bbox 1402 1217 1444 1252; x_wconf 81' lang='lat'>25</span> <span class='ocrx_word' id='word_1_110' title='bbox 1464 1207 1564 1242; x_wconf 79' lang='lat' dir='ltr'>June</span> <span class='ocrx_word' id='word_1_111' title='bbox 1587 1216 1687 1251; x_wconf 86' lang='lat'>1520.</span> 
     </span>
    </p>
   </div>
   <div class='ocr_carea' id='block_1_6' title="bbox 126 1313 1737 2841">
    <p class='ocr_par' dir='ltr' id='par_1_7' title="bbox 171 1313 1148 1356">
     <span class='ocr_line' id='line_1_15' title="bbox 171 1313 1148 1356; baseline -0.002 -11"><span class='ocrx_word' id='word_1_112' title='bbox 171 1315 260 1356; x_wconf 84' lang='lat' dir='ltr'>[The</span> <span class='ocrx_word' id='word_1_113' title='bbox 277 1314 378 1345; x_wconf 88' lang='lat' dir='ltr'>dates</span> <span class='ocrx_word' id='word_1_114' title='bbox 394 1324 453 1344; x_wconf 89' lang='lat' dir='ltr'>are</span> <span class='ocrx_word' id='word_1_115' title='bbox 469 1314 594 1353; x_wconf 85' lang='lat' dir='ltr'>amply</span> <span class='ocrx_word' id='word_1_116' title='bbox 610 1313 808 1344; x_wconf 84' lang='lat' dir='ltr'>confirmed</span> <span class='ocrx_word' id='word_1_117' title='bbox 825 1314 872 1353; x_wconf 87' lang='lat' dir='ltr'>by</span> <span class='ocrx_word' id='word_1_118' title='bbox 888 1313 951 1344; x_wconf 91' lang='lat' dir='ltr'>the</span> <span class='ocrx_word' id='word_1_119' title='bbox 969 1314 1148 1343; x_wconf 85' lang='lat' dir='ltr'>contents.</span> 
     </span>
    </p>

    <p class='ocr_par' dir='ltr' id='par_1_8' title="bbox 126 1355 1737 1880">
     <span class='ocr_line' id='line_1_16' title="bbox 170 1355 1735 1398; baseline -0.003 -9"><span class='ocrx_word' id='word_1_120' title='bbox 170 1359 351 1389; x_wconf 87' lang='lat' dir='ltr'>Erasmus&#39;</span> <span class='ocrx_word' id='word_1_121' title='bbox 368 1360 513 1398; x_wconf 79' lang='lat' dir='ltr'>present</span> <span class='ocrx_word' id='word_1_122' title='bbox 528 1367 680 1398; x_wconf 88' lang='lat' dir='ltr'>purpose</span> <span class='ocrx_word' id='word_1_123' title='bbox 697 1358 737 1387; x_wconf 88' lang='lat' dir='ltr'>in</span> <span class='ocrx_word' id='word_1_124' title='bbox 752 1358 860 1397; x_wconf 85' lang='lat' dir='ltr'>going</span> <span class='ocrx_word' id='word_1_125' title='bbox 876 1359 912 1388; x_wconf 86' lang='lat' dir='ltr'>to</span> <span class='ocrx_word' id='word_1_126' title='bbox 929 1358 1106 1396; x_wconf 86' lang='lat' dir='ltr'>Antwerp</span> <span class='ocrx_word' id='word_1_127' title='bbox 1129 1366 1204 1387; x_wconf 85' lang='lat' dir='ltr'>was</span> <span class='ocrx_word' id='word_1_128' title='bbox 1226 1355 1381 1396; x_wconf 86' lang='lat' dir='ltr'>perhaps</span> <span class='ocrx_word' id='word_1_129' title='bbox 1405 1359 1442 1386; x_wconf 90' lang='lat' dir='ltr'>to</span> <span class='ocrx_word' id='word_1_130' title='bbox 1465 1356 1583 1386; x_wconf 86' lang='lat' dir='ltr'>throw</span> <span class='ocrx_word' id='word_1_131' title='bbox 1601 1356 1651 1385; x_wconf 85' lang='lat' dir='ltr'>off</span> <span class='ocrx_word' id='word_1_132' title='bbox 1672 1355 1735 1385; x_wconf 89' lang='lat' dir='ltr'>the</span> 
     </span>
     <span class='ocr_line' id='line_1_17' title="bbox 127 1399 1737 1441; baseline -0.002 -8"><span class='ocrx_word' id='word_1_133' title='bbox 127 1402 249 1433; x_wconf 82' lang='lat' dir='ltr'>effects</span> <span class='ocrx_word' id='word_1_134' title='bbox 266 1402 304 1432; x_wconf 87' lang='lat' dir='ltr'>of</span> <span class='ocrx_word' id='word_1_135' title='bbox 323 1403 382 1432; x_wconf 90' lang='lat' dir='ltr'>his</span> <span class='ocrx_word' id='word_1_136' title='bbox 407 1403 532 1432; x_wconf 85' lang='lat' dir='ltr'>recent</span> <span class='ocrx_word' id='word_1_137' title='bbox 555 1401 682 1432; x_wconf 90' lang='lat' dir='ltr'>illness</span> <span class='ocrx_word' id='word_1_138' title='bbox 706 1401 778 1441; x_wconf 82' lang='lat' dir='ltr'>(see</span> <span class='ocrx_word' id='word_1_139' title='bbox 805 1412 838 1441; x_wconf 92' lang='lat' dir='ltr'>p.</span> <span class='ocrx_word' id='word_1_140' title='bbox 858 1400 949 1439; x_wconf 84' lang='lat'>283).</span> <span class='ocrx_word' id='word_1_141' title='bbox 999 1400 1055 1431; x_wconf 88' lang='lat' dir='ltr'>He</span> <span class='ocrx_word' id='word_1_142' title='bbox 1080 1400 1207 1440; x_wconf 87' lang='lat' dir='ltr'>stayed</span> <span class='ocrx_word' id='word_1_143' title='bbox 1235 1410 1283 1430; x_wconf 91' lang='lat' dir='ltr'>no</span> <span class='ocrx_word' id='word_1_144' title='bbox 1307 1400 1418 1430; x_wconf 86' lang='lat' dir='ltr'>doubt</span> <span class='ocrx_word' id='word_1_145' title='bbox 1443 1400 1534 1430; x_wconf 86' lang='lat' dir='ltr'>with</span> <span class='ocrx_word' id='word_1_146' title='bbox 1564 1399 1627 1430; x_wconf 90' lang='lat' dir='ltr'>the</span> <span class='ocrx_word' id='word_1_147' title='bbox 1655 1408 1737 1429; x_wconf 87' lang='lat' dir='ltr'>ever</span> 
     </span>
     <span class='ocr_line' id='line_1_18' title="bbox 127 1443 1735 1485; baseline -0.002 -9"><span class='ocrx_word' id='word_1_148' title='bbox 127 1445 328 1485; x_wconf 86' lang='lat' dir='ltr'>hospitable</span> <span class='ocrx_word' id='word_1_149' title='bbox 345 1445 470 1477; x_wconf 78' lang='lat' dir='ltr'>Gilles.</span> <span class='ocrx_word' id='word_1_150' title='bbox 519 1445 647 1475; x_wconf 88' lang='lat' dir='ltr'>Either</span> <span class='ocrx_word' id='word_1_151' title='bbox 664 1455 709 1475; x_wconf 93' lang='lat' dir='ltr'>on</span> <span class='ocrx_word' id='word_1_152' title='bbox 726 1445 804 1475; x_wconf 91' lang='lat' dir='ltr'>this</span> <span class='ocrx_word' id='word_1_153' title='bbox 820 1445 994 1484; x_wconf 84' lang='lat' dir='ltr'>occasion,</span> <span class='ocrx_word' id='word_1_154' title='bbox 1014 1454 1053 1474; x_wconf 89' lang='lat' dir='ltr'>or</span> <span class='ocrx_word' id='word_1_155' title='bbox 1075 1444 1183 1475; x_wconf 87' lang='lat' dir='ltr'>when</span> <span class='ocrx_word' id='word_1_156' title='bbox 1211 1443 1257 1474; x_wconf 85' lang='lat' dir='ltr'>he</span> <span class='ocrx_word' id='word_1_157' title='bbox 1280 1454 1354 1474; x_wconf 86' lang='lat' dir='ltr'>was</span> <span class='ocrx_word' id='word_1_158' title='bbox 1377 1445 1414 1474; x_wconf 89' lang='lat' dir='ltr'>at</span> <span class='ocrx_word' id='word_1_159' title='bbox 1440 1444 1615 1482; x_wconf 74' lang='lat' dir='ltr'>Antwerp</span> <span class='ocrx_word' id='word_1_160' title='bbox 1631 1443 1735 1482; x_wconf 84' lang='lat' dir='ltr'>again</span> 
     </span>
     <span class='ocr_line' id='line_1_19' title="bbox 127 1487 1735 1529; baseline -0.002 -9"><span class='ocrx_word' id='word_1_161' title='bbox 127 1491 167 1520; x_wconf 91' lang='lat' dir='ltr'>in</span> <span class='ocrx_word' id='word_1_162' title='bbox 183 1491 322 1529; x_wconf 77' lang='lat' dir='ltr'>August</span> <span class='ocrx_word' id='word_1_163' title='bbox 341 1490 389 1529; x_wconf 84' lang='lat' dir='ltr'>(p.</span> <span class='ocrx_word' id='word_1_164' title='bbox 408 1488 501 1529; x_wconf 86' lang='lat'>324),</span> <span class='ocrx_word' id='word_1_165' title='bbox 520 1489 566 1519; x_wconf 87' lang='lat' dir='ltr'>he</span> <span class='ocrx_word' id='word_1_166' title='bbox 582 1488 747 1519; x_wconf 84' lang='lat' dir='ltr'>received</span> <span class='ocrx_word' id='word_1_167' title='bbox 763 1498 784 1519; x_wconf 91' lang='lat' dir='ltr'>a</span> <span class='ocrx_word' id='word_1_168' title='bbox 798 1488 886 1519; x_wconf 84' lang='lat' dir='ltr'>visit</span> <span class='ocrx_word' id='word_1_169' title='bbox 902 1487 994 1519; x_wconf 88' lang='lat' dir='ltr'>from</span> <span class='ocrx_word' id='word_1_170' title='bbox 1011 1490 1084 1519; x_wconf 89' lang='lat' dir='ltr'>two</span> <span class='ocrx_word' id='word_1_171' title='bbox 1099 1488 1280 1527; x_wconf 72' lang='lat' dir='ltr'>delegate-s</span> <span class='ocrx_word' id='word_1_172' title='bbox 1296 1489 1377 1518; x_wconf 88' lang='lat' dir='ltr'>sent</span> <span class='ocrx_word' id='word_1_173' title='bbox 1394 1487 1441 1526; x_wconf 85' lang='lat' dir='ltr'>by</span> <span class='ocrx_word' id='word_1_174' title='bbox 1454 1487 1516 1518; x_wconf 90' lang='lat' dir='ltr'>the</span> <span class='ocrx_word' id='word_1_175' title='bbox 1534 1487 1735 1517; x_wconf 87' lang='lat' dir='ltr'>Bohemian</span> 
     </span>
     <span class='ocr_line' id='line_1_20' title="bbox 128 1530 1736 1573; baseline -0.004 -8"><span class='ocrx_word' id='word_1_176' title='bbox 128 1532 309 1565; x_wconf 77' lang='lat' dir='ltr'>Bfethren</span> <span class='ocrx_word' id='word_1_177' title='bbox 333 1533 412 1573; x_wconf 92' lang='lat' dir='ltr'>(Ep.</span> <span class='ocrx_word' id='word_1_178' title='bbox 436 1542 529 1563; x_wconf 85' lang='lat'>1021.</span> <span class='ocrx_word' id='word_1_179' title='bbox 548 1532 646 1572; x_wconf 76' lang='lat' dir='ltr'>95n),</span> <span class='ocrx_word' id='word_1_180' title='bbox 664 1532 747 1562; x_wconf 90' lang='lat' dir='ltr'>who</span> <span class='ocrx_word' id='word_1_181' title='bbox 762 1542 856 1563; x_wconf 85' lang='lat' dir='ltr'>were</span> <span class='ocrx_word' id='word_1_182' title='bbox 880 1531 1156 1562; x_wconf 78' lang='lat' dir='ltr'>commissioned</span> <span class='ocrx_word' id='word_1_183' title='bbox 1181 1534 1219 1562; x_wconf 89' lang='lat' dir='ltr'>to</span> <span class='ocrx_word' id='word_1_184' title='bbox 1238 1531 1340 1562; x_wconf 86' lang='lat' dir='ltr'>show</span> <span class='ocrx_word' id='word_1_185' title='bbox 1364 1531 1441 1561; x_wconf 88' lang='lat' dir='ltr'>him</span> <span class='ocrx_word' id='word_1_186' title='bbox 1465 1541 1486 1561; x_wconf 88' lang='lat' dir='ltr'>a</span> <span class='ocrx_word' id='word_1_187' title='bbox 1509 1541 1600 1570; x_wconf 89' lang='lat' dir='ltr'>copy</span> <span class='ocrx_word' id='word_1_188' title='bbox 1615 1531 1653 1560; x_wconf 88' lang='lat' dir='ltr'>of</span> <span class='ocrx_word' id='word_1_189' title='bbox 1674 1530 1736 1560; x_wconf 83' lang='lat' dir='ltr'>the</span> 
     </span>
     <span class='ocr_line' id='line_1_21' title="bbox 126 1574 1737 1616; baseline -0.002 -9"><span class='ocrx_word' id='word_1_190' title='bbox 126 1579 277 1615; x_wconf 70' lang='lat' dir='ltr'>Apoloyz&#39;a</span> <span class='ocrx_word' id='word_1_191' title='bbox 293 1577 348 1607; x_wconf 87' lang='lat' dir='ltr'>for</span> <span class='ocrx_word' id='word_1_192' title='bbox 364 1577 462 1607; x_wconf 88' lang='lat' dir='ltr'>their</span> <span class='ocrx_word' id='word_1_193' title='bbox 476 1577 634 1616; x_wconf 89' lang='lat' dir='ltr'>position</span> <span class='ocrx_word' id='word_1_194' title='bbox 651 1576 838 1615; x_wconf 88' lang='lat' dir='ltr'>composed</span> <span class='ocrx_word' id='word_1_195' title='bbox 862 1576 908 1616; x_wconf 85' lang='lat' dir='ltr'>by</span> <span class='ocrx_word' id='word_1_196' title='bbox 929 1575 1148 1606; x_wconf 82' lang='lat' dir='ltr'>themselves</span> <span class='ocrx_word' id='word_1_197' title='bbox 1170 1576 1210 1605; x_wconf 92' lang='lat' dir='ltr'>in</span> <span class='ocrx_word' id='word_1_198' title='bbox 1238 1584 1333 1614; x_wconf 88' lang='lat'>1507,</span> <span class='ocrx_word' id='word_1_199' title='bbox 1352 1575 1423 1605; x_wconf 86' lang='lat' dir='ltr'>and</span> <span class='ocrx_word' id='word_1_200' title='bbox 1451 1577 1488 1605; x_wconf 89' lang='lat' dir='ltr'>to</span> <span class='ocrx_word' id='word_1_201' title='bbox 1512 1574 1576 1605; x_wconf 79' lang='lat' dir='ltr'>ask</span> <span class='ocrx_word' id='word_1_202' title='bbox 1601 1574 1656 1604; x_wconf 88' lang='lat' dir='ltr'>for</span> <span class='ocrx_word' id='word_1_203' title='bbox 1678 1574 1737 1604; x_wconf 79' lang='lat' dir='ltr'>bis·</span> 
     </span>
     <span class='ocr_line' id='line_1_22' title="bbox 129 1617 1737 1662; baseline -0.002 -11"><span class='ocrx_word' id='word_1_204' title='bbox 129 1621 278 1662; x_wconf 85' lang='lat' dir='ltr'>opinion</span> <span class='ocrx_word' id='word_1_205' title='bbox 305 1620 342 1651; x_wconf 88' lang='lat' dir='ltr'>of</span> <span class='ocrx_word' id='word_1_206' title='bbox 362 1621 402 1651; x_wconf 90' lang='lat' dir='ltr'>it.</span> <span class='ocrx_word' id='word_1_207' title='bbox 451 1621 567 1660; x_wconf 88' lang='lat' dir='ltr'>Apart</span> <span class='ocrx_word' id='word_1_208' title='bbox 590 1619 685 1650; x_wconf 84' lang='lat' dir='ltr'>from</span> <span class='ocrx_word' id='word_1_209' title='bbox 708 1620 772 1650; x_wconf 88' lang='lat' dir='ltr'>the</span> <span class='ocrx_word' id='word_1_210' title='bbox 796 1619 892 1650; x_wconf 85' lang='lat' dir='ltr'>brief</span> <span class='ocrx_word' id='word_1_211' title='bbox 912 1619 1078 1650; x_wconf 85' lang='lat' dir='ltr'>mention</span> <span class='ocrx_word' id='word_1_212' title='bbox 1102 1619 1143 1649; x_wconf 92' lang='lat' dir='ltr'>in</span> <span class='ocrx_word' id='word_1_213' title='bbox 1170 1619 1234 1659; x_wconf 90' lang='lat' dir='ltr'>Ep.</span> <span class='ocrx_word' id='word_1_214' title='bbox 1264 1619 1358 1657; x_wconf 85' lang='lat'>1183.</span> <span class='ocrx_word' id='word_1_215' title='bbox 1388 1629 1417 1657; x_wconf 83' lang='lat'>7,</span> <span class='ocrx_word' id='word_1_216' title='bbox 1439 1619 1561 1649; x_wconf 82' lang='lat' dir='ltr'>which</span> <span class='ocrx_word' id='word_1_217' title='bbox 1584 1617 1737 1658; x_wconf 78' lang='lat' dir='ltr'>roughly</span> 
     </span>
     <span class='ocr_line' id='line_1_23' title="bbox 128 1662 1737 1703; baseline -0.002 -8"><span class='ocrx_word' id='word_1_218' title='bbox 128 1664 306 1695; x_wconf 86' lang='lat' dir='ltr'>indicates</span> <span class='ocrx_word' id='word_1_219' title='bbox 321 1664 383 1695; x_wconf 86' lang='lat' dir='ltr'>the</span> <span class='ocrx_word' id='word_1_220' title='bbox 399 1663 494 1701; x_wconf 87' lang='lat' dir='ltr'>date,</span> <span class='ocrx_word' id='word_1_221' title='bbox 511 1664 576 1694; x_wconf 88' lang='lat' dir='ltr'>the</span> <span class='ocrx_word' id='word_1_222' title='bbox 597 1664 684 1703; x_wconf 87' lang='lat' dir='ltr'>only</span> <span class='ocrx_word' id='word_1_223' title='bbox 699 1673 822 1694; x_wconf 86' lang='lat' dir='ltr'>source</span> <span class='ocrx_word' id='word_1_224' title='bbox 849 1663 905 1694; x_wconf 87' lang='lat' dir='ltr'>for</span> <span class='ocrx_word' id='word_1_225' title='bbox 930 1663 1008 1694; x_wconf 84' lang='lat' dir='ltr'>this</span> <span class='ocrx_word' id='word_1_226' title='bbox 1034 1663 1200 1694; x_wconf 87' lang='lat' dir='ltr'>incident</span> <span class='ocrx_word' id='word_1_227' title='bbox 1223 1663 1253 1693; x_wconf 87' lang='lat' dir='ltr'>is</span> <span class='ocrx_word' id='word_1_228' title='bbox 1269 1663 1307 1692; x_wconf 92' lang='lat' dir='ltr'>in</span> <span class='ocrx_word' id='word_1_229' title='bbox 1326 1673 1347 1692; x_wconf 89' lang='lat' dir='ltr'>a</span> <span class='ocrx_word' id='word_1_230' title='bbox 1362 1664 1522 1693; x_wconf 65' lang='lat' dir='ltr'>strorica</span> <span class='ocrx_word' id='word_1_231' title='bbox 1535 1665 1678 1692; x_wconf 78' lang='lat' dir='ltr'>narratio</span> <span class='ocrx_word' id='word_1_232' title='bbox 1699 1662 1737 1692; x_wconf 78' lang='lat' dir='ltr'>de</span> 
     </span>
     <span class='ocr_line' id='line_1_24' title="bbox 127 1705 1735 1747; baseline -0.002 -8"><span class='ocrx_word' id='word_1_233' title='bbox 127 1711 278 1739; x_wconf 79' lang='lat' dir='ltr'>Fratrum</span> <span class='ocrx_word' id='word_1_234' title='bbox 300 1710 536 1738; x_wconf 70' lang='lat' dir='ltr'>orthodoxorum</span> <span class='ocrx_word' id='word_1_235' title='bbox 558 1709 690 1738; x_wconf 81' lang='lat' dir='ltr'>ecclesiis</span> <span class='ocrx_word' id='word_1_236' title='bbox 712 1710 748 1738; x_wconf 80' lang='lat' dir='ltr'>in</span> <span class='ocrx_word' id='word_1_237' title='bbox 770 1709 931 1747; x_wconf 80' lang='lat' dir='ltr'>Bohemz&#39;a,</span> <span class='ocrx_word' id='word_1_238' title='bbox 948 1710 1100 1738; x_wconf 76' lang='lat' dir='ltr'>Morauia</span> <span class='ocrx_word' id='word_1_239' title='bbox 1121 1710 1149 1737; x_wconf 79' lang='lat' dir='ltr'>et</span> <span class='ocrx_word' id='word_1_240' title='bbox 1169 1709 1306 1746; x_wconf 68' lang='grc' dir='ltr'><em>Ροῑονιϊα,</em></span> <span class='ocrx_word' id='word_1_241' title='bbox 1324 1706 1475 1738; x_wconf 85' lang='lat' dir='ltr'>written</span> <span class='ocrx_word' id='word_1_242' title='bbox 1501 1707 1547 1745; x_wconf 89' lang='lat' dir='ltr'>by</span> <span class='ocrx_word' id='word_1_243' title='bbox 1570 1705 1592 1736; x_wconf 83' lang='lat' dir='ltr'><strong>J</strong></span> <span class='ocrx_word' id='word_1_244' title='bbox 1595 1705 1735 1736; x_wconf 85' lang='lat' dir='ltr'>oachim</span> 
     </span>
     <span class='ocr_line' id='line_1_25' title="bbox 127 1750 1733 1792; baseline -0.001 -9"><span class='ocrx_word' id='word_1_245' title='bbox 127 1753 352 1783; x_wconf 83' lang='lat' dir='ltr'>Camerarius</span> <span class='ocrx_word' id='word_1_246' title='bbox 365 1752 426 1782; x_wconf 85' lang='lat' dir='ltr'>the</span> <span class='ocrx_word' id='word_1_247' title='bbox 439 1751 540 1783; x_wconf 85' lang='lat' dir='ltr'>elder</span> <span class='ocrx_word' id='word_1_248' title='bbox 553 1751 791 1792; x_wconf 78' lang='lat'>(1500-1574),</span> <span class='ocrx_word' id='word_1_249' title='bbox 809 1751 882 1782; x_wconf 86' lang='lat' dir='ltr'>and</span> <span class='ocrx_word' id='word_1_250' title='bbox 898 1751 1018 1782; x_wconf 89' lang='lat' dir='ltr'>edited</span> <span class='ocrx_word' id='word_1_251' title='bbox 1036 1751 1085 1791; x_wconf 87' lang='lat' dir='ltr'>by</span> <span class='ocrx_word' id='word_1_252' title='bbox 1099 1751 1159 1781; x_wconf 90' lang='lat' dir='ltr'>his</span> <span class='ocrx_word' id='word_1_253' title='bbox 1174 1751 1355 1790; x_wconf 84' lang='lat' dir='ltr'>grandson</span> <span class='ocrx_word' id='word_1_254' title='bbox 1372 1750 1490 1789; x_wconf 88' lang='lat' dir='ltr'>Louis,</span> <span class='ocrx_word' id='word_1_255' title='bbox 1507 1750 1733 1789; x_wconf 82' lang='lat' dir='ltr'>Heidelberg.</span> 
     </span>
     <span class='ocr_line' id='line_1_26' title="bbox 127 1793 1736 1835; baseline -0.002 -8"><span class='ocrx_word' id='word_1_256' title='bbox 127 1796 309 1835; x_wconf 82' lang='lat' dir='ltr'>Voegelin,</span> <span class='ocrx_word' id='word_1_257' title='bbox 329 1806 357 1827; x_wconf 91' lang='lat' dir='ltr'>c.</span> <span class='ocrx_word' id='word_1_258' title='bbox 380 1805 394 1825; x_wconf 94' lang='lat'>1</span> <span class='ocrx_word' id='word_1_259' title='bbox 413 1796 493 1826; x_wconf 82' lang='lat' dir='ltr'>Jan.</span> <span class='ocrx_word' id='word_1_260' title='bbox 517 1796 611 1834; x_wconf 87' lang='lat'>1605,</span> <span class='ocrx_word' id='word_1_261' title='bbox 637 1804 694 1834; x_wconf 92' lang='lat' dir='ltr'>pp.</span> <span class='ocrx_word' id='word_1_262' title='bbox 725 1796 840 1833; x_wconf 84' lang='lat'>124-6.</span> <span class='ocrx_word' id='word_1_263' title='bbox 889 1795 940 1826; x_wconf 89' lang='lat' dir='ltr'>As</span> <span class='ocrx_word' id='word_1_264' title='bbox 966 1795 1029 1826; x_wconf 87' lang='lat' dir='ltr'>the</span> <span class='ocrx_word' id='word_1_265' title='bbox 1057 1795 1200 1835; x_wconf 86' lang='lat' dir='ltr'>episode</span> <span class='ocrx_word' id='word_1_266' title='bbox 1225 1795 1256 1824; x_wconf 89' lang='lat' dir='ltr'>is</span> <span class='ocrx_word' id='word_1_267' title='bbox 1280 1795 1468 1825; x_wconf 85' lang='lat' dir='ltr'>unknown</span> <span class='ocrx_word' id='word_1_268' title='bbox 1496 1796 1532 1825; x_wconf 84' lang='lat' dir='ltr'>to</span> <span class='ocrx_word' id='word_1_269' title='bbox 1555 1793 1736 1824; x_wconf 80' lang='lat' dir='ltr'>Erasmus&#39;</span> 
     </span>
     <span class='ocr_line' id='line_1_27' title="bbox 129 1838 1000 1880; baseline 0 -10"><span class='ocrx_word' id='word_1_270' title='bbox 129 1840 368 1879; x_wconf 82' lang='lat' dir='ltr'>biographers,</span> <span class='ocrx_word' id='word_1_271' title='bbox 389 1841 420 1870; x_wconf 90' lang='lat' dir='ltr'>it</span> <span class='ocrx_word' id='word_1_272' title='bbox 438 1849 523 1880; x_wconf 86' lang='lat' dir='ltr'>may</span> <span class='ocrx_word' id='word_1_273' title='bbox 539 1840 582 1869; x_wconf 92' lang='lat' dir='ltr'>be</span> <span class='ocrx_word' id='word_1_274' title='bbox 599 1838 730 1876; x_wconf 88' lang='lat' dir='ltr'>quoted</span> <span class='ocrx_word' id='word_1_275' title='bbox 748 1839 835 1870; x_wconf 88' lang='lat' dir='ltr'>here</span> <span class='ocrx_word' id='word_1_276' title='bbox 852 1840 892 1869; x_wconf 94' lang='lat' dir='ltr'>in</span> <span class='ocrx_word' id='word_1_277' title='bbox 909 1838 1000 1870; x_wconf 86' lang='lat' dir='ltr'>full:</span> 
     </span>
    </p>

    <p class='ocr_par' dir='ltr' id='par_1_9' title="bbox 129 1881 1737 2404">
     <span class='ocr_line' id='line_1_28' title="bbox 175 1881 1736 1923; baseline -0.002 -9"><span class='ocrx_word' id='word_1_278' title='bbox 175 1886 182 1900; x_wconf 89' lang='lat'>‘</span> <span class='ocrx_word' id='word_1_279' title='bbox 197 1883 328 1923; x_wconf 81' lang='lat' dir='ltr'>Magna</span> <span class='ocrx_word' id='word_1_280' title='bbox 343 1883 590 1914; x_wconf 86' lang='lat' dir='ltr'>afficiebantur</span> <span class='ocrx_word' id='word_1_281' title='bbox 605 1882 748 1913; x_wconf 84' lang='lat' dir='ltr'>Fratres</span> <span class='ocrx_word' id='word_1_282' title='bbox 764 1882 915 1922; x_wconf 87' lang='lat' dir='ltr'>laetitia,</span> <span class='ocrx_word' id='word_1_283' title='bbox 929 1882 1071 1922; x_wconf 89' lang='lat' dir='ltr'>quoties</span> <span class='ocrx_word' id='word_1_284' title='bbox 1083 1883 1346 1921; x_wconf 82' lang='lat' dir='ltr'>cognoscebant</span> <span class='ocrx_word' id='word_1_285' title='bbox 1361 1882 1501 1920; x_wconf 81' lang='lat' dir='ltr'>aliquos</span> <span class='ocrx_word' id='word_1_286' title='bbox 1511 1881 1644 1912; x_wconf 89' lang='lat' dir='ltr'>alicubi</span> <span class='ocrx_word' id='word_1_287' title='bbox 1661 1891 1736 1911; x_wconf 77' lang='lat' dir='ltr'>esse</span> 
     </span>
     <span class='ocr_line' id='line_1_29' title="bbox 129 1925 1736 1967; baseline -0.002 -9"><span class='ocrx_word' id='word_1_288' title='bbox 129 1927 193 1967; x_wconf 86' lang='lat' dir='ltr'>qui</span> <span class='ocrx_word' id='word_1_289' title='bbox 208 1927 399 1958; x_wconf 85' lang='lat' dir='ltr'>veritatem</span> <span class='ocrx_word' id='word_1_290' title='bbox 416 1927 604 1958; x_wconf 88' lang='lat' dir='ltr'>coelestem</span> <span class='ocrx_word' id='word_1_291' title='bbox 621 1936 663 1956; x_wconf 87' lang='lat' dir='ltr'>ex</span> <span class='ocrx_word' id='word_1_292' title='bbox 679 1926 802 1957; x_wconf 86' lang='lat' dir='ltr'>animo</span> <span class='ocrx_word' id='word_1_293' title='bbox 818 1927 1031 1957; x_wconf 87' lang='lat' dir='ltr'>adamarent</span> <span class='ocrx_word' id='word_1_294' title='bbox 1053 1927 1089 1957; x_wconf 89' lang='lat' dir='ltr'>et</span> <span class='ocrx_word' id='word_1_295' title='bbox 1113 1925 1277 1957; x_wconf 87' lang='lat' dir='ltr'>odissent</span> <span class='ocrx_word' id='word_1_296' title='bbox 1299 1926 1385 1957; x_wconf 85' lang='lat' dir='ltr'>huic</span> <span class='ocrx_word' id='word_1_297' title='bbox 1401 1925 1621 1956; x_wconf 87' lang='lat' dir='ltr'>contrariam</span> <span class='ocrx_word' id='word_1_298' title='bbox 1638 1925 1736 1955; x_wconf 74' lang='lat' dir='ltr'>falsi-</span> 
     </span>
     <span class='ocr_line' id='line_1_30' title="bbox 129 1969 1737 2009; baseline -0.002 -7"><span class='ocrx_word' id='word_1_299' title='bbox 129 1972 251 2002; x_wconf 83' lang='lat' dir='ltr'>tatem.</span> <span class='ocrx_word' id='word_1_300' title='bbox 298 1971 612 2001; x_wconf 88' lang='lat' dir='ltr'>Percrebrescente</span> <span class='ocrx_word' id='word_1_301' title='bbox 632 1971 756 2009; x_wconf 89' lang='lat' dir='ltr'>itaque</span> <span class='ocrx_word' id='word_1_302' title='bbox 777 1970 873 2001; x_wconf 83' lang='lat' dir='ltr'>fama</span> <span class='ocrx_word' id='word_1_303' title='bbox 901 1970 945 2001; x_wconf 87' lang='lat' dir='ltr'>de</span> <span class='ocrx_word' id='word_1_304' title='bbox 973 1970 1162 2000; x_wconf 90' lang='lat' dir='ltr'>Desiderio</span> <span class='ocrx_word' id='word_1_305' title='bbox 1190 1970 1336 2000; x_wconf 85' lang='lat' dir='ltr'>Erasmo</span> <span class='ocrx_word' id='word_1_306' title='bbox 1364 1969 1611 2007; x_wconf 79' lang='lat' dir='ltr'>Roterodamo,</span> <span class='ocrx_word' id='word_1_307' title='bbox 1629 1969 1737 1999; x_wconf 82' lang='lat' dir='ltr'>huius</span> 
     </span>
     <span class='ocr_line' id='line_1_31' title="bbox 130 2013 1736 2051; baseline -0.002 -6"><span class='ocrx_word' id='word_1_308' title='bbox 130 2025 202 2045; x_wconf 91' lang='lat' dir='ltr'>non</span> <span class='ocrx_word' id='word_1_309' title='bbox 220 2015 335 2045; x_wconf 78' lang='lat' dir='ltr'>solum</span> <span class='ocrx_word' id='word_1_310' title='bbox 352 2014 554 2045; x_wconf 85' lang='lat' dir='ltr'>doctrinam</span> <span class='ocrx_word' id='word_1_311' title='bbox 571 2015 607 2044; x_wconf 89' lang='lat' dir='ltr'>et</span> <span class='ocrx_word' id='word_1_312' title='bbox 624 2013 865 2044; x_wconf 88' lang='lat' dir='ltr'>eruditionem</span> <span class='ocrx_word' id='word_1_313' title='bbox 883 2015 1061 2045; x_wconf 87' lang='lat' dir='ltr'>bonarum</span> <span class='ocrx_word' id='word_1_314' title='bbox 1084 2014 1274 2044; x_wconf 86' lang='lat' dir='ltr'>literarum</span> <span class='ocrx_word' id='word_1_315' title='bbox 1297 2015 1334 2044; x_wconf 84' lang='lat' dir='ltr'>et</span> <span class='ocrx_word' id='word_1_316' title='bbox 1358 2013 1491 2044; x_wconf 84' lang='lat' dir='ltr'>artium</span> <span class='ocrx_word' id='word_1_317' title='bbox 1517 2013 1736 2051; x_wconf 82' lang='lat' dir='ltr'>celebrante,</span> 
     </span>
     <span class='ocr_line' id='line_1_32' title="bbox 129 2056 1736 2098; baseline -0.002 -9"><span class='ocrx_word' id='word_1_318' title='bbox 129 2058 189 2089; x_wconf 81' lang='lat' dir='ltr'>sed</span> <span class='ocrx_word' id='word_1_319' title='bbox 207 2058 359 2089; x_wconf 83' lang='lat' dir='ltr'>summis</span> <span class='ocrx_word' id='word_1_320' title='bbox 375 2059 486 2089; x_wconf 87' lang='lat' dir='ltr'>etiam</span> <span class='ocrx_word' id='word_1_321' title='bbox 503 2057 672 2089; x_wconf 89' lang='lat' dir='ltr'>laudibus</span> <span class='ocrx_word' id='word_1_322' title='bbox 687 2057 884 2088; x_wconf 77' lang='lat' dir='ltr'>extollente</span> <span class='ocrx_word' id='word_1_323' title='bbox 899 2058 1046 2098; x_wconf 87' lang='lat' dir='ltr'>pietatis</span> <span class='ocrx_word' id='word_1_324' title='bbox 1061 2058 1096 2088; x_wconf 88' lang='lat' dir='ltr'>et</span> <span class='ocrx_word' id='word_1_325' title='bbox 1114 2057 1297 2096; x_wconf 86' lang='lat' dir='ltr'>religionis</span> <span class='ocrx_word' id='word_1_326' title='bbox 1319 2067 1424 2088; x_wconf 85' lang='lat' dir='ltr'>verae</span> <span class='ocrx_word' id='word_1_327' title='bbox 1448 2056 1611 2087; x_wconf 88' lang='lat' dir='ltr'>studium</span> <span class='ocrx_word' id='word_1_328' title='bbox 1629 2057 1736 2095; x_wconf 88' lang='lat' dir='ltr'>atque</span> 
     </span>
     <span class='ocr_line' id='line_1_33' title="bbox 130 2100 1736 2141; baseline -0.002 -8"><span class='ocrx_word' id='word_1_329' title='bbox 130 2102 379 2133; x_wconf 84' lang='lat' dir='ltr'>defensionem</span> <span class='ocrx_word' id='word_1_330' title='bbox 396 2103 431 2133; x_wconf 77' lang='lat' dir='ltr'>et</span> <span class='ocrx_word' id='word_1_331' title='bbox 448 2102 679 2133; x_wconf 88' lang='lat' dir='ltr'>inuectarum</span> <span class='ocrx_word' id='word_1_332' title='bbox 703 2101 1002 2141; x_wconf 89' lang='lat' dir='ltr'>superstitionum</span> <span class='ocrx_word' id='word_1_333' title='bbox 1027 2101 1384 2140; x_wconf 83' lang='lat' dir='ltr'>corruptelarumque</span> <span class='ocrx_word' id='word_1_334' title='bbox 1407 2100 1531 2132; x_wconf 88' lang='lat' dir='ltr'>odium</span> <span class='ocrx_word' id='word_1_335' title='bbox 1556 2102 1593 2130; x_wconf 94' lang='lat' dir='ltr'>et</span> <span class='ocrx_word' id='word_1_336' title='bbox 1609 2109 1736 2139; x_wconf 83' lang='lat' dir='ltr'>oppug-</span> 
     </span>
     <span class='ocr_line' id='line_1_34' title="bbox 130 2144 1734 2184; baseline -0.002 -8"><span class='ocrx_word' id='word_1_337' title='bbox 130 2147 340 2177; x_wconf 85' lang='lat' dir='ltr'>nationem:</span> <span class='ocrx_word' id='word_1_338' title='bbox 380 2148 468 2176; x_wconf 88' lang='lat' dir='ltr'>tunc</span> <span class='ocrx_word' id='word_1_339' title='bbox 504 2145 646 2176; x_wconf 81' lang='lat' dir='ltr'>Fratres</span> <span class='ocrx_word' id='word_1_340' title='bbox 679 2144 769 2176; x_wconf 87' lang='lat' dir='ltr'>duos</span> <span class='ocrx_word' id='word_1_341' title='bbox 800 2155 843 2176; x_wconf 82' lang='lat' dir='ltr'>ex</span> <span class='ocrx_word' id='word_1_342' title='bbox 873 2155 937 2176; x_wconf 88' lang='lat' dir='ltr'>suo</span> <span class='ocrx_word' id='word_1_343' title='bbox 967 2147 1071 2175; x_wconf 89' lang='lat' dir='ltr'>coetu</span> <span class='ocrx_word' id='word_1_344' title='bbox 1101 2145 1147 2176; x_wconf 91' lang='lat' dir='ltr'>ad</span> <span class='ocrx_word' id='word_1_345' title='bbox 1175 2155 1257 2175; x_wconf 89' lang='lat' dir='ltr'>eum</span> <span class='ocrx_word' id='word_1_346' title='bbox 1289 2145 1511 2184; x_wconf 81' lang='lat' dir='ltr'>ablegarunt,</span> <span class='ocrx_word' id='word_1_347' title='bbox 1548 2144 1734 2174; x_wconf 83' lang='lat' dir='ltr'>Nicolaum</span> 
     </span>
     <span class='ocr_line' id='line_1_35' title="bbox 130 2188 1737 2229; baseline -0.002 -9"><span class='ocrx_word' id='word_1_348' title='bbox 130 2189 383 2229; x_wconf 85' lang='lat' dir='ltr'>Claudianum,</span> <span class='ocrx_word' id='word_1_349' title='bbox 401 2189 561 2220; x_wconf 83' lang='lat' dir='ltr'>medicae</span> <span class='ocrx_word' id='word_1_350' title='bbox 573 2189 664 2219; x_wconf 85' lang='lat' dir='ltr'>artis</span> <span class='ocrx_word' id='word_1_351' title='bbox 680 2189 837 2228; x_wconf 88' lang='lat' dir='ltr'>peritum</span> <span class='ocrx_word' id='word_1_352' title='bbox 856 2189 1076 2228; x_wconf 81' lang='lat' dir='ltr'>optimisque</span> <span class='ocrx_word' id='word_1_353' title='bbox 1092 2188 1299 2228; x_wconf 79' lang='lat' dir='ltr'>disciplinis</span> <span class='ocrx_word' id='word_1_354' title='bbox 1316 2188 1512 2221; x_wconf 69' lang='lat' dir='ltr'>excultum,</span> <span class='ocrx_word' id='word_1_355' title='bbox 1529 2191 1564 2218; x_wconf 87' lang='lat' dir='ltr'>et</span> <span class='ocrx_word' id='word_1_356' title='bbox 1582 2188 1652 2218; x_wconf 87' lang='lat' dir='ltr'>Lau</span> <span class='ocrx_word' id='word_1_357' title='bbox 1660 2197 1737 2217; x_wconf 81' lang='lat' dir='ltr'>ren-</span> 
     </span>
     <span class='ocr_line' id='line_1_36' title="bbox 129 2232 1737 2273; baseline -0.002 -9"><span class='ocrx_word' id='word_1_358' title='bbox 129 2234 223 2264; x_wconf 78' lang='lat' dir='ltr'>tium</span> <span class='ocrx_word' id='word_1_359' title='bbox 239 2233 433 2273; x_wconf 86' lang='lat' dir='ltr'>Voticium,</span> <span class='ocrx_word' id='word_1_360' title='bbox 448 2233 646 2264; x_wconf 86' lang='lat' dir='ltr'>multarum</span> <span class='ocrx_word' id='word_1_361' title='bbox 658 2241 778 2263; x_wconf 87' lang='lat' dir='ltr'>rerum</span> <span class='ocrx_word' id='word_1_362' title='bbox 794 2233 1000 2273; x_wconf 84' lang='lat' dir='ltr'>cognitione</span> <span class='ocrx_word' id='word_1_363' title='bbox 1013 2233 1160 2271; x_wconf 88' lang='lat' dir='ltr'>clarum,</span> <span class='ocrx_word' id='word_1_364' title='bbox 1175 2232 1237 2271; x_wconf 89' lang='lat' dir='ltr'>qui</span> <span class='ocrx_word' id='word_1_365' title='bbox 1248 2232 1443 2263; x_wconf 85' lang='lat' dir='ltr'>admodum</span> <span class='ocrx_word' id='word_1_366' title='bbox 1461 2241 1568 2262; x_wconf 79' lang='lat' dir='ltr'>senex</span> <span class='ocrx_word' id='word_1_367' title='bbox 1585 2233 1737 2261; x_wconf 81' lang='lat' dir='ltr'>mortem</span> 
     </span>
     <span class='ocr_line' id='line_1_37' title="bbox 131 2275 1737 2316; baseline -0.001 -9"><span class='ocrx_word' id='word_1_368' title='bbox 131 2277 220 2308; x_wconf 87' lang='lat' dir='ltr'>obiit</span> <span class='ocrx_word' id='word_1_369' title='bbox 255 2287 351 2308; x_wconf 89' lang='lat' dir='ltr'>anno</span> <span class='ocrx_word' id='word_1_370' title='bbox 381 2276 520 2308; x_wconf 87' lang='lat' dir='ltr'>Christi</span> <span class='ocrx_word' id='word_1_371' title='bbox 550 2285 704 2307; x_wconf 80' lang='lat' dir='ltr'>M.D.1.xv.</span> <span class='ocrx_word' id='word_1_372' title='bbox 764 2277 857 2307; x_wconf 86' lang='lat' dir='ltr'>Nam</span> <span class='ocrx_word' id='word_1_373' title='bbox 883 2280 919 2307; x_wconf 88' lang='lat' dir='ltr'>et</span> <span class='ocrx_word' id='word_1_374' title='bbox 950 2277 1039 2307; x_wconf 85' lang='lat' dir='ltr'>certi</span> <span class='ocrx_word' id='word_1_375' title='bbox 1066 2276 1204 2315; x_wconf 87' lang='lat' dir='ltr'>aliquid</span> <span class='ocrx_word' id='word_1_376' title='bbox 1238 2275 1282 2306; x_wconf 89' lang='lat' dir='ltr'>de</span> <span class='ocrx_word' id='word_1_377' title='bbox 1313 2275 1532 2316; x_wconf 88' lang='lat' dir='ltr'>professione</span> <span class='ocrx_word' id='word_1_378' title='bbox 1564 2275 1737 2313; x_wconf 83' lang='lat' dir='ltr'>rebusque</span> 
     </span>
     <span class='ocr_line' id='line_1_38' title="bbox 131 2319 1737 2360; baseline -0.002 -9"><span class='ocrx_word' id='word_1_379' title='bbox 131 2321 301 2351; x_wconf 83' lang='lat' dir='ltr'>omnibus</span> <span class='ocrx_word' id='word_1_380' title='bbox 325 2321 399 2351; x_wconf 83' lang='lat' dir='ltr'>suis</span> <span class='ocrx_word' id='word_1_381' title='bbox 421 2321 466 2351; x_wconf 91' lang='lat' dir='ltr'>ab</span> <span class='ocrx_word' id='word_1_382' title='bbox 491 2320 642 2351; x_wconf 80' lang='lat' dir='ltr'>Erasmo</span> <span class='ocrx_word' id='word_1_383' title='bbox 669 2320 840 2360; x_wconf 83' lang='lat' dir='ltr'>cognosci,</span> <span class='ocrx_word' id='word_1_384' title='bbox 860 2322 896 2351; x_wconf 86' lang='lat' dir='ltr'>et</span> <span class='ocrx_word' id='word_1_385' title='bbox 923 2329 966 2350; x_wconf 84' lang='lat' dir='ltr'>ex</span> <span class='ocrx_word' id='word_1_386' title='bbox 991 2320 1093 2350; x_wconf 88' lang='lat' dir='ltr'>illius</span> <span class='ocrx_word' id='word_1_387' title='bbox 1118 2320 1375 2360; x_wconf 85' lang='lat' dir='ltr'>approbatione</span> <span class='ocrx_word' id='word_1_388' title='bbox 1401 2322 1510 2358; x_wconf 86' lang='lat' dir='ltr'>atque</span> <span class='ocrx_word' id='word_1_389' title='bbox 1526 2319 1737 2350; x_wconf 82' lang='lat' dir='ltr'>testimonio</span> 
     </span>
     <span class='ocr_line' id='line_1_39' title="bbox 130 2364 1100 2404; baseline -0.001 -9"><span class='ocrx_word' id='word_1_390' title='bbox 130 2364 388 2396; x_wconf 83' lang='lat' dir='ltr'>consolationis</span> <span class='ocrx_word' id='word_1_391' title='bbox 403 2365 471 2395; x_wconf 89' lang='lat' dir='ltr'>sibi</span> <span class='ocrx_word' id='word_1_392' title='bbox 488 2364 628 2403; x_wconf 89' lang='lat' dir='ltr'>aliquid</span> <span class='ocrx_word' id='word_1_393' title='bbox 646 2364 856 2404; x_wconf 83' lang='lat' dir='ltr'>contingere</span> <span class='ocrx_word' id='word_1_394' title='bbox 872 2364 1100 2403; x_wconf 85' lang='lat' dir='ltr'>expetebant.</span> 
     </span>
    </p>

    <p class='ocr_par' dir='ltr' id='par_1_10' title="bbox 130 2406 1737 2754">
     <span class='ocr_line' id='line_1_40' title="bbox 177 2406 1736 2448; baseline -0.003 -9"><span class='ocrx_word' id='word_1_395' title='bbox 177 2408 282 2439; x_wconf 82' lang='lat' dir='ltr'>‘Erat</span> <span class='ocrx_word' id='word_1_396' title='bbox 309 2408 408 2439; x_wconf 85' lang='lat' dir='ltr'>edita</span> <span class='ocrx_word' id='word_1_397' title='bbox 434 2410 470 2438; x_wconf 79' lang='lat' dir='ltr'>et</span> <span class='ocrx_word' id='word_1_398' title='bbox 493 2408 592 2448; x_wconf 87' lang='lat' dir='ltr'>typis</span> <span class='ocrx_word' id='word_1_399' title='bbox 613 2417 780 2447; x_wconf 86' lang='lat' dir='ltr'>expressa</span> <span class='ocrx_word' id='word_1_400' title='bbox 804 2407 977 2447; x_wconf 84' lang='lat' dir='ltr'>Apologia</span> <span class='ocrx_word' id='word_1_401' title='bbox 1002 2408 1169 2438; x_wconf 81' lang='lat' dir='ltr'>Fratrum</span> <span class='ocrx_word' id='word_1_402' title='bbox 1198 2407 1452 2447; x_wconf 80' lang='lat' dir='ltr'>Norimbergae</span> <span class='ocrx_word' id='word_1_403' title='bbox 1477 2416 1573 2438; x_wconf 84' lang='lat' dir='ltr'>anno</span> <span class='ocrx_word' id='word_1_404' title='bbox 1600 2406 1736 2437; x_wconf 85' lang='lat' dir='ltr'>Christi</span> 
     </span>
     <span class='ocr_line' id='line_1_41' title="bbox 132 2451 1737 2492; baseline -0.001 -10"><span class='ocrx_word' id='word_1_405' title='bbox 132 2461 247 2483; x_wconf 62' lang='lat' dir='ltr'>nnn</span> <span class='ocrx_word' id='word_1_406' title='bbox 275 2452 356 2492; x_wconf 88' lang='lat' dir='ltr'>(but</span> <span class='ocrx_word' id='word_1_407' title='bbox 383 2452 428 2485; x_wconf 82' lang='lat' dir='ltr'>cf.</span> <span class='ocrx_word' id='word_1_408' title='bbox 451 2452 514 2492; x_wconf 89' lang='lat' dir='ltr'>Ep.</span> <span class='ocrx_word' id='word_1_409' title='bbox 546 2461 640 2490; x_wconf 79' lang='lat'>1154,</span> <span class='ocrx_word' id='word_1_410' title='bbox 667 2451 743 2492; x_wconf 88' lang='lat' dir='ltr'>8n).</span> <span class='ocrx_word' id='word_1_411' title='bbox 812 2451 963 2482; x_wconf 84' lang='lat' dir='ltr'>Erasmo</span> <span class='ocrx_word' id='word_1_412' title='bbox 989 2452 1226 2482; x_wconf 80' lang='lat' dir='ltr'>commoranti</span> <span class='ocrx_word' id='word_1_413' title='bbox 1255 2461 1296 2482; x_wconf 90' lang='grc' dir='ltr'>οο</span> <span class='ocrx_word' id='word_1_414' title='bbox 1322 2454 1485 2491; x_wconf 87' lang='lat' dir='ltr'>tempore</span> <span class='ocrx_word' id='word_1_415' title='bbox 1512 2451 1737 2490; x_wconf 85' lang='lat' dir='ltr'>Antuerpiae</span> 
     </span>
     <span class='ocr_line' id='line_1_42' title="bbox 130 2493 1737 2536; baseline -0.001 -11"><span class='ocrx_word' id='word_1_416' title='bbox 130 2495 295 2526; x_wconf 90' lang='lat' dir='ltr'>libellum</span> <span class='ocrx_word' id='word_1_417' title='bbox 309 2495 477 2536; x_wconf 77' lang='lat' dir='ltr'>offerunt,</span> <span class='ocrx_word' id='word_1_418' title='bbox 496 2497 532 2526; x_wconf 86' lang='lat' dir='ltr'>et</span> <span class='ocrx_word' id='word_1_419' title='bbox 547 2496 591 2526; x_wconf 85' lang='lat' dir='ltr'>ab</span> <span class='ocrx_word' id='word_1_420' title='bbox 608 2497 684 2536; x_wconf 89' lang='lat' dir='ltr'>ipso</span> <span class='ocrx_word' id='word_1_421' title='bbox 700 2495 857 2526; x_wconf 85' lang='lat' dir='ltr'>studiose</span> <span class='ocrx_word' id='word_1_422' title='bbox 881 2496 1011 2535; x_wconf 88' lang='lat' dir='ltr'>petunt</span> <span class='ocrx_word' id='word_1_423' title='bbox 1037 2497 1077 2526; x_wconf 90' lang='lat' dir='ltr'>vt</span> <span class='ocrx_word' id='word_1_424' title='bbox 1101 2495 1295 2534; x_wconf 85' lang='lat' dir='ltr'>diligenter</span> <span class='ocrx_word' id='word_1_425' title='bbox 1321 2495 1484 2535; x_wconf 67' lang='lat' dir='ltr'>pei-leeat</span> <span class='ocrx_word' id='word_1_426' title='bbox 1510 2496 1546 2524; x_wconf 91' lang='lat' dir='ltr'>et</span> <span class='ocrx_word' id='word_1_427' title='bbox 1570 2493 1737 2524; x_wconf 85' lang='lat' dir='ltr'>attendat</span> 
     </span>
     <span class='ocr_line' id='line_1_43' title="bbox 130 2537 1737 2578; baseline -0.001 -9"><span class='ocrx_word' id='word_1_428' title='bbox 130 2538 298 2578; x_wconf 91' lang='lat' dir='ltr'>nunquid</span> <span class='ocrx_word' id='word_1_429' title='bbox 324 2539 413 2570; x_wconf 88' lang='lat' dir='ltr'>insit</span> <span class='ocrx_word' id='word_1_430' title='bbox 437 2538 482 2569; x_wconf 87' lang='lat' dir='ltr'>de</span> <span class='ocrx_word' id='word_1_431' title='bbox 509 2549 579 2578; x_wconf 92' lang='lat' dir='ltr'>quo</span> <span class='ocrx_word' id='word_1_432' title='bbox 605 2539 834 2578; x_wconf 82' lang='lat' dir='ltr'>admonendi,</span> <span class='ocrx_word' id='word_1_433' title='bbox 862 2539 1034 2578; x_wconf 88' lang='lat' dir='ltr'>cuiusque</span> <span class='ocrx_word' id='word_1_434' title='bbox 1059 2539 1234 2578; x_wconf 83' lang='lat' dir='ltr'>expositio</span> <span class='ocrx_word' id='word_1_435' title='bbox 1260 2548 1300 2569; x_wconf 86' lang='lat' dir='ltr'>ac</span> <span class='ocrx_word' id='word_1_436' title='bbox 1325 2538 1538 2578; x_wconf 83' lang='lat' dir='ltr'>perscriptio</span> <span class='ocrx_word' id='word_1_437' title='bbox 1561 2537 1737 2568; x_wconf 83' lang='lat' dir='ltr'>mutanda</span> 
     </span>
     <span class='ocr_line' id='line_1_44' title="bbox 131 2582 1735 2622; baseline -0.001 -9"><span class='ocrx_word' id='word_1_438' title='bbox 131 2582 410 2621; x_wconf 82' lang='lat' dir='ltr'>corrigendaque</span> <span class='ocrx_word' id='word_1_439' title='bbox 425 2592 500 2613; x_wconf 84' lang='lat' dir='ltr'>esse</span> <span class='ocrx_word' id='word_1_440' title='bbox 514 2583 692 2615; x_wconf 89' lang='lat' dir='ltr'>videatur.</span> <span class='ocrx_word' id='word_1_441' title='bbox 738 2582 916 2613; x_wconf 84' lang='lat' dir='ltr'>Futurum</span> <span class='ocrx_word' id='word_1_442' title='bbox 933 2583 1030 2613; x_wconf 90' lang='lat' dir='ltr'>enim</span> <span class='ocrx_word' id='word_1_443' title='bbox 1056 2583 1098 2613; x_wconf 90' lang='lat' dir='ltr'>vt</span> <span class='ocrx_word' id='word_1_444' title='bbox 1118 2583 1325 2622; x_wconf 82' lang='lat' dir='ltr'>gratissimo</span> <span class='ocrx_word' id='word_1_445' title='bbox 1348 2582 1472 2613; x_wconf 87' lang='lat' dir='ltr'>animo</span> <span class='ocrx_word' id='word_1_446' title='bbox 1494 2582 1561 2612; x_wconf 84' lang='lat' dir='ltr'>hoc</span> <span class='ocrx_word' id='word_1_447' title='bbox 1591 2582 1735 2611; x_wconf 79' lang='lat' dir='ltr'>Fratres</span> 
     </span>
     <span class='ocr_line' id='line_1_45' title="bbox 131 2624 1732 2666; baseline -0.002 -9"><span class='ocrx_word' id='word_1_448' title='bbox 131 2627 322 2666; x_wconf 86' lang='lat' dir='ltr'>accipiant,</span> <span class='ocrx_word' id='word_1_449' title='bbox 351 2629 388 2657; x_wconf 87' lang='lat' dir='ltr'>et</span> <span class='ocrx_word' id='word_1_450' title='bbox 418 2627 664 2665; x_wconf 85' lang='lat' dir='ltr'>promtissima</span> <span class='ocrx_word' id='word_1_451' title='bbox 694 2626 880 2657; x_wconf 84' lang='lat' dir='ltr'>voluntate</span> <span class='ocrx_word' id='word_1_452' title='bbox 911 2626 1116 2657; x_wconf 84' lang='lat' dir='ltr'>sententiae</span> <span class='ocrx_word' id='word_1_453' title='bbox 1146 2627 1225 2657; x_wconf 86' lang='lat' dir='ltr'>eius</span> <span class='ocrx_word' id='word_1_454' title='bbox 1253 2627 1511 2665; x_wconf 84' lang='lat' dir='ltr'>obtemperent.</span> <span class='ocrx_word' id='word_1_455' title='bbox 1561 2624 1732 2664; x_wconf 66' lang='lat' dir='ltr'>Quodsi,</span> 
     </span>
     <span class='ocr_line' id='line_1_46' title="bbox 131 2669 1735 2711; baseline -0.001 -11"><span class='ocrx_word' id='word_1_456' title='bbox 131 2669 436 2709; x_wconf 85' lang='lat' dir='ltr'>quemadmodum</span> <span class='ocrx_word' id='word_1_457' title='bbox 451 2673 610 2710; x_wconf 86' lang='lat' dir='ltr'>sperent,</span> <span class='ocrx_word' id='word_1_458' title='bbox 625 2671 801 2711; x_wconf 84' lang='lat' dir='ltr'>scriptum</span> <span class='ocrx_word' id='word_1_459' title='bbox 817 2669 911 2700; x_wconf 87' lang='lat' dir='ltr'>illud</span> <span class='ocrx_word' id='word_1_460' title='bbox 930 2670 998 2709; x_wconf 80' lang='lat' dir='ltr'>ipsi</span> <span class='ocrx_word' id='word_1_461' title='bbox 1015 2671 1195 2709; x_wconf 79' lang='lat' dir='ltr'>probetur,</span> <span class='ocrx_word' id='word_1_462' title='bbox 1216 2679 1290 2701; x_wconf 90' lang='lat' dir='ltr'>non</span> <span class='ocrx_word' id='word_1_463' title='bbox 1307 2670 1471 2701; x_wconf 74' lang='lat' dir='ltr'>dubitare</span> <span class='ocrx_word' id='word_1_464' title='bbox 1486 2679 1522 2699; x_wconf 85' lang='lat' dir='ltr'>se</span> <span class='ocrx_word' id='word_1_465' title='bbox 1538 2669 1735 2699; x_wconf 64' lang='lat' dir='ltr'>ostendunt</span> 
     </span>
     <span class='ocr_line' id='line_1_47' title="bbox 131 2713 1033 2754; baseline -0.001 -10"><span class='ocrx_word' id='word_1_466' title='bbox 131 2714 222 2754; x_wconf 91' lang='lat' dir='ltr'>quin</span> <span class='ocrx_word' id='word_1_467' title='bbox 237 2723 301 2744; x_wconf 87' lang='lat' dir='ltr'>suo</span> <span class='ocrx_word' id='word_1_468' title='bbox 317 2713 393 2753; x_wconf 85' lang='lat' dir='ltr'>ipse</span> <span class='ocrx_word' id='word_1_469' title='bbox 409 2714 617 2744; x_wconf 82' lang='lat' dir='ltr'>testimonio</span> <span class='ocrx_word' id='word_1_470' title='bbox 633 2715 700 2745; x_wconf 89' lang='lat' dir='ltr'>hoc</span> <span class='ocrx_word' id='word_1_471' title='bbox 716 2714 765 2745; x_wconf 81' lang='lat' dir='ltr'>sit</span> <span class='ocrx_word' id='word_1_472' title='bbox 779 2713 1033 2744; x_wconf 74' lang='lat' dir='ltr'>declaraturus.</span> 
     </span>
    </p>

    <p class='ocr_par' dir='ltr' id='par_1_11' title="bbox 130 2756 1734 2841">
     <span class='ocr_line' id='line_1_48' title="bbox 177 2756 1734 2798; baseline -0.002 -10"><span class='ocrx_word' id='word_1_473' title='bbox 177 2757 348 2788; x_wconf 87' lang='lat' dir='ltr'>‘Librum</span> <span class='ocrx_word' id='word_1_474' title='bbox 379 2756 549 2787; x_wconf 84' lang='lat' dir='ltr'>Erasmus</span> <span class='ocrx_word' id='word_1_475' title='bbox 577 2759 714 2798; x_wconf 87' lang='lat' dir='ltr'>recipit,</span> <span class='ocrx_word' id='word_1_476' title='bbox 737 2759 774 2788; x_wconf 89' lang='lat' dir='ltr'>et</span> <span class='ocrx_word' id='word_1_477' title='bbox 798 2757 850 2788; x_wconf 88' lang='lat' dir='ltr'>ait</span> <span class='ocrx_word' id='word_1_478' title='bbox 875 2767 950 2787; x_wconf 85' lang='lat' dir='ltr'>sese</span> <span class='ocrx_word' id='word_1_479' title='bbox 977 2757 1069 2787; x_wconf 81' lang='lat' dir='ltr'>velle</span> <span class='ocrx_word' id='word_1_480' title='bbox 1098 2767 1183 2788; x_wconf 88' lang='lat' dir='ltr'>eum</span> <span class='ocrx_word' id='word_1_481' title='bbox 1211 2756 1337 2796; x_wconf 82' lang='lat' dir='ltr'>legere.</span> <span class='ocrx_word' id='word_1_482' title='bbox 1397 2757 1563 2787; x_wconf 84' lang='lat' dir='ltr'>Redeunt</span> <span class='ocrx_word' id='word_1_483' title='bbox 1589 2756 1628 2786; x_wconf 80' lang='grc'>111</span> <span class='ocrx_word' id='word_1_484' title='bbox 1655 2757 1734 2795; x_wconf 90' lang='lat' dir='ltr'>post</span> 
     </span>
     <span class='ocr_line' id='line_1_49' title="bbox 130 2799 1734 2841; baseline -0.001 -10"><span class='ocrx_word' id='word_1_485' title='bbox 130 2801 269 2840; x_wconf 86' lang='lat' dir='ltr'>aliquot</span> <span class='ocrx_word' id='word_1_486' title='bbox 284 2800 361 2831; x_wconf 82' lang='lat' dir='ltr'>dies</span> <span class='ocrx_word' id='word_1_487' title='bbox 375 2800 412 2830; x_wconf 87' lang='lat' dir='ltr'>et</span> <span class='ocrx_word' id='word_1_488' title='bbox 428 2799 589 2831; x_wconf 86' lang='lat' dir='ltr'>audituri</span> <span class='ocrx_word' id='word_1_489' title='bbox 606 2802 649 2832; x_wconf 90' lang='lat' dir='ltr'>de</span> <span class='ocrx_word' id='word_1_490' title='bbox 665 2801 782 2832; x_wconf 88' lang='lat' dir='ltr'>oblato</span> <span class='ocrx_word' id='word_1_491' title='bbox 798 2801 923 2832; x_wconf 87' lang='lat' dir='ltr'>libello</span> <span class='ocrx_word' id='word_1_492' title='bbox 940 2801 1116 2831; x_wconf 86' lang='lat' dir='ltr'>iudicium</span> <span class='ocrx_word' id='word_1_493' title='bbox 1134 2800 1233 2831; x_wconf 85' lang='lat' dir='ltr'>illius</span> <span class='ocrx_word' id='word_1_494' title='bbox 1256 2803 1294 2832; x_wconf 84' lang='lat' dir='ltr'>et</span> <span class='ocrx_word' id='word_1_495' title='bbox 1316 2800 1494 2841; x_wconf 88' lang='lat' dir='ltr'>cognituri</span> <span class='ocrx_word' id='word_1_496' title='bbox 1514 2800 1601 2839; x_wconf 85' lang='lat' dir='ltr'>quid</span> <span class='ocrx_word' id='word_1_497' title='bbox 1626 2800 1670 2830; x_wconf 89' lang='lat' dir='ltr'>de</span> <span class='ocrx_word' id='word_1_498' title='bbox 1694 2809 1734 2829; x_wconf 91' lang='lat' dir='ltr'>eo</span> 
     </span>
    </p>
   </div>
   <div class='ocr_carea' id='block_1_7' title="bbox 237 2880 323 2883">
    <p class='ocr_par' dir='ltr' id='par_1_12' title="bbox 237 2880 323 2883">
     <span class='ocr_line' id='line_1_50' title="bbox 237 2880 323 2883; baseline 0 0"><span class='ocrx_word' id='word_1_499' title='bbox 237 2880 323 2883; x_wconf 95' lang='lat' dir='ltr'> </span> 
     </span>
    </p>
   </div>
   <div class='ocr_carea' id='block_1_8' title="bbox 331 2880 459 2884">
    <p class='ocr_par' dir='ltr' id='par_1_13' title="bbox 331 2880 459 2884">
     <span class='ocr_line' id='line_1_51' title="bbox 331 2880 459 2884; baseline 0 0"><span class='ocrx_word' id='word_1_500' title='bbox 331 2880 459 2884; x_wconf 95' lang='lat' dir='ltr'> </span> 
     </span>
    </p>
   </div>
   <div class='ocr_carea' id='block_1_9' title="bbox 131 2919 1733 3092">
    <p class='ocr_par' dir='ltr' id='par_1_14' title="bbox 131 2919 1733 3092">
     <span class='ocr_line' id='line_1_52' title="bbox 156 2919 1733 2963; baseline -0.003 -10"><span class='ocrx_word' id='word_1_501' title='bbox 156 2935 158 2938; x_wconf 53' lang='lat'>&gt;</span> <span class='ocrx_word' id='word_1_502' title='bbox 218 2930 281 2953; x_wconf 79' lang='lat' dir='ltr'>rrr.</span> <span class='ocrx_word' id='word_1_503' title='bbox 308 2921 494 2963; x_wconf 68' lang='lat' dir='ltr'>cAuoruco]</span> <span class='ocrx_word' id='word_1_504' title='bbox 526 2922 613 2953; x_wconf 76' lang='lat' dir='ltr'>This</span> <span class='ocrx_word' id='word_1_505' title='bbox 636 2922 735 2953; x_wconf 87' lang='lat' dir='ltr'>word</span> <span class='ocrx_word' id='word_1_506' title='bbox 767 2923 798 2952; x_wconf 80' lang='lat' dir='ltr'>is</span> <span class='ocrx_word' id='word_1_507' title='bbox 821 2931 901 2961; x_wconf 87' lang='lat' dir='ltr'>per·</span> <span class='ocrx_word' id='word_1_508' title='bbox 969 2923 1056 2961; x_wconf 83' lang='lat' dir='ltr'>ing:</span> <span class='ocrx_word' id='word_1_509' title='bbox 1079 2930 1117 2951; x_wconf 77' lang='lat' dir='ltr'>as</span> <span class='ocrx_word' id='word_1_510' title='bbox 1131 2920 1270 2955; x_wconf 51' lang='lat' dir='ltr'>though</span> <span class='ocrx_word' id='word_1_511' title='bbox 1287 2921 1333 2950; x_wconf 88' lang='lat' dir='ltr'>he</span> <span class='ocrx_word' id='word_1_512' title='bbox 1349 2920 1421 2950; x_wconf 82' lang='lat' dir='ltr'>had</span> <span class='ocrx_word' id='word_1_513' title='bbox 1443 2920 1534 2950; x_wconf 76' lang='lat' dir='ltr'>been</span> <span class='ocrx_word' id='word_1_514' title='bbox 1549 2919 1680 2949; x_wconf 82' lang='lat' dir='ltr'>unable</span> <span class='ocrx_word' id='word_1_515' title='bbox 1697 2920 1733 2948; x_wconf 87' lang='lat' dir='ltr'>to</span> 
     </span>
     <span class='ocr_line' id='line_1_53' title="bbox 132 2962 1733 3005; baseline -0.002 -9"><span class='ocrx_word' id='word_1_516' title='bbox 132 2966 222 3005; x_wconf 85' lang='lat' dir='ltr'>haps</span> <span class='ocrx_word' id='word_1_517' title='bbox 254 2966 466 2996; x_wconf 86' lang='lat' dir='ltr'>inaccurate.</span> <span class='ocrx_word' id='word_1_518' title='bbox 515 2966 551 2996; x_wconf 89' lang='lat' dir='ltr'>It</span> <span class='ocrx_word' id='word_1_519' title='bbox 587 2975 700 2997; x_wconf 78' lang='lat' dir='ltr'>seems</span> <span class='ocrx_word' id='word_1_520' title='bbox 730 2967 766 2996; x_wconf 88' lang='lat' dir='ltr'>to</span> <span class='ocrx_word' id='word_1_521' title='bbox 801 2965 897 2996; x_wconf 81' lang='lat' dir='ltr'>have</span> <span class='ocrx_word' id='word_1_522' title='bbox 966 2964 1138 3004; x_wconf 81' lang='lat' dir='ltr'>deciphcr</span> <span class='ocrx_word' id='word_1_523' title='bbox 1171 2963 1336 2995; x_wconf 69' lang='lat' dir='ltr'>Gerard’s</span> <span class='ocrx_word' id='word_1_524' title='bbox 1368 2972 1547 3001; x_wconf 72' lang='lat' dir='ltr'>suu-name,</span> <span class='ocrx_word' id='word_1_525' title='bbox 1580 2962 1733 3002; x_wconf 85' lang='lat' dir='ltr'>perhaps</span> 
     </span>
     <span class='ocr_line' id='line_1_54' title="bbox 131 3006 1548 3048; baseline -0.003 -8"><span class='ocrx_word' id='word_1_526' title='bbox 131 3009 223 3040; x_wconf 79' lang='lat' dir='ltr'>been</span> <span class='ocrx_word' id='word_1_527' title='bbox 239 3010 388 3040; x_wconf 81' lang='lat' dir='ltr'>written</span> <span class='ocrx_word' id='word_1_528' title='bbox 410 3009 488 3040; x_wconf 86' lang='lat' dir='ltr'>into</span> <span class='ocrx_word' id='word_1_529' title='bbox 509 3010 573 3040; x_wconf 87' lang='lat' dir='ltr'>the</span> <span class='ocrx_word' id='word_1_530' title='bbox 596 3019 648 3040; x_wconf 74' lang='lat' dir='ltr'>us.</span> <span class='ocrx_word' id='word_1_531' title='bbox 675 3010 724 3048; x_wconf 85' lang='lat' dir='ltr'>by</span> <span class='ocrx_word' id='word_1_532' title='bbox 746 3008 899 3048; x_wconf 80' lang='lat' dir='ltr'>Lypsius</span> <span class='ocrx_word' id='word_1_533' title='bbox 967 3018 1066 3040; x_wconf 82' lang='lat' dir='ltr'>some</span> <span class='ocrx_word' id='word_1_534' title='bbox 1084 3007 1325 3038; x_wconf 76' lang='lat' dir='ltr'>Latinization</span> <span class='ocrx_word' id='word_1_535' title='bbox 1341 3007 1379 3037; x_wconf 86' lang='lat' dir='ltr'>of</span> <span class='ocrx_word' id='word_1_536' title='bbox 1397 3006 1548 3037; x_wconf 67' lang='lat' dir='ltr'>Kloster.</span> 
     </span>
     <span class='ocr_line' id='line_1_55' title="bbox 132 3048 1688 3092; baseline -0.002 -9"><span class='ocrx_word' id='word_1_537' title='bbox 132 3052 236 3092; x_wconf 81' lang='lat' dir='ltr'>later,</span> <span class='ocrx_word' id='word_1_538' title='bbox 254 3053 291 3083; x_wconf 90' lang='lat' dir='ltr'>in</span> <span class='ocrx_word' id='word_1_539' title='bbox 309 3062 329 3084; x_wconf 84' lang='lat' dir='ltr'>a</span> <span class='ocrx_word' id='word_1_540' title='bbox 345 3061 446 3092; x_wconf 80' lang='lat' dir='ltr'>space</span> <span class='ocrx_word' id='word_1_541' title='bbox 466 3052 531 3083; x_wconf 87' lang='lat' dir='ltr'>left</span> <span class='ocrx_word' id='word_1_542' title='bbox 552 3054 589 3084; x_wconf 83' lang='lat' dir='ltr'>at</span> <span class='ocrx_word' id='word_1_543' title='bbox 614 3053 670 3083; x_wconf 77' lang='lat' dir='ltr'>liis</span> <span class='ocrx_word' id='word_1_544' title='bbox 695 3053 773 3083; x_wconf 78' lang='lat' dir='ltr'>first</span> <span class='ocrx_word' id='word_1_545' title='bbox 796 3062 897 3091; x_wconf 86' lang='lat' dir='ltr'>copy·</span> <span class='ocrx_word' id='word_1_546' title='bbox 1011 3061 1041 3091; x_wconf 87' lang='lat'>5.</span> <span class='ocrx_word' id='word_1_547' title='bbox 1068 3051 1107 3082; x_wconf 89' lang='lat' dir='ltr'>in</span> <span class='ocrx_word' id='word_1_548' title='bbox 1124 3050 1263 3091; x_wconf 86' lang='lat' dir='ltr'>morbo]</span> <span class='ocrx_word' id='word_1_549' title='bbox 1281 3051 1346 3081; x_wconf 86' lang='lat' dir='ltr'>See</span> <span class='ocrx_word' id='word_1_550' title='bbox 1365 3050 1427 3090; x_wconf 87' lang='lat' dir='ltr'>Ep.</span> <span class='ocrx_word' id='word_1_551' title='bbox 1452 3059 1534 3079; x_wconf 79' lang='lat'>1112</span> <span class='ocrx_word' id='word_1_552' title='bbox 1555 3048 1688 3080; x_wconf 88' lang='lat' dir='ltr'>introd.</span> 
     </span>
    </p>
   </div>
   <div class='ocr_carea' id='block_1_10' title="bbox 888 3123 967 3151">
    <p class='ocr_par' dir='ltr' id='par_1_15' title="bbox 888 3123 967 3151">
     <span class='ocr_line' id='line_1_56' title="bbox 888 3123 967 3151; baseline -0.025 0"><span class='ocrx_word' id='word_1_553' title='bbox 888 3123 967 3151; x_wconf 72' lang='grc' dir='ltr'>ΠΖ</span> 
     </span>
    </p>
   </div>
  </div>
 </body>
</html>
