1990 3353
80 130 201 185 1087]
567 131 720 170 FROM
759 131 994 172 THOMAs
1032 132 1189 172 MORE
1594 134 1674 173 223

73 241 254 281 aduertit
274 254 430 288 omnes,
451 242 537 280 imo
557 255 700 280 omnes
719 255 889 292 prorsus
908 242 1099 281 homines
1118 242 1270 292 quibus
1290 243 1376 282 vlla
1396 243 1581 282 scintilla
1605 246 1677 282 aut

75 295 173 334 boni
194 296 371 345 pectoris
393 298 464 334 aut
491 309 637 334 sensus
662 295 764 335 insit
793 296 1041 342 communis,
1064 297 1110 336 in
1139 297 1216 336 hoc
1244 297 1445 335 Brixiano
1475 298 1562 336 risu
1591 311 1677 337 non

75 351 218 388 minus
236 349 425 388 animum
446 349 739 399 gladiatorium
757 350 954 389 detestari
973 364 1099 401 quam
1119 351 1305 390 deridere
1325 351 1593 391 dementiam.

125 406 265 454 Atque
297 404 398 443 haec
430 417 561 454 quum
592 405 652 442 ita
681 418 724 442 se
756 405 944 452 habeant,
975 407 1118 444 tamen
1150 407 1351 455 tanquam
1382 406 1462 444 ista
1496 405 1676 444 Coroebo

73 457 253 508 cuipiam
282 458 478 497 scriberet
506 461 578 497 aut
605 458 819 508 Margitae,
841 472 927 497 non
953 459 1153 508 Erasmo3
1191 461 1390 510 tanquam
1418 460 1508 510 ipso
1538 460 1677 498 conni-

74 514 200 551 uente
220 512 271 551 ad
290 526 409 551 suam
429 512 713 562 petulantiam,
730 526 809 563 qua
823 512 935 563 prior
948 513 1224 552 debacchatus
1243 516 1305 552 est
1320 515 1363 552 in
1379 527 1467 563 nos,
1486 514 1676 553 omnium
1698 527 1712 548 2
1740 528 1754 557 ,-

72 566 198 605 simul
217 567 276 606 sic
296 566 470 605 eruisset
487 567 640 615 oculos,
656 568 701 605 vt
716 568 823 617 quod
838 567 919 617 ipsi
935 581 1096 606 cernere
1112 581 1197 606 non
1212 568 1373 617 liberet,
1388 568 1501 607 idem
1516 568 1677 607 nemini

74 634 244 671 prorsus
271 621 414 660 liceret
443 621 648 671 aspicere;
681 623 878 672 tanquam
907 621 990 661 iam
1019 621 1185 661 vicisset
1214 635 1282 660 me
1310 622 1518 661 lacessisse
1547 623 1674 672 prius,

73 688 199 725 quem
219 688 284 714 res
302 675 419 714 docet
438 676 646 725 posterius
666 675 879 725 scripsisse
894 691 903 724 3
932 678 1132 727 tanquam
1147 676 1280 715 adhuc
1294 676 1466 715 hostilia
1480 677 1676 716 durarent

74 731 271 779 tempora,
287 731 334 768 vt
353 729 390 767 ei
409 729 549 768 liceret
568 729 668 768 olim
689 730 837 769 iactata
857 730 1032 770 verbula
1051 730 1276 781 eademque
1299 744 1466 780 prorsus
1484 731 1672 780 innocua,

74 796 186 822 nunc
205 783 375 822 demum
394 783 610 822 venenatis
630 783 839 823 vindicare
854 784 1086 833 calumniis,
1111 798 1241 835 quum
1261 788 1432 835 vterque
1460 785 1671 836 Princeps,

72 834 202 888 quum
230 839 344 876 totus
371 838 566 888 vtrinque
595 838 772 888 populus
800 838 858 877 ita
887 838 1039 878 coaluit
1067 839 1112 877 in
1140 839 1412 888 concordiam,
1442 842 1490 879 vt
1519 840 1676 879 milites

74 891 375 931 obliuiscantur
406 893 533 931 etiam
561 893 798 941 vulnerum,
831 907 1008 943 quorum
1037 893 1247 932 cicatrices
1274 894 1409 932 adhuc
1437 896 1601 944 gestant
1630 895 1674 933 in

73 959 240 996 corpore
255 960 265 994 ;
313 948 512 996 tanquam
550 946 638 996 ipse
675 947 875 986 acerbiter
911 961 1045 987 essem
1082 948 1274 987 inuectus
1311 961 1356 986 ac
1389 948 1500 987 diras
1533 962 1677 987 omnes

75 1001 325 1050 imprecatus
362 1000 407 1039 in
446 1001 594 1049 illum3
641 1004 840 1052 tanquam
878 1002 946 1041 ille
983 1002 1170 1041 vicissim
1208 1015 1345 1041 meros
1381 1002 1500 1051 iocos,
1541 1017 1676 1043 meras

73 1054 251 1103 facetias,
274 1068 412 1094 meros
431 1055 537 1094 sales
562 1055 789 1104 affudisset,
812 1070 859 1095 ac
883 1070 968 1095 non
996 1057 1143 1096 insana
1171 1057 1353 1095 conuitia
1383 1057 1676 1097 deblaterasset

74 1110 120 1147 in
148 1122 215 1148 me
246 1122 291 1148 ac
313 1109 408 1159 plus
434 1123 559 1160 quam
586 1111 795 1149 virulenta
821 1111 987 1150 deliria:
1023 1111 1353 1162 operaeprecium
1382 1113 1444 1150 est
1466 1112 1605 1151 videre
1630 1116 1677 1152 vt

73 1176 243 1203 securus
262 1177 308 1203 ac
326 1166 461 1203 certus
481 1165 681 1214 spondeat
701 1165 783 1203 sibi
801 1178 886 1204 non
905 1166 1071 1204 veniam
1099 1167 1264 1204 tantum
1284 1165 1400 1204 velut
1426 1166 1674 1206 necessariae

73 1217 364 1267 responsionis,
395 1219 466 1257 sed
500 1219 667 1257 laudem
699 1220 824 1258 etiam
852 1220 1105 1268 clementiae,
1137 1220 1208 1269 qui
1236 1220 1431 1259 videlicet
1460 1220 1677 1270 impetitus

74 1272 179 1310 diris
208 1274 250 1310 et
278 1273 607 1312 execrationibus
635 1273 752 1323 (quae
781 1287 987 1324 nusquam
1016 1274 1186 1323 extant),
1218 1288 1346 1324 quum
1376 1274 1439 1312 illi
1472 1275 1534 1313 fas
1567 1278 1677 1314 esset

73 1326 242 1376 paribus
262 1327 388 1365 armis
407 1327 453 1365 in
473 1329 680 1366 certamen
701 1328 959 1376 descendere,
975 1329 1082 1367 mira
1097 1330 1238 1367 tamen
1252 1328 1405 1367 indolis
1421 1329 1676 1380 benignitate

72 1384 197 1431 atque
216 1380 452 1419 admirabili
471 1383 718 1420 dexteritate
741 1382 900 1432 ingenii
925 1383 1111 1421 mordere
1136 1396 1178 1422 se
1207 1384 1329 1421 iactat
1356 1383 1509 1433 absque
1538 1384 1674 1432 dente,

74 1434 200 1473 iocari
220 1435 311 1474 sine
329 1435 547 1483 calumnia,
570 1436 701 1474 ridere
721 1436 825 1475 citra
844 1437 1086 1485 conuitium,
1109 1437 1251 1476 ludere
1273 1438 1375 1476 citra
1393 1437 1674 1487 maledictum,

73 1490 426 1528 commonefacere
451 1490 540 1528 sine
567 1490 864 1541 obiurgatione,
889 1491 1050 1530 erudire
1069 1491 1159 1530 sine
1177 1492 1334 1540 ferula;
1364 1492 1448 1530 imo
1467 1493 1568 1530 adeo
1588 1506 1679 1531 mea

75 1543 293 1582 maledicta
312 1544 357 1582 in
376 1544 506 1593 lusus,
529 1544 711 1583 conuitia
730 1545 774 1583 in
793 1546 918 1593 risus,
938 1546 1089 1596 probra
1108 1545 1152 1584 in
1179 1546 1300 1595 iocos,
1324 1546 1608 1586 execrationes
1630 1548 1675 1586 in

73 1597 242 1647 ironias,
267 1598 375 1637 diras
394 1599 571 1649 denique
589 1599 634 1637 in
655 1601 880 1638 scommata
900 1600 1163 1639 conuertisse.

126 1653 197 1690 An
217 1666 302 1691 non
321 1652 509 1692 videatur
533 1653 641 1692 belle
667 1667 877 1703 perorasse
903 1654 1082 1703 Brixius,
1104 1654 1140 1692 si
1167 1655 1260 1704 quis
1289 1655 1388 1693 haec
1416 1655 1522 1694 forte
1551 1655 1672 1706 legat,

75 1706 148 1757 qui
169 1707 277 1745 nihil
296 1707 468 1747 omnino
488 1710 705 1758 cognoscat
725 1709 775 1747 de
794 1710 946 1747 causa?
1000 1708 1109 1747 Nam
1138 1709 1173 1747 si
1203 1709 1296 1759 quis
1324 1709 1453 1748 lector
1481 1710 1678 1749 inciderit

75 1761 146 1811 qui
178 1761 475 1812 Ohordigeram
508 1763 608 1811 eius,
645 1763 716 1812 qui
753 1776 846 1802 mea
884 1762 1208 1813 Epigrammata,
1244 1764 1316 1813 qui
1349 1764 1554 1802 moricum
1587 1765 1678 1804 eius

75 1815 329 1855 Antimoron
346 1816 576 1866 inspexerit
595 1817 647 1866 (si
667 1816 761 1867 quis
779 1817 886 1856 forte
905 1818 962 1856 sic
981 1818 1163 1856 abundet
1184 1818 1270 1856 ocio
1287 1820 1334 1856 vt
1353 1818 1391 1856 ei
1411 1821 1527 1857 vacet
1547 1818 1678 1857 bonas

76 1871 197 1910 horas
226 1873 314 1909 tam
344 1872 453 1910 male
482 1872 678 1921 perdere),
710 1885 841 1921 quum
871 1871 915 1910 in
944 1871 1031 1910 illis
1056 1872 1380 1923 Epigrammatis
1408 1873 1514 1911 meis
1543 1887 1677 1924 neque

76 1924 296 1964 maledicta
328 1938 459 1976 neque
493 1925 640 1976 probra
677 1939 813 1976 neque
851 1926 1034 1965 conuitia
1068 1940 1202 1976 neque
1235 1927 1512 1966 execrationes
1545 1941 1676 1978 neque

75 1979 188 2018 diras
207 1979 418 2028 inueniet3
448 1993 577 2029 quum
597 1980 706 2030 apud
726 1980 848 2020 illum
872 1983 1014 2019 contra
1038 1981 1147 2020 nihil
1169 1981 1357 2020 inueniet
1380 1981 1492 2020 aliud
1517 1986 1678 2031 praeter

76 2047 211 2073 meras
229 2034 533 2084 sycophantias,
556 2035 886 2074 maledicentiam
905 2037 947 2074 et
964 2035 1176 2074 virulenta
1195 2036 1327 2085 iurgia
1344 2049 1353 2083 ;
1383 2049 1511 2085 quum
1533 2037 1677 2076 dentes

76 2088 245 2136 videbit,
273 2089 344 2126 sed
372 2089 524 2127 fractos
551 2088 596 2126 in
626 2089 814 2138 coticula,
840 2089 1014 2128 ferulam
1039 2089 1209 2137 videbit,
1237 2091 1307 2128 sed
1337 2090 1491 2140 absque
1519 2090 1677 2138 literis;

76 2156 207 2193 quum
226 2142 386 2182 videbit
405 2143 618 2181 hominem
638 2143 696 2182 sic
716 2144 939 2182 admonere
957 2145 1003 2182 vt
1022 2144 1268 2183 stultissime
1291 2147 1429 2194 carpat
1454 2145 1562 2194 quod
1590 2159 1676 2184 non
1698 2158 1734 2179 2-

77 2197 285 2247 intelligit,
314 2196 372 2235 sic
400 2197 564 2235 erudire
589 2199 637 2236 vt
665 2197 941 2236 calumnietur
967 2198 1154 2247 improbe
1184 2198 1217 2236 si
1248 2199 1347 2248 quid
1376 2199 1606 2249 intelligat:
1640 2200 1676 2239 is

75 2254 233 2301 quanto
252 2252 339 2290 risu
358 2251 511 2290 ridebit
529 2265 598 2290 eos
618 2252 726 2290 risus
745 2252 891 2301 Brixii,
914 2252 987 2302 qui
1006 2252 1199 2290 Brixium
1226 2253 1400 2291 reddant
1426 2253 1650 2292 ridiculum
1666 2255 1674 2292 Σ

78 2306 237 2354 Quibus
255 2307 494 2352 scommata,
510 2319 614 2355 quae
629 2305 763 2345 multo
778 2309 1002 2345 scommate
1018 2307 1186 2345 redeant
1208 2307 1252 2344 in
1271 2307 1491 2346 authorem
1507 2309 1515 2346 l
1565 2309 1676 2356 Quos

78 2360 115 2398 ei
143 2360 250 2399 iocos
278 2359 493 2398 exhibebit
519 2360 578 2399 ita
607 2360 743 2399 iocans
773 2361 953 2411 Brixius,
985 2362 1033 2400 vt
1064 2375 1107 2400 se
1135 2361 1278 2399 videre
1306 2364 1425 2410 putet
1454 2362 1675 2401 saltantem

77 2414 307 2454 camelum!
365 2414 572 2462 Quantam
591 2415 802 2464 praebebit
820 2414 995 2454 ludendi
1014 2415 1230 2454 materiam
1254 2418 1343 2453 tam
1362 2416 1498 2466 inepte
1526 2417 1677 2456 ludens

77 2468 324 2517 Germanus,
358 2470 404 2508 vt
439 2482 662 2518 germanus
695 2469 885 2508 videatur
913 2469 1108 2519 Aesopici
1147 2470 1273 2518 aselli,
1311 2471 1382 2519 qui
1418 2484 1504 2509 non
1541 2472 1676 2510 multo

80 2523 220 2561 minus
239 2523 414 2561 absurde
435 2523 623 2561 imitatus
642 2523 929 2562 lasciuientem
948 2524 1175 2562 caniculam
1195 2537 1322 2573 quam
1342 2525 1510 2563 Brixius
1535 2539 1675 2564 aemu—

79 2576 190 2615 latur
216 2579 366 2627 poetas,
397 2577 555 2616 lutosos
581 2580 621 2615 et
650 2590 818 2616 corneos
846 2579 971 2628 pedes
1004 2578 1179 2629 impegit
1211 2579 1256 2616 in
1286 2578 1440 2618 heriles
1466 2579 1673 2628 humeros,

81 2631 260 2670 fustibus
285 2631 383 2670 inde
410 2633 594 2670 retrusus
620 2632 663 2670 in
693 2631 926 2671 stabulum!
983 2632 1172 2682 Denique
1201 2646 1323 2682 quarn
1354 2633 1503 2683 lepidis
1533 2634 1676 2672 ironiis

78 2685 219 2724 eludet
238 2685 392 2724 ironias
412 2685 570 2724 Brixii!
611 2686 765 2736 quippe
791 2689 877 2724 tam
904 2686 1106 2736 illepidas,
1131 2689 1177 2725 vt
1203 2688 1397 2725 lectorem
1421 2689 1675 2727 admoneant
1697 2697 1719 2717 ἐπ
1739 2696 1755 2725 5

81 2739 250 2788 pictoris
279 2739 505 2787 cuiusdam,
532 2740 702 2778 omnino
731 2740 827 2779 talis
857 2740 990 2790 qualis
1020 2740 1188 2779 Brixius
1216 2743 1278 2780 est
1306 2744 1426 2791 poeta
1442 2756 1452 2790 ς
1479 2743 1550 2793 qui
1579 2756 1673 2781 cum

81 2793 262 2844 leporem
281 2795 404 2843 atque
424 2807 566 2832 canem
581 2794 834 2844 depinxisset
851 2795 909 2833 ita
922 2794 1080 2833 similes
1095 2797 1142 2833 vt
1158 2796 1381 2834 internosci
1395 2810 1478 2835 non
1493 2801 1674 2847 possent,

81 2848 250 2887 tandem
269 2850 361 2886 vter
379 2847 492 2886 canis
510 2850 627 2896 esset,
650 2852 742 2888 vter
760 2849 889 2899 lepus,
912 2849 1212 2899 subscriptione
1230 2850 1358 2889 solers
1377 2851 1589 2890 indicauit.

127 2940 200 2970 261.
227 2939 351 2980 iactat]
370 2940 432 2978 Ep.
454 2948 549 2978 1045.
567 2940 663 2978 3578.
908 2942 946 2972 in
974 2941 996 2973 l.
1014 2942 1074 2980 581
1094 2953 1101 2980 ;
1125 2942 1170 2973 cf.
1195 2946 1298 2981 Aday.
1330 2944 1422 2982 1801,
1453 2944 1523 2975 and
1550 2945 1674 2976 Mon-'s

128 2983 200 3013 268.
227 2982 418 3023 moricum]
452 2982 607 3022 Perhaps
633 2993 678 3014 an
710 2984 849 3023 epithet
907 2988 1044 3022 Epistola
1060 2989 1103 3016 ad
1118 2989 1277 3027 Brixiam,
1296 2987 1335 3019 fo·
1355 2987 1403 3018 d⁴.

83 3024 189 3056 based
214 3036 256 3057 on
284 3026 346 3057 the
370 3026 517 3057 Sicilian
542 3028 692 3066 proverb
714 3029 847 3067 quoted
951 3029 1024 3067 278.
1050 3028 1199 3070 Quibus]
1217 3041 1257 3062 sc.
1276 3031 1419 3063 risibus.

1697 254 1758 286 240

1697 1068 1756 1098 255

1697 1335 1758 1366 260

1698 1883 1711 1903 2
1740 1883 1759 1902 0

1720 1882 1735 1913 ΝΒ

1698 2417 1758 2446 280
