1990 3353
203 280 245 320 85

205 562 247 593 90

206 833 246 864 95

188 1107 248 1129 100

190 1381 248 1411 105

191 1653 253 1674 110

189 1920 251 1951 115

219 2197 232 2218 2
276 2185 370 2223 Imo
392 2198 482 2223 mea
506 2184 714 2223 sententia
743 2184 852 2222 nihil
880 2186 943 2222 est
972 2183 1278 2222 intractabilius
1304 2183 1479 2221 inscitia.

268 116 350 155 578
733 115 985 156 LETTERS
1025 116 1096 155 OF
1135 116 1401 156 ERASMUS
1751 114 1874 167 [1521

266 226 381 266 liaris
398 226 676 276 dispendium.
723 227 784 265 At
805 226 947 266 Morus
967 227 1043 266 hoc
1063 229 1148 278 agit
1167 231 1213 266 vt
1233 229 1429 266 omnibus
1448 227 1689 266 nominibus
1708 228 1749 264 et
1768 223 1878 275 apud

267 294 413 320 omnes
433 281 537 319 bene
557 280 709 328 audiat,
734 281 810 319 hoc
829 281 962 320 literis
982 282 1130 320 debere
1150 295 1192 320 se
1219 283 1471 332 praedicans,
1494 282 1601 331 quod
1623 280 1878 330 prosperiore

267 336 322 374 sit
343 335 594 382 valetudine,
619 334 728 384 quod
755 335 913 384 optimo
934 336 1135 386 Principi,
1162 337 1269 386 quod
1302 336 1388 375 suis
1417 340 1457 374 et
1489 336 1642 374 exteris
1666 335 1815 374 charus
1835 334 1877 371 et

267 390 481 439 gratiosus,
508 389 617 439 quod
646 402 690 426 re
718 389 904 435 lautiore,
929 391 1037 439 quod
1067 390 1159 437 sibi,
1193 391 1302 441 quod
1333 390 1477 429 amicis
1504 390 1736 436 iucundior,
1767 387 1876 437 quod

266 443 431 493 patriae,
451 444 561 494 quod
582 444 769 493 cognatis
790 447 831 482 et
851 444 1044 483 affinibus
1060 445 1213 493 vtilior,
1231 445 1339 495 quod
1360 445 1411 483 ad
1431 444 1549 482 aulae
1565 443 1874 489 commercium,

266 498 375 548 quod
396 498 444 536 ad
466 511 683 547 procerum
707 498 958 539 conuictum.
982 500 1090 549 quod
1120 500 1170 537 ad
1200 513 1369 537 omnem
1388 500 1501 538 vitae
1530 497 1878 536 consuetudinem

265 551 623 598 accommodatior,
649 552 824 602 denique
852 554 961 602 quod
989 553 1149 604 superis
1172 555 1337 603 gratior.
1399 553 1593 591 Primum
1615 552 1724 590 male
1743 550 1878 589 audieÎ‡
1903 587 1906 590 ,

264 607 365 645 bant
401 607 548 654 studia,
587 606 696 656 quod
736 620 905 646 sensum
944 621 1209 646 communem
1246 608 1479 646 adimerent
1516 607 1681 645 addicto
1712 603 1875 644 cultori.

266 661 394 699 Nulla
413 663 476 700 est
495 661 706 711 profectio,
730 662 847 699 nulla
868 663 1034 712 negocia
1054 664 1142 700 tam
1164 662 1307 709 multa,
1328 665 1416 700 tam
1436 661 1574 703 ardua,
1592 674 1694 710 quae
1713 659 1878 697 libellos

267 715 383 753 Moro
404 715 454 753 de
475 715 672 753 manibus
697 716 934 764 excutiant3
962 719 1004 754 et
1030 718 1169 755 tamen
1190 717 1262 754 vix
1287 717 1418 754 alium
1445 716 1624 765 reperies
1648 714 1718 764 qui
1745 713 1877 763 magis

267 770 322 808 sit
345 769 543 808 omnibus
569 770 759 808 omnium
787 771 985 809 horarum
1014 771 1152 817 homo,
1175 771 1248 820 qui
1275 771 1328 809 ad
1357 770 1603 819 obsequium
1630 768 1801 814 facilior,
1824 766 1877 805 ad

267 837 513 874 congressus
541 824 674 873 magis
705 824 866 873 obuius,
893 825 938 863 in
966 825 1171 875 colloquio
1201 825 1334 874 magis
1363 825 1504 872 alacer,
1529 824 1682 873 quique
1707 825 1874 860 tantum

267 892 388 917 verae
415 878 662 928 prudentiae
688 892 784 917 cum
814 881 930 918 tanta
959 893 1125 918 morum
1154 880 1359 918 suauitate
1380 878 1656 917 coniunxerit.
1715 876 1877 925 Quibus

267 933 391 972 rebus
410 933 568 972 factum
588 935 652 971 est
671 935 718 971 vt
744 947 873 983 quum
896 936 992 972 ante
1021 947 1172 984 paucos
1197 933 1284 972 dies
1309 933 1525 972 literarum
1545 946 1661 971 amor
1682 932 1732 969 ad
1753 943 1877 969 omne

267 988 378 1026 vitae
397 988 464 1026 vel
485 987 742 1037 praesidium
763 988 831 1026 vel
857 991 1152 1026 ornamentum
1178 989 1398 1026 haberetur
1422 984 1598 1034 inutilis,
1622 999 1735 1024 nunc
1754 997 1877 1023 nemo

267 1055 371 1091 pene
411 1042 466 1080 sit
504 1044 748 1092 magnatum
787 1043 858 1092 qui
895 1042 1050 1081 liberos
1088 1044 1135 1081 vt
1179 1042 1385 1080 maiorum
1428 1041 1684 1091 imaginibus
1729 1039 1879 1089 dignos

268 1099 473 1146 agnoscat,
496 1097 580 1134 nisi
605 1096 727 1134 bonis
756 1096 888 1135 literis
917 1097 1110 1136 eruditos.
1172 1097 1282 1145 Quin
1312 1099 1353 1135 et
1382 1096 1620 1134 monarchis
1644 1095 1744 1145 ipsis
1770 1093 1878 1131 bona

268 1150 470 1200 regalium
499 1151 694 1189 decorum
725 1164 820 1201 pars
849 1152 990 1190 abesse
1020 1152 1198 1199 videtur,
1233 1151 1277 1188 in
1308 1151 1461 1200 quibus
1489 1150 1702 1188 literarum
1732 1147 1879 1198 peritia

269 1205 535 1243 desideretur.

326 1260 417 1297 Iam
448 1259 662 1298 neminem
691 1260 777 1298 fere
806 1259 1051 1298 mortalium
1080 1273 1166 1298 non
1195 1259 1373 1298 habebat
1396 1260 1495 1297 haec
1515 1258 1736 1309 persuasio,
1761 1256 1877 1295 sexui

270 1314 499 1352 foeminino
523 1314 665 1353 literas
690 1317 733 1352 et
760 1314 811 1353 ad
842 1314 1071 1353 castitatem
1101 1316 1143 1352 et
1172 1314 1222 1352 ad
1253 1315 1409 1352 famam
1432 1326 1520 1352 esse
1545 1313 1730 1351 inutiles.
1792 1311 1877 1349 Nec

270 1369 357 1417 ipse
376 1367 585 1418 quondam
606 1381 774 1418 prorsus
797 1369 848 1407 ab
874 1369 951 1407 hac
976 1369 1174 1408 abhorrui
1197 1369 1430 1407 sententia:
1468 1381 1617 1406 verum
1644 1367 1752 1405 hanc
1772 1365 1878 1404 mihi

271 1423 415 1461 Morus
443 1423 612 1472 penitus
640 1423 821 1462 excussit
849 1423 1003 1462 animo.
1062 1423 1232 1461 Etenim
1258 1436 1390 1473 quum
1414 1422 1574 1460 duabus
1604 1421 1726 1460 rebus
1754 1419 1878 1469 potis-

271 1478 427 1516 simum
455 1477 712 1527 periclitetur
740 1478 974 1527 puellarum
1009 1478 1186 1526 castitas,
1225 1478 1312 1515 ocio
1339 1490 1385 1515 ac
1415 1476 1582 1516 lasciuis
1617 1476 1790 1523 lusibus,
1826 1473 1878 1512 ab

271 1533 420 1570 horum
445 1535 621 1581 vtroque
650 1532 869 1570 literarum
903 1535 1011 1570 arcet
1045 1544 1182 1579 amon
1206 1572 1209 1576 ,
1233 1532 1319 1570 Nec
1353 1531 1434 1570 alia
1464 1543 1530 1569 res
1559 1530 1708 1569 melius
1737 1531 1879 1567 tuetur

271 1587 426 1624 famam
446 1586 650 1636 integram
672 1599 796 1635 quam
816 1599 953 1624 mores
972 1586 1292 1624 incontaminati
1309 1600 1318 1634 3
1346 1585 1546 1627 necvllae
1565 1585 1729 1623 firmius
1745 1586 1880 1622 castae

271 1644 370 1679 sunt
391 1653 515 1689 quam
536 1653 638 1690 quae
657 1641 809 1678 iudicio
831 1643 964 1679 castae
991 1644 1101 1679 sunt.
1163 1641 1306 1690 Neque
1326 1653 1424 1679 vero
1445 1640 1636 1688 improbo
1657 1638 1880 1677 consilium

271 1708 414 1733 eorum
436 1695 507 1745 qui
527 1694 752 1733 mauuariis
778 1696 912 1744 operis
937 1694 1196 1744 prospiciunt
1218 1694 1442 1744 pudicitiae
1468 1694 1661 1732 filiarum.
1722 1693 1881 1731 Verum

271 1749 389 1788 nulla
408 1762 474 1788 res
493 1749 553 1788 sic
580 1751 717 1787 totum
745 1749 906 1799 puellae
930 1752 1074 1799 pectus
1103 1752 1270 1799 occupat
1290 1753 1336 1787 vt
1365 1748 1564 1786 studium.
1623 1749 1763 1797 Atque
1784 1747 1883 1785 hinc

270 1806 432 1853 praeter
470 1804 547 1841 hoc
586 1804 746 1842 fructus
784 1804 891 1854 quod
933 1804 1100 1842 animus
1138 1803 1190 1841 ab
1229 1803 1315 1841 ocio
1354 1802 1582 1852 pernicioso
1620 1801 1878 1851 prohibetur,

272 1859 525 1897 hauriuntur
545 1858 703 1907 optima
722 1861 950 1907 praecepta,
972 1871 1075 1906 quae
1096 1859 1281 1896 mentem
1301 1857 1353 1896 ad
1372 1858 1574 1896 virtutem
1595 1860 1635 1894 et
1656 1856 1882 1894 instituant

272 1915 312 1951 et
332 1912 606 1951 inflamment.
667 1912 814 1951 Multis
833 1912 1080 1962 simplicitas
1100 1914 1140 1950 et
1169 1924 1310 1950 rerum
1330 1912 1493 1950 inscitia
1513 1910 1735 1961 pudicitiae
1755 1910 1881 1948 iactu-

272 1980 363 2005 ram
387 1966 539 2013 attulit,
572 1966 815 2017 priusquam
844 1967 998 2005 scirent
1027 1966 1179 2016 quibus
1207 1966 1331 2004 rebus
1358 1968 1503 2004 tantus
1531 1965 1752 2003 thesaurus
1781 1963 1884 2013 peri-

273 2022 499 2060 clitaretur.
573 2021 716 2070 Neque
755 2021 875 2059 video
916 2034 988 2059 cur
1032 2021 1194 2059 maritis
1238 2021 1292 2059 sit
1338 2020 1613 2058 metuendum
1650 2032 1703 2057 ne
1742 2020 1884 2056 minus

275 2076 455 2114 habeant
484 2075 721 2125 morigeras,
755 2075 789 2113 si
820 2076 962 2114 doctas
993 2075 1198 2122 habeant3
1240 2075 1322 2113 nisi
1351 2075 1387 2113 si
1415 2074 1487 2124 qui
1516 2073 1621 2111 tales
1648 2073 1735 2111 sint
1764 2075 1811 2111 vt
1838 2085 1885 2110 ea

275 2129 409 2168 velint
429 2130 591 2180 exigere
611 2129 662 2167 ab
682 2129 881 2169 vxor-ibus
900 2143 1005 2179 quae
1032 2142 1117 2167 non
1139 2130 1227 2168 sint
1246 2129 1446 2178 exigenda
1465 2142 1489 2166 a
1508 2127 1647 2178 probis
1668 2127 1880 2165 matronis.

1539 2183 1658 2221 Certe
1680 2182 1757 2220 hoc
1777 2194 1885 2231 prae-

278 2240 360 2277 stat
385 2239 551 2277 animus
580 2238 743 2276 cultura
772 2238 1007 2276 studiorum
1038 2238 1293 2283 exercitatus,
1314 2240 1360 2275 vt
1386 2236 1596 2286 intelligat
1621 2248 1771 2285 aequas
1793 2248 1884 2285 pro-

279 2294 433 2343 basque
453 2293 647 2339 rationes,
671 2293 891 2342 videatque
910 2292 1008 2342 quid
1029 2291 1181 2339 deceat,
1206 2292 1305 2341 quid
1329 2291 1533 2340 expediat.
1593 2291 1725 2340 Atqui
1746 2302 1885 2339 prope-

279 2347 453 2386 modum
473 2346 676 2396 persuasit
697 2347 768 2396 qui
793 2360 881 2385 rem
908 2346 1060 2384 docuit.
1117 2346 1185 2384 Ad
1215 2347 1315 2384 haec
1343 2359 1474 2395 quum
1500 2345 1737 2383 iucunditas
1757 2343 1885 2382 firmi-

280 2404 421 2452 tasque
452 2401 632 2450 coniugii
661 2401 793 2450 magis
830 2402 882 2439 ab
920 2401 1156 2439 animorum
1191 2399 1481 2438 beneuolentia
1510 2412 1635 2449 quam
1667 2411 1885 2449 corporum

644 2509 715 2530 112.
742 2500 828 2530 hinc
846 2502 899 2529 H:
925 2499 985 2530 hic
1001 2501 1037 2530 F.

325 2609 376 2638 99.
405 2597 632 2638 magnatum]
658 2597 710 2629 Cf.
737 2597 799 2637 Ep.
830 2607 923 2628 1220.
949 2597 1045 2635 44â€”8.

282 2642 314 2673 A
328 2652 412 2681 very
425 2642 594 2672 different
607 2643 755 2672 account
768 2642 805 2672 of
815 2641 879 2672 the
891 2640 1048 2672 attitude

283 2685 320 2716 of
340 2686 402 2716 the
421 2686 429 2702 â´
443 2685 622 2724 generosiâ€™
642 2685 681 2715 in
702 2685 868 2724 England
887 2686 918 2715 is
939 2685 1047 2723 given

285 2730 330 2769 by
348 2729 436 2759 Pace
454 2730 492 2759 in
511 2728 573 2759 the
589 2728 726 2767 preface
744 2730 779 2759 to
794 2728 852 2759 his
868 2730 911 2759 De
921 2730 1049 2765 Fructu,

283 2782 339 2812 pp.
365 2773 493 2811 15-16:
525 2773 668 2802 â€˜studia
692 2772 881 2803 literarum
903 2772 1051 2802 rustico-

286 2825 364 2846 rum
382 2815 468 2846 filiis
482 2817 566 2846 sunt
582 2814 848 2853 relinquendaâ€™.

331 2869 402 2890 100.
429 2858 648 2899 monarchis]
668 2859 763 2889 Such
774 2869 812 2889 as
823 2857 1050 2890 Maximilian

286 2903 376 2933 with
395 2903 452 2933 his
468 2903 671 2933 excursione
686 2902 764 2932 into
781 2902 988 2940 literatureÍ¾
1012 2911 1050 2931 or

290 2946 410 2985 Henry
428 2955 496 2976 vn1
515 2945 604 2976 with
622 2945 679 2976 his
695 2948 834 2976 Assertio
851 2945 930 2986 (Ep.
953 2954 1046 2983 1227.

285 2990 359 3030 511),
393 2989 512 3020 which
548 2989 619 3019 had
652 2988 727 3028 just
762 2989 946 3029 appeared.
992 2988 1043 3019 Cf.

1144 2508 1155 2527 1
1167 2508 1215 2538 19.
1241 2498 1316 2528 sint
1328 2501 1374 2530 F:
1400 2499 1485 2528 sunt
1502 2499 1546 2528 H.

1117 2595 1181 2634 Ep.
1202 2604 1294 2633 1225.
1314 2595 1438 2625 266-8.

1165 2648 1235 2676 103.
1261 2638 1361 2668 sexui
1371 2637 1585 2678 foeminino]
1598 2637 1701 2668 With
1713 2637 1786 2668 this
1796 2646 1888 2668 com-

1117 2682 1329 2712 mendation
1350 2682 1388 2712 of
1407 2681 1469 2712 the
1488 2681 1679 2711 education
1695 2682 1732 2712 of
1746 2690 1884 2711 women

1117 2734 1201 2765 may
1217 2725 1259 2756 be
1277 2725 1463 2764 compared
1479 2725 1541 2755 the
1555 2725 1739 2764 Colloquy,
1754 2726 1888 2755 Abbatis

1117 2772 1145 2799 et
1158 2771 1304 2805 eruditae,
1320 2768 1398 2799 first
1411 2768 1604 2807 published
1620 2769 1658 2799 in
1672 2768 1734 2799 the
1748 2767 1885 2798 Froben

1118 2812 1257 2842 edition
1275 2812 1312 2842 of
1325 2811 1449 2843 March
1470 2821 1563 2851 1524.
1611 2810 1736 2843 More's
1751 2810 1884 2851 daughâ€”

1119 2858 1191 2886 ters
1228 2855 1301 2886 and
1337 2855 1615 2886 Pirckheimer's
1654 2855 1777 2886 sisters
1815 2854 1885 2885 and

1119 2898 1296 2938 Margaret
1325 2899 1477 2930 Blaurer
1507 2908 1566 2929 are
1596 2899 1700 2929 there
1731 2898 1884 2930 selected

1118 2942 1173 2973 for
1188 2943 1313 2982 praise.
1362 2943 1425 2973 See
1438 2942 1511 2973 also
1524 2951 1586 2982 my
1597 2945 1664 2981 Aqe
1679 2944 1882 2981 QfErasmzcs,

1121 2987 1429 3026 1914â€špp-196-9-
