<?xml version="1.0" encoding="UTF-8"?>
<!DOCTYPE html PUBLIC "-//W3C//DTD XHTML 1.0 Transitional//EN"
    "http://www.w3.org/TR/xhtml1/DTD/xhtml1-transitional.dtd">
<html xmlns="http://www.w3.org/1999/xhtml" xml:lang="en" lang="en">
 <head>
  <title>
</title>
<meta http-equiv="Content-Type" content="text/html;charset=utf-8" />
  <meta name='ocr-system' content='tesseract 3.04.00' />
  <meta name='ocr-capabilities' content='ocr_page ocr_carea ocr_par ocr_line ocrx_word'/>
</head>
<body>
  <div class='ocr_page' id='page_1' title='image "./opusepistolarumd04erasuoft_0578.png"; bbox 0 0 1990 3353; ppageno 0'>
   <div class='ocr_carea' id='block_1_1' title="bbox 245 307 284 330">
    <p class='ocr_par' dir='ltr' id='par_1_1' title="bbox 245 307 284 330">
     <span class='ocr_line' id='line_1_1' title="bbox 245 307 284 330; baseline 0 0"><span class='ocrx_word' id='word_1_1' title='bbox 245 307 284 330; x_wconf 82' lang='lat'>20</span> 
     </span>
    </p>
   </div>
   <div class='ocr_carea' id='block_1_2' title="bbox 245 579 281 612">
    <p class='ocr_par' dir='ltr' id='par_1_2' title="bbox 245 579 281 612">
     <span class='ocr_line' id='line_1_2' title="bbox 245 579 281 612; baseline 0 0"><span class='ocrx_word' id='word_1_2' title='bbox 245 579 281 612; x_wconf 85' lang='lat'>²5</span> 
     </span>
    </p>
   </div>
   <div class='ocr_carea' id='block_1_3' title="bbox 243 859 284 891">
    <p class='ocr_par' dir='ltr' id='par_1_3' title="bbox 243 859 284 891">
     <span class='ocr_line' id='line_1_3' title="bbox 243 859 284 891; baseline 0 -11"><span class='ocrx_word' id='word_1_3' title='bbox 243 859 284 891; x_wconf 72' lang='lat'>30</span> 
     </span>
    </p>
   </div>
   <div class='ocr_carea' id='block_1_4' title="bbox 244 1123 282 1155">
    <p class='ocr_par' dir='ltr' id='par_1_4' title="bbox 244 1123 282 1155">
     <span class='ocr_line' id='line_1_4' title="bbox 244 1123 282 1155; baseline 0.026 -1"><span class='ocrx_word' id='word_1_4' title='bbox 244 1123 282 1155; x_wconf 77' lang='lat'>35</span> 
     </span>
    </p>
   </div>
   <div class='ocr_carea' id='block_1_5' title="bbox 243 1408 287 1439">
    <p class='ocr_par' dir='ltr' id='par_1_5' title="bbox 243 1408 287 1439">
     <span class='ocr_line' id='line_1_5' title="bbox 243 1408 287 1439; baseline 0 -10"><span class='ocrx_word' id='word_1_5' title='bbox 243 1408 287 1439; x_wconf 90' lang='lat'>40</span> 
     </span>
    </p>
   </div>
   <div class='ocr_carea' id='block_1_6' title="bbox 302 129 1904 184">
    <p class='ocr_par' dir='ltr' id='par_1_6' title="bbox 302 129 1904 184">
     <span class='ocr_line' id='line_1_6' title="bbox 302 129 1904 184; baseline -0.002 -12"><span class='ocrx_word' id='word_1_6' title='bbox 302 134 382 172; x_wconf 83' lang='lat'>528</span> <span class='ocrx_word' id='word_1_7' title='bbox 773 132 1022 171; x_wconf 78' lang='lat' dir='ltr'><strong>LETTERS</strong></span> <span class='ocrx_word' id='word_1_8' title='bbox 1062 132 1131 172; x_wconf 86' lang='lat' dir='ltr'>OF</span> <span class='ocrx_word' id='word_1_9' title='bbox 1169 131 1433 171; x_wconf 84' lang='lat' dir='ltr'>ERASMUS</span> <span class='ocrx_word' id='word_1_10' title='bbox 1782 129 1904 184; x_wconf 88' lang='lat'><strong>[1521</strong></span> 
     </span>
    </p>
   </div>
   <div class='ocr_carea' id='block_1_7' title="bbox 301 241 1910 1655">
    <p class='ocr_par' dir='ltr' id='par_1_7' title="bbox 302 241 1905 402">
     <span class='ocr_line' id='line_1_7' title="bbox 302 241 1905 292; baseline -0.001 -11"><span class='ocrx_word' id='word_1_11' title='bbox 302 242 431 281; x_wconf 82' lang='lat' dir='ltr'>funda</span> <span class='ocrx_word' id='word_1_12' title='bbox 451 245 498 281; x_wconf 84' lang='lat' dir='ltr'>vt</span> <span class='ocrx_word' id='word_1_13' title='bbox 522 243 659 280; x_wconf 85' lang='lat' dir='ltr'>metus</span> <span class='ocrx_word' id='word_1_14' title='bbox 681 242 737 280; x_wconf 89' lang='lat' dir='ltr'>sit</span> <span class='ocrx_word' id='word_1_15' title='bbox 761 254 813 280; x_wconf 92' lang='lat' dir='ltr'>ne</span> <span class='ocrx_word' id='word_1_16' title='bbox 838 242 883 280; x_wconf 93' lang='lat' dir='ltr'>in</span> <span class='ocrx_word' id='word_1_17' title='bbox 908 241 1113 280; x_wconf 84' lang='lat' dir='ltr'>haeresim</span> <span class='ocrx_word' id='word_1_18' title='bbox 1142 241 1327 292; x_wconf 82' lang='lat' dir='ltr'>aliquam</span> <span class='ocrx_word' id='word_1_19' title='bbox 1353 244 1492 292; x_wconf 89' lang='lat' dir='ltr'>posset</span> <span class='ocrx_word' id='word_1_20' title='bbox 1516 242 1677 292; x_wconf 88' lang='lat' dir='ltr'>prolabi</span> <span class='ocrx_word' id='word_1_21' title='bbox 1690 243 1710 281; x_wconf 88' lang='lat'>’.</span> <span class='ocrx_word' id='word_1_22' title='bbox 1771 242 1836 281; x_wconf 89' lang='lat' dir='ltr'>Ita</span> <span class='ocrx_word' id='word_1_23' title='bbox 1862 254 1905 280; x_wconf 89' lang='lat' dir='ltr'>se</span> 
     </span>
     <span class='ocr_line' id='line_1_8' title="bbox 303 295 1905 347; baseline 0 -12"><span class='ocrx_word' id='word_1_24' title='bbox 303 296 506 346; x_wconf 86' lang='lat' dir='ltr'>purgabat</span> <span class='ocrx_word' id='word_1_25' title='bbox 527 295 773 346; x_wconf 86' lang='lat' dir='ltr'>magnificus</span> <span class='ocrx_word' id='word_1_26' title='bbox 792 295 863 334; x_wconf 92' lang='lat' dir='ltr'>ille</span> <span class='ocrx_word' id='word_1_27' title='bbox 883 296 1105 346; x_wconf 85' lang='lat' dir='ltr'>theologus</span> <span class='ocrx_word' id='word_1_28' title='bbox 1123 297 1230 346; x_wconf 88' lang='lat' dir='ltr'>apud</span> <span class='ocrx_word' id='word_1_29' title='bbox 1258 296 1474 335; x_wconf 89' lang='lat' dir='ltr'>hominem</span> <span class='ocrx_word' id='word_1_30' title='bbox 1499 297 1661 347; x_wconf 82' lang='lat' dir='ltr'>egregie</span> <span class='ocrx_word' id='word_1_31' title='bbox 1688 297 1905 335; x_wconf 84' lang='lat' dir='ltr'>cordatum</span> 
     </span>
     <span class='ocr_line' id='line_1_9' title="bbox 302 350 922 402; baseline -0.003 -12"><span class='ocrx_word' id='word_1_32' title='bbox 302 364 435 402; x_wconf 89' lang='lat' dir='ltr'>neque</span> <span class='ocrx_word' id='word_1_33' title='bbox 456 350 687 401; x_wconf 87' lang='lat' dir='ltr'>vulgariter</span> <span class='ocrx_word' id='word_1_34' title='bbox 698 350 922 389; x_wconf 86' lang='lat' dir='ltr'>eruditum.</span> 
     </span>
    </p>

    <p class='ocr_par' dir='ltr' id='par_1_8' title="bbox 301 405 1910 1109">
     <span class='ocr_line' id='line_1_10' title="bbox 358 405 1904 456; baseline 0 -12"><span class='ocrx_word' id='word_1_35' title='bbox 358 406 578 444; x_wconf 73' lang='lat' dir='ltr'>Caeterum</span> <span class='ocrx_word' id='word_1_36' title='bbox 594 405 702 456; x_wconf 89' lang='lat' dir='ltr'>quod</span> <span class='ocrx_word' id='word_1_37' title='bbox 722 405 925 444; x_wconf 73' lang='lat' dir='ltr'>autoritas</span> <span class='ocrx_word' id='word_1_38' title='bbox 940 407 1011 444; x_wconf 87' lang='lat' dir='ltr'>tua</span> <span class='ocrx_word' id='word_1_39' title='bbox 1031 405 1167 444; x_wconf 88' lang='lat' dir='ltr'>literis</span> <span class='ocrx_word' id='word_1_40' title='bbox 1186 405 1407 444; x_wconf 84' lang='lat' dir='ltr'>admonuit</span> <span class='ocrx_word' id='word_1_41' title='bbox 1426 405 1641 444; x_wconf 89' lang='lat' dir='ltr'>hominem</span> <span class='ocrx_word' id='word_1_42' title='bbox 1662 417 1715 443; x_wconf 90' lang='lat' dir='ltr'>ne</span> <span class='ocrx_word' id='word_1_43' title='bbox 1735 405 1904 454; x_wconf 87' lang='lat' dir='ltr'>posthac</span> 
     </span>
     <span class='ocr_line' id='line_1_11' title="bbox 303 459 1902 510; baseline -0.001 -12"><span class='ocrx_word' id='word_1_44' title='bbox 303 461 362 499; x_wconf 85' lang='lat' dir='ltr'>ita</span> <span class='ocrx_word' id='word_1_45' title='bbox 381 460 616 510; x_wconf 85' lang='lat' dir='ltr'>petulanter</span> <span class='ocrx_word' id='word_1_46' title='bbox 635 459 912 498; x_wconf 85' lang='lat' dir='ltr'>debacchetur</span> <span class='ocrx_word' id='word_1_47' title='bbox 936 459 981 498; x_wconf 90' lang='lat' dir='ltr'>in</span> <span class='ocrx_word' id='word_1_48' title='bbox 1012 460 1185 499; x_wconf 89' lang='lat' dir='ltr'>nomina</span> <span class='ocrx_word' id='word_1_49' title='bbox 1214 473 1357 498; x_wconf 89' lang='lat' dir='ltr'>eorum</span> <span class='ocrx_word' id='word_1_50' title='bbox 1385 460 1457 510; x_wconf 89' lang='lat' dir='ltr'>qui</span> <span class='ocrx_word' id='word_1_51' title='bbox 1483 459 1586 498; x_wconf 87' lang='lat' dir='ltr'>bene</span> <span class='ocrx_word' id='word_1_52' title='bbox 1613 461 1827 498; x_wconf 88' lang='lat' dir='ltr'>merentur</span> <span class='ocrx_word' id='word_1_53' title='bbox 1853 460 1902 498; x_wconf 91' lang='lat' dir='ltr'>de</span> 
     </span>
     <span class='ocr_line' id='line_1_12' title="bbox 303 514 1903 565; baseline -0.001 -12"><span class='ocrx_word' id='word_1_54' title='bbox 303 515 428 553; x_wconf 87' lang='lat' dir='ltr'>sacris</span> <span class='ocrx_word' id='word_1_55' title='bbox 449 514 612 562; x_wconf 84' lang='lat' dir='ltr'>studiis,</span> <span class='ocrx_word' id='word_1_56' title='bbox 635 514 805 552; x_wconf 88' lang='lat' dir='ltr'>functus</span> <span class='ocrx_word' id='word_1_57' title='bbox 831 527 875 552; x_wconf 90' lang='lat' dir='ltr'>es</span> <span class='ocrx_word' id='word_1_58' title='bbox 901 516 948 553; x_wconf 89' lang='lat' dir='ltr'>tu</span> <span class='ocrx_word' id='word_1_59' title='bbox 967 514 1135 565; x_wconf 87' lang='lat' dir='ltr'>quidem</span> <span class='ocrx_word' id='word_1_60' title='bbox 1161 515 1292 553; x_wconf 90' lang='lat' dir='ltr'>officio</span> <span class='ocrx_word' id='word_1_61' title='bbox 1318 514 1419 553; x_wconf 90' lang='lat' dir='ltr'>boni</span> <span class='ocrx_word' id='word_1_62' title='bbox 1439 514 1674 562; x_wconf 82' lang='lat' dir='ltr'>Praesulis3</span> <span class='ocrx_word' id='word_1_63' title='bbox 1705 514 1777 552; x_wconf 89' lang='lat' dir='ltr'>sed</span> <span class='ocrx_word' id='word_1_64' title='bbox 1808 514 1903 552; x_wconf 91' lang='lat' dir='ltr'>aliis</span> 
     </span>
     <span class='ocr_line' id='line_1_13' title="bbox 303 568 1904 619; baseline 0.001 -13"><span class='ocrx_word' id='word_1_65' title='bbox 303 569 437 619; x_wconf 86' lang='lat' dir='ltr'>magis</span> <span class='ocrx_word' id='word_1_66' title='bbox 470 569 551 608; x_wconf 86' lang='lat' dir='ltr'>ista</span> <span class='ocrx_word' id='word_1_67' title='bbox 588 568 748 607; x_wconf 84' lang='lat' dir='ltr'>ratione</span> <span class='ocrx_word' id='word_1_68' title='bbox 787 569 1028 607; x_wconf 89' lang='lat' dir='ltr'>consultum</span> <span class='ocrx_word' id='word_1_69' title='bbox 1066 572 1130 607; x_wconf 87' lang='lat' dir='ltr'>est</span> <span class='ocrx_word' id='word_1_70' title='bbox 1168 582 1292 619; x_wconf 90' lang='lat' dir='ltr'>quam</span> <span class='ocrx_word' id='word_1_71' title='bbox 1323 568 1442 606; x_wconf 91' lang='lat' dir='ltr'>mihi.</span> <span class='ocrx_word' id='word_1_72' title='bbox 1514 569 1688 607; x_wconf 89' lang='lat' dir='ltr'>Vtinam</span> <span class='ocrx_word' id='word_1_73' title='bbox 1718 568 1904 618; x_wconf 86' lang='lat' dir='ltr'>scorpius</span> 
     </span>
     <span class='ocr_line' id='line_1_14' title="bbox 301 623 1907 673; baseline -0.001 -11"><span class='ocrx_word' id='word_1_74' title='bbox 301 624 379 662; x_wconf 91' lang='lat' dir='ltr'>iste</span> <span class='ocrx_word' id='word_1_75' title='bbox 398 636 610 662; x_wconf 87' lang='lat' dir='ltr'>venenum</span> <span class='ocrx_word' id='word_1_76' title='bbox 629 623 738 673; x_wconf 91' lang='lat' dir='ltr'>quod</span> <span class='ocrx_word' id='word_1_77' title='bbox 758 623 897 661; x_wconf 86' lang='lat' dir='ltr'>infixit</span> <span class='ocrx_word' id='word_1_78' title='bbox 917 623 1155 662; x_wconf 83' lang='lat' dir='ltr'>auditorum</span> <span class='ocrx_word' id='word_1_79' title='bbox 1174 623 1431 673; x_wconf 89' lang='lat' dir='ltr'>simplicium</span> <span class='ocrx_word' id='word_1_80' title='bbox 1451 623 1614 670; x_wconf 86' lang='lat' dir='ltr'>animis,</span> <span class='ocrx_word' id='word_1_81' title='bbox 1632 623 1681 661; x_wconf 89' lang='lat' dir='ltr'>ad</span> <span class='ocrx_word' id='word_1_82' title='bbox 1703 636 1745 661; x_wconf 89' lang='lat' dir='ltr'>se</span> <span class='ocrx_word' id='word_1_83' title='bbox 1765 625 1907 673; x_wconf 85' lang='lat' dir='ltr'>posset</span> 
     </span>
     <span class='ocr_line' id='line_1_15' title="bbox 302 677 1904 728; baseline 0 -12"><span class='ocrx_word' id='word_1_84' title='bbox 302 678 532 716; x_wconf 77' lang='lat' dir='ltr'>retrahere!</span> <span class='ocrx_word' id='word_1_85' title='bbox 589 678 654 716; x_wconf 83' lang='lat' dir='ltr'>Ex</span> <span class='ocrx_word' id='word_1_86' title='bbox 685 679 914 717; x_wconf 88' lang='lat' dir='ltr'>amicorum</span> <span class='ocrx_word' id='word_1_87' title='bbox 943 677 1075 717; x_wconf 86' lang='lat' dir='ltr'>literis</span> <span class='ocrx_word' id='word_1_88' title='bbox 1108 678 1236 716; x_wconf 91' lang='lat' dir='ltr'>didici</span> <span class='ocrx_word' id='word_1_89' title='bbox 1266 677 1520 716; x_wconf 81' lang='lat' dir='ltr'>monachum</span> <span class='ocrx_word' id='word_1_90' title='bbox 1552 677 1760 727; x_wconf 89' lang='lat' dir='ltr'>quendam</span> <span class='ocrx_word' id='word_1_91' title='bbox 1794 678 1904 728; x_wconf 90' lang='lat' dir='ltr'>apud</span> 
     </span>
     <span class='ocr_line' id='line_1_16' title="bbox 303 732 1903 782; baseline -0.001 -11"><span class='ocrx_word' id='word_1_92' title='bbox 303 732 711 772; x_wconf 87' lang='lat' dir='ltr'>Christianissimum</span> <span class='ocrx_word' id='word_1_93' title='bbox 736 732 966 771; x_wconf 85' lang='lat' dir='ltr'>Galliarum</span> <span class='ocrx_word' id='word_1_94' title='bbox 997 733 1152 781; x_wconf 83' lang='lat' dir='ltr'>Regem</span> <span class='ocrx_word' id='word_1_95' title='bbox 1184 732 1229 771; x_wconf 89' lang='lat' dir='ltr'>in</span> <span class='ocrx_word' id='word_1_96' title='bbox 1256 732 1451 771; x_wconf 78' lang='lat' dir='ltr'>concione</span> <span class='ocrx_word' id='word_1_97' title='bbox 1480 732 1613 782; x_wconf 87' lang='lat' dir='ltr'>magis</span> <span class='ocrx_word' id='word_1_98' title='bbox 1641 732 1770 770; x_wconf 91' lang='lat' dir='ltr'>etiam</span> <span class='ocrx_word' id='word_1_99' title='bbox 1798 732 1903 771; x_wconf 90' lang='lat' dir='ltr'>insa-</span> 
     </span>
     <span class='ocr_line' id='line_1_17' title="bbox 302 786 1906 837; baseline -0.001 -12"><span class='ocrx_word' id='word_1_100' title='bbox 302 787 434 826; x_wconf 82' lang='lat' dir='ltr'>nisse:</span> <span class='ocrx_word' id='word_1_101' title='bbox 481 787 552 837; x_wconf 89' lang='lat' dir='ltr'>qui</span> <span class='ocrx_word' id='word_1_102' title='bbox 582 786 735 826; x_wconf 83' lang='lat' dir='ltr'>dixerit</span> <span class='ocrx_word' id='word_1_103' title='bbox 767 787 852 825; x_wconf 92' lang='lat' dir='ltr'>iam</span> <span class='ocrx_word' id='word_1_104' title='bbox 883 788 1164 825; x_wconf 84' lang='lat' dir='ltr'>aduenturum</span> <span class='ocrx_word' id='word_1_105' title='bbox 1195 787 1519 834; x_wconf 90' lang='lat' dir='ltr'>Antichristum,</span> <span class='ocrx_word' id='word_1_106' title='bbox 1561 799 1656 825; x_wconf 92' lang='lat' dir='ltr'>cum</span> <span class='ocrx_word' id='word_1_107' title='bbox 1690 786 1906 825; x_wconf 83' lang='lat' dir='ltr'>extiterint</span> 
     </span>
     <span class='ocr_line' id='line_1_18' title="bbox 302 841 1905 892; baseline -0.001 -12"><span class='ocrx_word' id='word_1_108' title='bbox 302 844 481 892; x_wconf 87' lang='lat' dir='ltr'>quatuor</span> <span class='ocrx_word' id='word_1_109' title='bbox 512 854 803 892; x_wconf 81' lang='lat' dir='ltr'>praecursoreS‚</span> <span class='ocrx_word' id='word_1_110' title='bbox 843 841 1037 880; x_wconf 86' lang='lat' dir='ltr'>Minorita</span> <span class='ocrx_word' id='word_1_111' title='bbox 1070 842 1207 880; x_wconf 87' lang='lat' dir='ltr'>nescio</span> <span class='ocrx_word' id='word_1_112' title='bbox 1238 841 1331 891; x_wconf 90' lang='lat' dir='ltr'>quis</span> <span class='ocrx_word' id='word_1_113' title='bbox 1364 841 1409 879; x_wconf 93' lang='lat' dir='ltr'>in</span> <span class='ocrx_word' id='word_1_114' title='bbox 1443 841 1578 888; x_wconf 84' lang='lat' dir='ltr'>Italia,</span> <span class='ocrx_word' id='word_1_115' title='bbox 1613 841 1821 880; x_wconf 89' lang='lat' dir='ltr'>Lutherus</span> <span class='ocrx_word' id='word_1_116' title='bbox 1860 841 1905 879; x_wconf 88' lang='lat' dir='ltr'>in</span> 
     </span>
     <span class='ocr_line' id='line_1_19' title="bbox 304 895 1910 944; baseline 0 -10"><span class='ocrx_word' id='word_1_117' title='bbox 304 896 541 944; x_wconf 80' lang='lat' dir='ltr'>Germania,</span> <span class='ocrx_word' id='word_1_118' title='bbox 572 895 746 934; x_wconf 90' lang='lat' dir='ltr'>Iacobus</span> <span class='ocrx_word' id='word_1_119' title='bbox 778 895 909 934; x_wconf 85' lang='lat' dir='ltr'>Faber</span> <span class='ocrx_word' id='word_1_120' title='bbox 936 896 982 934; x_wconf 89' lang='lat' dir='ltr'>in</span> <span class='ocrx_word' id='word_1_121' title='bbox 1012 895 1157 944; x_wconf 77' lang='lat' dir='ltr'>Gallia,</span> <span class='ocrx_word' id='word_1_122' title='bbox 1189 896 1392 934; x_wconf 87' lang='lat' dir='ltr'>Erasmus</span> <span class='ocrx_word' id='word_1_123' title='bbox 1421 895 1465 934; x_wconf 90' lang='lat' dir='ltr'>in</span> <span class='ocrx_word' id='word_1_124' title='bbox 1494 895 1731 934; x_wconf 86' lang='lat' dir='ltr'>Brabantia.</span> <span class='ocrx_word' id='word_1_125' title='bbox 1790 895 1910 941; x_wconf 71' lang='lat' dir='ltr'>Haec,</span> 
     </span>
     <span class='ocr_line' id='line_1_20' title="bbox 304 949 1906 1001; baseline -0.001 -12"><span class='ocrx_word' id='word_1_126' title='bbox 304 951 377 1000; x_wconf 88' lang='lat' dir='ltr'>qui</span> <span class='ocrx_word' id='word_1_127' title='bbox 406 951 573 996; x_wconf 85' lang='lat' dir='ltr'>audent,</span> <span class='ocrx_word' id='word_1_128' title='bbox 607 964 747 989; x_wconf 91' lang='lat' dir='ltr'>nonne</span> <span class='ocrx_word' id='word_1_129' title='bbox 778 964 964 989; x_wconf 88' lang='lat' dir='ltr'>summos</span> <span class='ocrx_word' id='word_1_130' title='bbox 993 950 1201 1001; x_wconf 85' lang='lat' dir='ltr'>principes</span> <span class='ocrx_word' id='word_1_131' title='bbox 1229 953 1300 989; x_wconf 91' lang='lat' dir='ltr'>aut</span> <span class='ocrx_word' id='word_1_132' title='bbox 1330 964 1402 1000; x_wconf 91' lang='lat' dir='ltr'>pro</span> <span class='ocrx_word' id='word_1_133' title='bbox 1430 949 1611 1000; x_wconf 88' lang='lat' dir='ltr'>stupidis</span> <span class='ocrx_word' id='word_1_134' title='bbox 1640 950 1805 998; x_wconf 88' lang='lat' dir='ltr'>habent,</span> <span class='ocrx_word' id='word_1_135' title='bbox 1834 949 1906 999; x_wconf 90' lang='lat' dir='ltr'>qui</span> 
     </span>
     <span class='ocr_line' id='line_1_21' title="bbox 304 1004 1907 1055; baseline -0.001 -12"><span class='ocrx_word' id='word_1_136' title='bbox 304 1005 408 1043; x_wconf 80' lang='lat' dir='ltr'>nihil</span> <span class='ocrx_word' id='word_1_137' title='bbox 437 1005 675 1054; x_wconf 83' lang='lat' dir='ltr'>intelligant</span> <span class='ocrx_word' id='word_1_138' title='bbox 701 1007 740 1044; x_wconf 87' lang='lat' dir='ltr'>et</span> <span class='ocrx_word' id='word_1_139' title='bbox 770 1005 940 1043; x_wconf 85' lang='lat' dir='ltr'>credant</span> <span class='ocrx_word' id='word_1_140' title='bbox 968 1006 1135 1053; x_wconf 88' lang='lat' dir='ltr'>omnia;</span> <span class='ocrx_word' id='word_1_141' title='bbox 1164 1006 1235 1044; x_wconf 88' lang='lat' dir='ltr'>aut</span> <span class='ocrx_word' id='word_1_142' title='bbox 1265 1019 1340 1055; x_wconf 91' lang='lat' dir='ltr'>pro</span> <span class='ocrx_word' id='word_1_143' title='bbox 1368 1005 1570 1055; x_wconf 77' lang='lat' dir='ltr'>pessimis,</span> <span class='ocrx_word' id='word_1_144' title='bbox 1593 1005 1665 1054; x_wconf 89' lang='lat' dir='ltr'>qui</span> <span class='ocrx_word' id='word_1_145' title='bbox 1684 1004 1907 1043; x_wconf 85' lang='lat' dir='ltr'>virulentis</span> 
     </span>
     <span class='ocr_line' id='line_1_22' title="bbox 304 1060 1405 1109; baseline -0.001 -11"><span class='ocrx_word' id='word_1_146' title='bbox 304 1060 529 1098; x_wconf 85' lang='lat' dir='ltr'>mendaciis</span> <span class='ocrx_word' id='word_1_147' title='bbox 548 1060 833 1106; x_wconf 87' lang='lat' dir='ltr'>oblectentur;</span> <span class='ocrx_word' id='word_1_148' title='bbox 862 1062 932 1098; x_wconf 87' lang='lat' dir='ltr'>aut</span> <span class='ocrx_word' id='word_1_149' title='bbox 953 1060 1076 1109; x_wconf 89' lang='lat' dir='ltr'>plane</span> <span class='ocrx_word' id='word_1_150' title='bbox 1095 1061 1405 1098; x_wconf 77' lang='lat' dir='ltr'>contemnunt?</span> 
     </span>
    </p>

    <p class='ocr_par' dir='ltr' id='par_1_9' title="bbox 303 1114 1909 1655">
     <span class='ocr_line' id='line_1_23' title="bbox 360 1114 1906 1164; baseline -0.001 -11"><span class='ocrx_word' id='word_1_151' title='bbox 360 1114 435 1153; x_wconf 86' lang='lat' dir='ltr'>Sed</span> <span class='ocrx_word' id='word_1_152' title='bbox 471 1116 610 1152; x_wconf 89' lang='lat' dir='ltr'>tamen</span> <span class='ocrx_word' id='word_1_153' title='bbox 644 1115 694 1152; x_wconf 91' lang='lat' dir='ltr'>ad</span> <span class='ocrx_word' id='word_1_154' title='bbox 724 1114 814 1162; x_wconf 88' lang='lat' dir='ltr'>ista,</span> <span class='ocrx_word' id='word_1_155' title='bbox 847 1114 1046 1164; x_wconf 88' lang='lat' dir='ltr'>quoniam</span> <span class='ocrx_word' id='word_1_156' title='bbox 1080 1127 1185 1164; x_wconf 90' lang='lat' dir='ltr'>pene</span> <span class='ocrx_word' id='word_1_157' title='bbox 1214 1114 1455 1164; x_wconf 86' lang='lat' dir='ltr'>quotidiana</span> <span class='ocrx_word' id='word_1_158' title='bbox 1488 1117 1598 1160; x_wconf 88' lang='lat' dir='ltr'>sunt,</span> <span class='ocrx_word' id='word_1_159' title='bbox 1635 1125 1709 1163; x_wconf 88' lang='lat' dir='ltr'>par</span> <span class='ocrx_word' id='word_1_160' title='bbox 1741 1115 1804 1151; x_wconf 88' lang='lat' dir='ltr'>est</span> <span class='ocrx_word' id='word_1_161' title='bbox 1838 1126 1906 1152; x_wconf 86' lang='lat' dir='ltr'>me</span> 
     </span>
     <span class='ocr_line' id='line_1_24' title="bbox 304 1167 1905 1218; baseline 0 -12"><span class='ocrx_word' id='word_1_162' title='bbox 304 1168 552 1218; x_wconf 89' lang='lat' dir='ltr'>iampridem</span> <span class='ocrx_word' id='word_1_163' title='bbox 574 1169 812 1207; x_wconf 86' lang='lat' dir='ltr'>occalluisse</span> <span class='ocrx_word' id='word_1_164' title='bbox 828 1182 837 1216; x_wconf 92' lang='lat'>;</span> <span class='ocrx_word' id='word_1_165' title='bbox 867 1170 1113 1218; x_wconf 87' lang='lat' dir='ltr'>praesertim</span> <span class='ocrx_word' id='word_1_166' title='bbox 1133 1182 1228 1206; x_wconf 90' lang='lat' dir='ltr'>cum</span> <span class='ocrx_word' id='word_1_167' title='bbox 1244 1169 1406 1207; x_wconf 87' lang='lat' dir='ltr'>videam</span> <span class='ocrx_word' id='word_1_168' title='bbox 1426 1168 1522 1207; x_wconf 89' lang='lat' dir='ltr'>illos</span> <span class='ocrx_word' id='word_1_169' title='bbox 1541 1167 1701 1206; x_wconf 87' lang='lat' dir='ltr'>insanis</span> <span class='ocrx_word' id='word_1_170' title='bbox 1715 1167 1905 1206; x_wconf 89' lang='lat' dir='ltr'>tumulti·</span> 
     </span>
     <span class='ocr_line' id='line_1_25' title="bbox 304 1222 1909 1273; baseline -0.001 -12"><span class='ocrx_word' id='word_1_171' title='bbox 304 1223 383 1261; x_wconf 87' lang='lat' dir='ltr'>bus</span> <span class='ocrx_word' id='word_1_172' title='bbox 403 1223 510 1261; x_wconf 88' lang='lat' dir='ltr'>nihil</span> <span class='ocrx_word' id='word_1_173' title='bbox 530 1223 643 1262; x_wconf 85' lang='lat' dir='ltr'>aliud</span> <span class='ocrx_word' id='word_1_174' title='bbox 665 1223 823 1261; x_wconf 88' lang='lat' dir='ltr'>efficere</span> <span class='ocrx_word' id='word_1_175' title='bbox 843 1236 967 1273; x_wconf 87' lang='lat' dir='ltr'>quam</span> <span class='ocrx_word' id='word_1_176' title='bbox 986 1225 1034 1262; x_wconf 88' lang='lat' dir='ltr'>vt</span> <span class='ocrx_word' id='word_1_177' title='bbox 1054 1223 1329 1262; x_wconf 77' lang='lat' dir='ltr'>stoliditatem</span> <span class='ocrx_word' id='word_1_178' title='bbox 1357 1236 1474 1262; x_wconf 88' lang='lat' dir='ltr'>suam</span> <span class='ocrx_word' id='word_1_179' title='bbox 1500 1236 1596 1261; x_wconf 90' lang='lat' dir='ltr'>cum</span> <span class='ocrx_word' id='word_1_180' title='bbox 1626 1222 1717 1272; x_wconf 86' lang='lat' dir='ltr'>pari</span> <span class='ocrx_word' id='word_1_181' title='bbox 1741 1222 1909 1260; x_wconf 85' lang='lat' dir='ltr'>inscitia</span> 
     </span>
     <span class='ocr_line' id='line_1_26' title="bbox 304 1276 1906 1328; baseline -0.001 -12"><span class='ocrx_word' id='word_1_182' title='bbox 304 1277 543 1327; x_wconf 87' lang='lat' dir='ltr'>malitiaque</span> <span class='ocrx_word' id='word_1_183' title='bbox 563 1277 827 1316; x_wconf 85' lang='lat' dir='ltr'>coniunctam</span> <span class='ocrx_word' id='word_1_184' title='bbox 852 1277 1030 1328; x_wconf 87' lang='lat' dir='ltr'>prodant</span> <span class='ocrx_word' id='word_1_185' title='bbox 1056 1278 1155 1317; x_wconf 91' lang='lat' dir='ltr'>orbi.</span> <span class='ocrx_word' id='word_1_186' title='bbox 1217 1277 1425 1328; x_wconf 88' lang='lat' dir='ltr'>Equidem</span> <span class='ocrx_word' id='word_1_187' title='bbox 1453 1290 1506 1316; x_wconf 89' lang='lat' dir='ltr'>an</span> <span class='ocrx_word' id='word_1_188' title='bbox 1526 1276 1719 1316; x_wconf 85' lang='lat' dir='ltr'>vtilitatis</span> <span class='ocrx_word' id='word_1_189' title='bbox 1751 1277 1906 1326; x_wconf 89' lang='lat' dir='ltr'>aliquid</span> 
     </span>
     <span class='ocr_line' id='line_1_27' title="bbox 303 1331 1907 1379; baseline -0.001 -9"><span class='ocrx_word' id='word_1_190' title='bbox 303 1332 519 1370; x_wconf 84' lang='lat' dir='ltr'>attulerim</span> <span class='ocrx_word' id='word_1_191' title='bbox 548 1332 675 1371; x_wconf 88' lang='lat' dir='ltr'>sacris</span> <span class='ocrx_word' id='word_1_192' title='bbox 704 1332 854 1371; x_wconf 89' lang='lat' dir='ltr'>studiis</span> <span class='ocrx_word' id='word_1_193' title='bbox 884 1333 1032 1379; x_wconf 89' lang='lat' dir='ltr'>nescio,</span> <span class='ocrx_word' id='word_1_194' title='bbox 1057 1334 1165 1371; x_wconf 88' lang='lat' dir='ltr'>certe</span> <span class='ocrx_word' id='word_1_195' title='bbox 1192 1334 1363 1371; x_wconf 89' lang='lat' dir='ltr'>conatus</span> <span class='ocrx_word' id='word_1_196' title='bbox 1388 1345 1482 1371; x_wconf 91' lang='lat' dir='ltr'>sum</span> <span class='ocrx_word' id='word_1_197' title='bbox 1509 1332 1775 1370; x_wconf 80' lang='lat' dir='ltr'>enixissime:</span> <span class='ocrx_word' id='word_1_198' title='bbox 1804 1333 1851 1370; x_wconf 83' lang='lat' dir='ltr'>vt</span> <span class='ocrx_word' id='word_1_199' title='bbox 1870 1331 1907 1369; x_wconf 88' lang='lat' dir='ltr'>si</span> 
     </span>
     <span class='ocr_line' id='line_1_28' title="bbox 304 1385 1907 1437; baseline -0.001 -12"><span class='ocrx_word' id='word_1_200' title='bbox 304 1387 447 1425; x_wconf 85' lang='lat' dir='ltr'>videor</span> <span class='ocrx_word' id='word_1_201' title='bbox 480 1387 682 1436; x_wconf 85' lang='lat' dir='ltr'>indignu&#39;s</span> <span class='ocrx_word' id='word_1_202' title='bbox 711 1387 854 1437; x_wconf 86' lang='lat' dir='ltr'>gloria,</span> <span class='ocrx_word' id='word_1_203' title='bbox 888 1387 1037 1426; x_wconf 89' lang='lat' dir='ltr'>saltem</span> <span class='ocrx_word' id='word_1_204' title='bbox 1070 1387 1137 1425; x_wconf 89' lang='lat' dir='ltr'>his</span> <span class='ocrx_word' id='word_1_205' title='bbox 1174 1386 1439 1425; x_wconf 82' lang='lat' dir='ltr'>contumeliis</span> <span class='ocrx_word' id='word_1_206' title='bbox 1469 1387 1623 1436; x_wconf 89' lang='lat' dir='ltr'>dignus</span> <span class='ocrx_word' id='word_1_207' title='bbox 1650 1385 1783 1424; x_wconf 83' lang='lat' dir='ltr'>videri</span> <span class='ocrx_word' id='word_1_208' title='bbox 1822 1398 1907 1425; x_wconf 91' lang='lat' dir='ltr'>non</span> 
     </span>
     <span class='ocr_line' id='line_1_29' title="bbox 305 1441 1904 1491; baseline 0 -13"><span class='ocrx_word' id='word_1_209' title='bbox 305 1441 470 1491; x_wconf 88' lang='lat' dir='ltr'>possim.</span> <span class='ocrx_word' id='word_1_210' title='bbox 547 1443 858 1491; x_wconf 82' lang='lat' dir='ltr'>Argumentum</span> <span class='ocrx_word' id='word_1_211' title='bbox 897 1441 1031 1491; x_wconf 89' lang='lat' dir='ltr'>operis</span> <span class='ocrx_word' id='word_1_212' title='bbox 1069 1442 1177 1491; x_wconf 92' lang='lat' dir='ltr'>quod</span> <span class='ocrx_word' id='word_1_213' title='bbox 1216 1441 1324 1480; x_wconf 89' lang='lat' dir='ltr'>mihi</span> <span class='ocrx_word' id='word_1_214' title='bbox 1363 1441 1599 1491; x_wconf 88' lang='lat' dir='ltr'>suppeditat</span> <span class='ocrx_word' id='word_1_215' title='bbox 1644 1442 1716 1479; x_wconf 87' lang='lat' dir='ltr'>tua</span> <span class='ocrx_word' id='word_1_216' title='bbox 1763 1441 1904 1490; x_wconf 87' lang='lat' dir='ltr'>pietas,</span> 
     </span>
     <span class='ocr_line' id='line_1_30' title="bbox 304 1494 1904 1545; baseline -0.001 -12"><span class='ocrx_word' id='word_1_217' title='bbox 304 1495 470 1534; x_wconf 85' lang='lat' dir='ltr'>etiamsi</span> <span class='ocrx_word' id='word_1_218' title='bbox 491 1497 673 1534; x_wconf 80' lang='lat' dir='ltr'>maxime</span> <span class='ocrx_word' id='word_1_219' title='bbox 693 1496 945 1545; x_wconf 86' lang='lat' dir='ltr'>probaretur,</span> <span class='ocrx_word' id='word_1_220' title='bbox 963 1498 1106 1534; x_wconf 87' lang='lat' dir='ltr'>tamen</span> <span class='ocrx_word' id='word_1_221' title='bbox 1125 1497 1170 1534; x_wconf 92' lang='lat' dir='ltr'>in</span> <span class='ocrx_word' id='word_1_222' title='bbox 1186 1496 1415 1544; x_wconf 80' lang='lat' dir='ltr'>praesentia</span> <span class='ocrx_word' id='word_1_223' title='bbox 1435 1509 1520 1534; x_wconf 92' lang='lat' dir='ltr'>non</span> <span class='ocrx_word' id='word_1_224' title='bbox 1536 1494 1706 1534; x_wconf 82' lang='lat' dir='ltr'>vacabat</span> <span class='ocrx_word' id='word_1_225' title='bbox 1725 1495 1904 1545; x_wconf 84' lang='lat' dir='ltr'>aggredi,</span> 
     </span>
     <span class='ocr_line' id='line_1_31' title="bbox 304 1549 1907 1599; baseline 0 -11"><span class='ocrx_word' id='word_1_226' title='bbox 304 1550 348 1588; x_wconf 92' lang='lat' dir='ltr'>in</span> <span class='ocrx_word' id='word_1_227' title='bbox 385 1551 622 1589; x_wconf 89' lang='lat' dir='ltr'>adornanda</span> <span class='ocrx_word' id='word_1_228' title='bbox 655 1551 778 1589; x_wconf 83' lang='lat' dir='ltr'>tertia</span> <span class='ocrx_word' id='word_1_229' title='bbox 808 1550 916 1589; x_wconf 92' lang='lat' dir='ltr'>Noui</span> <span class='ocrx_word' id='word_1_230' title='bbox 948 1550 1207 1589; x_wconf 81' lang='lat' dir='ltr'>Testamenti</span> <span class='ocrx_word' id='word_1_231' title='bbox 1242 1550 1448 1588; x_wconf 86' lang='lat' dir='ltr'>aeditione</span> <span class='ocrx_word' id='word_1_232' title='bbox 1486 1552 1527 1589; x_wconf 87' lang='lat' dir='ltr'>et</span> <span class='ocrx_word' id='word_1_233' title='bbox 1565 1549 1907 1599; x_wconf 88' lang='lat' dir='ltr'>recognoscendis</span> 
     </span>
     <span class='ocr_line' id='line_1_32' title="bbox 306 1604 1904 1655; baseline -0.001 -13"><span class='ocrx_word' id='word_1_234' title='bbox 306 1604 394 1642; x_wconf 89' lang='lat' dir='ltr'>diui</span> <span class='ocrx_word' id='word_1_235' title='bbox 414 1605 644 1654; x_wconf 85' lang='lat' dir='ltr'>Augustini</span> <span class='ocrx_word' id='word_1_236' title='bbox 664 1605 782 1643; x_wconf 89' lang='lat' dir='ltr'>libris</span> <span class='ocrx_word' id='word_1_237' title='bbox 803 1606 1134 1655; x_wconf 84' lang='lat' dir='ltr'>occupatissimo.</span> <span class='ocrx_word' id='word_1_238' title='bbox 1197 1605 1274 1643; x_wconf 84' lang='lat' dir='ltr'>Sed</span> <span class='ocrx_word' id='word_1_239' title='bbox 1297 1606 1345 1643; x_wconf 85' lang='lat' dir='ltr'>de</span> <span class='ocrx_word' id='word_1_240' title='bbox 1366 1605 1443 1643; x_wconf 80' lang='lat' dir='ltr'>hoc</span> <span class='ocrx_word' id='word_1_241' title='bbox 1470 1606 1564 1654; x_wconf 88' lang='lat' dir='ltr'>post</span> <span class='ocrx_word' id='word_1_242' title='bbox 1590 1604 1904 1651; x_wconf 84' lang='lat' dir='ltr'>consultabitur,</span> 
     </span>
    </p>
   </div>
   <div class='ocr_carea' id='block_1_8' title="bbox 271 1659 1906 1709">
    <p class='ocr_par' dir='ltr' id='par_1_10' title="bbox 271 1659 1906 1709">
     <span class='ocr_line' id='line_1_33' title="bbox 271 1659 1906 1709; baseline 0 -13"><span class='ocrx_word' id='word_1_243' title='bbox 271 1678 282 1686; x_wconf 87' lang='lat'><em>-</em></span> <span class='ocrx_word' id='word_1_244' title='bbox 306 1671 400 1696; x_wconf 90' lang='lat' dir='ltr'>cum</span> <span class='ocrx_word' id='word_1_245' title='bbox 431 1673 474 1697; x_wconf 91' lang='lat' dir='ltr'>se</span> <span class='ocrx_word' id='word_1_246' title='bbox 507 1659 620 1697; x_wconf 86' lang='lat' dir='ltr'>dabit</span> <span class='ocrx_word' id='word_1_247' title='bbox 651 1660 798 1699; x_wconf 87' lang='lat' dir='ltr'>otium.</span> <span class='ocrx_word' id='word_1_248' title='bbox 857 1660 1036 1698; x_wconf 90' lang='lat' dir='ltr'>Interim</span> <span class='ocrx_word' id='word_1_249' title='bbox 1067 1659 1247 1698; x_wconf 88' lang='lat' dir='ltr'>demiror</span> <span class='ocrx_word' id='word_1_250' title='bbox 1274 1661 1392 1698; x_wconf 89' lang='lat' dir='ltr'>tuam</span> <span class='ocrx_word' id='word_1_251' title='bbox 1423 1659 1746 1709; x_wconf 82' lang='lat' dir='ltr'>amplitudinem</span> <span class='ocrx_word' id='word_1_252' title='bbox 1779 1659 1856 1696; x_wconf 87' lang='lat' dir='ltr'>hoc</span> <span class='ocrx_word' id='word_1_253' title='bbox 1885 1671 1906 1696; x_wconf 89' lang='lat' dir='ltr'>e</span> 
     </span>
    </p>
   </div>
   <div class='ocr_carea' id='block_1_9' title="bbox 306 1713 1908 1924">
    <p class='ocr_par' dir='ltr' id='par_1_11' title="bbox 306 1713 1908 1924">
     <span class='ocr_line' id='line_1_34' title="bbox 306 1713 1905 1763; baseline -0.001 -12"><span class='ocrx_word' id='word_1_254' title='bbox 306 1713 460 1752; x_wconf 84' lang='lat' dir='ltr'>nostris</span> <span class='ocrx_word' id='word_1_255' title='bbox 497 1713 659 1752; x_wconf 85' lang='lat' dir='ltr'>lacunis</span> <span class='ocrx_word' id='word_1_256' title='bbox 696 1716 847 1763; x_wconf 87' lang='lat' dir='ltr'>petere,</span> <span class='ocrx_word' id='word_1_257' title='bbox 886 1727 981 1752; x_wconf 91' lang='lat' dir='ltr'>cum</span> <span class='ocrx_word' id='word_1_258' title='bbox 1020 1713 1134 1752; x_wconf 86' lang='lat' dir='ltr'>domi</span> <span class='ocrx_word' id='word_1_259' title='bbox 1172 1714 1323 1752; x_wconf 81' lang='lat' dir='ltr'>habeas</span> <span class='ocrx_word' id='word_1_260' title='bbox 1355 1714 1613 1752; x_wconf 86' lang='lat' dir='ltr'>vberrimum</span> <span class='ocrx_word' id='word_1_261' title='bbox 1651 1713 1905 1762; x_wconf 81' lang='lat' dir='ltr'>optimarum</span> 
     </span>
     <span class='ocr_line' id='line_1_35' title="bbox 306 1767 1907 1817; baseline -0.001 -12"><span class='ocrx_word' id='word_1_262' title='bbox 306 1781 446 1806; x_wconf 89' lang='lat' dir='ltr'>rerum</span> <span class='ocrx_word' id='word_1_263' title='bbox 467 1768 639 1817; x_wconf 80' lang='lat' dir='ltr'>fontem,</span> <span class='ocrx_word' id='word_1_264' title='bbox 663 1768 864 1807; x_wconf 77' lang='lat' dir='ltr'>Iodoeum</span> <span class='ocrx_word' id='word_1_265' title='bbox 884 1768 1172 1807; x_wconf 83' lang='lat' dir='ltr'>Clothoueum.</span> <span class='ocrx_word' id='word_1_266' title='bbox 1233 1768 1349 1817; x_wconf 78' lang='lat' dir='ltr'>Quod</span> <span class='ocrx_word' id='word_1_267' title='bbox 1371 1768 1493 1806; x_wconf 86' lang='lat' dir='ltr'>offers</span> <span class='ocrx_word' id='word_1_268' title='bbox 1514 1781 1637 1806; x_wconf 86' lang='lat' dir='ltr'>omne</span> <span class='ocrx_word' id='word_1_269' title='bbox 1658 1767 1845 1806; x_wconf 86' lang='lat' dir='ltr'>studium</span> <span class='ocrx_word' id='word_1_270' title='bbox 1866 1769 1907 1805; x_wconf 91' lang='lat' dir='ltr'>et</span> 
     </span>
     <span class='ocr_line' id='line_1_36' title="bbox 306 1821 1905 1873; baseline -0.001 -13"><span class='ocrx_word' id='word_1_271' title='bbox 306 1822 487 1861; x_wconf 84' lang='lat' dir='ltr'>officium</span> <span class='ocrx_word' id='word_1_272' title='bbox 507 1824 640 1869; x_wconf 90' lang='lat' dir='ltr'>tuum,</span> <span class='ocrx_word' id='word_1_273' title='bbox 664 1823 772 1861; x_wconf 89' lang='lat' dir='ltr'>nihil</span> <span class='ocrx_word' id='word_1_274' title='bbox 792 1823 837 1861; x_wconf 89' lang='lat' dir='ltr'>in</span> <span class='ocrx_word' id='word_1_275' title='bbox 858 1823 1092 1872; x_wconf 85' lang='lat' dir='ltr'>praesentia</span> <span class='ocrx_word' id='word_1_276' title='bbox 1118 1826 1210 1873; x_wconf 89' lang='lat' dir='ltr'>peto</span> <span class='ocrx_word' id='word_1_277' title='bbox 1238 1823 1320 1861; x_wconf 89' lang='lat' dir='ltr'>nisi</span> <span class='ocrx_word' id='word_1_278' title='bbox 1339 1824 1385 1861; x_wconf 85' lang='lat' dir='ltr'>vt</span> <span class='ocrx_word' id='word_1_279' title='bbox 1406 1835 1550 1872; x_wconf 85' lang='lat' dir='ltr'>pergas</span> <span class='ocrx_word' id='word_1_280' title='bbox 1570 1822 1707 1860; x_wconf 86' lang='lat' dir='ltr'>fauere</span> <span class='ocrx_word' id='word_1_281' title='bbox 1727 1821 1905 1860; x_wconf 86' lang='lat' dir='ltr'>meliori-</span> 
     </span>
     <span class='ocr_line' id='line_1_37' title="bbox 306 1875 1908 1924; baseline 0 -10"><span class='ocrx_word' id='word_1_282' title='bbox 306 1876 383 1914; x_wconf 89' lang='lat' dir='ltr'>bus</span> <span class='ocrx_word' id='word_1_283' title='bbox 403 1877 536 1915; x_wconf 88' lang='lat' dir='ltr'>literis</span> <span class='ocrx_word' id='word_1_284' title='bbox 555 1891 599 1915; x_wconf 90' lang='lat' dir='ltr'>ac</span> <span class='ocrx_word' id='word_1_285' title='bbox 616 1878 741 1916; x_wconf 86' lang='lat' dir='ltr'>sacris</span> <span class='ocrx_word' id='word_1_286' title='bbox 760 1877 923 1924; x_wconf 83' lang='lat' dir='ltr'>studiis,</span> <span class='ocrx_word' id='word_1_287' title='bbox 939 1879 982 1916; x_wconf 76' lang='lat' dir='ltr'>et</span> <span class='ocrx_word' id='word_1_288' title='bbox 998 1877 1220 1916; x_wconf 88' lang='lat' dir='ltr'>Erasmum</span> <span class='ocrx_word' id='word_1_289' title='bbox 1240 1877 1350 1916; x_wconf 87' lang='lat' dir='ltr'>inter</span> <span class='ocrx_word' id='word_1_290' title='bbox 1369 1879 1463 1915; x_wconf 88' lang='lat' dir='ltr'>tuos</span> <span class='ocrx_word' id='word_1_291' title='bbox 1484 1877 1675 1916; x_wconf 85' lang='lat' dir='ltr'>ascribas.</span> <span class='ocrx_word' id='word_1_292' title='bbox 1721 1875 1908 1915; x_wconf 87' lang='lat' dir='ltr'>Habebis</span> 
     </span>
    </p>
   </div>
   <div class='ocr_carea' id='block_1_10' title="bbox 246 1931 1658 1979">
    <p class='ocr_par' dir='ltr' id='par_1_12' title="bbox 246 1931 1658 1979">
     <span class='ocr_line' id='line_1_38' title="bbox 246 1931 1658 1979; baseline 0 -10"><span class='ocrx_word' id='word_1_293' title='bbox 246 1949 262 1979; x_wconf 80' lang='lat'>5</span> <span class='ocrx_word' id='word_1_294' title='bbox 305 1931 555 1970; x_wconf 88' lang='lat' dir='ltr'>clientulum</span> <span class='ocrx_word' id='word_1_295' title='bbox 577 1934 618 1969; x_wconf 91' lang='lat' dir='ltr'>et</span> <span class='ocrx_word' id='word_1_296' title='bbox 637 1934 848 1970; x_wconf 88' lang='lat' dir='ltr'>amantem</span> <span class='ocrx_word' id='word_1_297' title='bbox 869 1934 910 1970; x_wconf 90' lang='lat' dir='ltr'>et</span> <span class='ocrx_word' id='word_1_298' title='bbox 930 1931 1108 1970; x_wconf 88' lang='lat' dir='ltr'>minime</span> <span class='ocrx_word' id='word_1_299' title='bbox 1128 1945 1362 1971; x_wconf 84' lang='lat' dir='ltr'>onerosum.</span> <span class='ocrx_word' id='word_1_300' title='bbox 1423 1932 1535 1970; x_wconf 86' lang='lat' dir='ltr'>Bene</span> <span class='ocrx_word' id='word_1_301' title='bbox 1554 1931 1658 1970; x_wconf 84' lang='lat' dir='ltr'>vale.</span> 
     </span>
    </p>
   </div>
   <div class='ocr_carea' id='block_1_11' title="bbox 360 1985 1573 2026">
    <p class='ocr_par' dir='ltr' id='par_1_13' title="bbox 360 1985 1573 2026">
     <span class='ocr_line' id='line_1_39' title="bbox 360 1985 1573 2026; baseline 0.001 -3"><span class='ocrx_word' id='word_1_302' title='bbox 360 1985 424 2024; x_wconf 84' lang='lat' dir='ltr'>Ex</span> <span class='ocrx_word' id='word_1_303' title='bbox 443 1999 536 2024; x_wconf 88' lang='lat' dir='ltr'>rure</span> <span class='ocrx_word' id='word_1_304' title='bbox 558 1987 803 2025; x_wconf 83' lang='lat' dir='ltr'>Andrelaco.</span> <span class='ocrx_word' id='word_1_305' title='bbox 826 1999 892 2026; x_wconf 82' lang='lat' dir='ltr'>xv.</span> <span class='ocrx_word' id='word_1_306' title='bbox 917 1986 1000 2025; x_wconf 82' lang='lat' dir='ltr'>Cal.</span> <span class='ocrx_word' id='word_1_307' title='bbox 1025 1986 1165 2025; x_wconf 86' lang='lat' dir='ltr'>Iulias.</span> <span class='ocrx_word' id='word_1_308' title='bbox 1224 1987 1351 2025; x_wconf 90' lang='lat' dir='ltr'>Anno</span> <span class='ocrx_word' id='word_1_309' title='bbox 1372 1986 1573 2025; x_wconf 73' lang='lat' dir='ltr'>M.D.x&gt;;1.</span> 
     </span>
    </p>
   </div>
   <div class='ocr_carea' id='block_1_12' title="bbox 683 2164 1529 2220">
    <p class='ocr_par' dir='ltr' id='par_1_14' title="bbox 683 2164 1529 2220">
     <span class='ocr_line' id='line_1_40' title="bbox 683 2164 1529 2220; baseline -0.001 -15"><span class='ocrx_word' id='word_1_310' title='bbox 683 2165 863 2220; x_wconf 73' lang='grc'>12131236</span> <span class='ocrx_word' id='word_1_311' title='bbox 924 2164 1056 2206; x_wconf 77' lang='lat' dir='ltr'><strong>FROM</strong></span> <span class='ocrx_word' id='word_1_312' title='bbox 1087 2164 1217 2206; x_wconf 74' lang='lat' dir='ltr'>PAUL</span> <span class='ocrx_word' id='word_1_313' title='bbox 1248 2164 1529 2206; x_wconf 80' lang='lat' dir='ltr'>BOMBASIUS.</span> 
     </span>
    </p>
   </div>
   <div class='ocr_carea' id='block_1_13' title="bbox 351 2269 1859 2376">
    <p class='ocr_par' dir='ltr' id='par_1_15' title="bbox 351 2269 1859 2376">
     <span class='ocr_line' id='line_1_41' title="bbox 351 2269 1788 2317; baseline 0.001 -12"><span class='ocrx_word' id='word_1_314' title='bbox 351 2269 544 2315; x_wconf 86' lang='lat' dir='ltr'>Epistolae</span> <span class='ocrx_word' id='word_1_315' title='bbox 563 2271 610 2307; x_wconf 87' lang='lat' dir='ltr'>ad</span> <span class='ocrx_word' id='word_1_316' title='bbox 629 2271 793 2308; x_wconf 85' lang='lat' dir='ltr'>diuersos</span> <span class='ocrx_word' id='word_1_317' title='bbox 810 2284 845 2317; x_wconf 88' lang='lat' dir='ltr'>p.</span> <span class='ocrx_word' id='word_1_318' title='bbox 864 2273 945 2315; x_wconf 82' lang='lat'>646.</span> <span class='ocrx_word' id='word_1_319' title='bbox 1498 2277 1501 2280; x_wconf 75' lang='grc'><strong><em>’</em></strong></span> <span class='ocrx_word' id='word_1_320' title='bbox 1663 2271 1788 2307; x_wconf 88' lang='lat' dir='ltr'>Rome.</span> 
     </span>
     <span class='ocr_line' id='line_1_42' title="bbox 352 2328 1859 2376; baseline 0.001 -13"><span class='ocrx_word' id='word_1_321' title='bbox 352 2328 447 2364; x_wconf 88' lang='lat' dir='ltr'>HN:</span> <span class='ocrx_word' id='word_1_322' title='bbox 474 2329 593 2366; x_wconf 87' lang='lat' dir='ltr'>Lond.</span> <span class='ocrx_word' id='word_1_323' title='bbox 612 2330 699 2365; x_wconf 84' lang='lat' dir='ltr'>xvii.</span> <span class='ocrx_word' id='word_1_324' title='bbox 722 2341 789 2375; x_wconf 86' lang='lat'>13:</span> <span class='ocrx_word' id='word_1_325' title='bbox 817 2330 890 2366; x_wconf 88' lang='lat' dir='ltr'>LB.</span> <span class='ocrx_word' id='word_1_326' title='bbox 911 2339 990 2376; x_wconf 89' lang='grc'>579-</span> <span class='ocrx_word' id='word_1_327' title='bbox 1578 2332 1618 2366; x_wconf 89' lang='lat'>18</span> <span class='ocrx_word' id='word_1_328' title='bbox 1637 2329 1734 2366; x_wconf 86' lang='lat' dir='ltr'>June</span> <span class='ocrx_word' id='word_1_329' title='bbox 1756 2339 1859 2374; x_wconf 79' lang='lat'>1521.</span> 
     </span>
    </p>
   </div>
   <div class='ocr_carea' id='block_1_14' title="bbox 622 2444 1588 2475">
    <p class='ocr_par' dir='ltr' id='par_1_16' title="bbox 622 2444 1588 2475">
     <span class='ocr_line' id='line_1_43' title="bbox 622 2444 1588 2475; baseline 0.001 -1"><span class='ocrx_word' id='word_1_330' title='bbox 622 2444 794 2474; x_wconf 67' lang='lat' dir='ltr'><strong>PAVLVS</strong></span> <span class='ocrx_word' id='word_1_331' title='bbox 825 2444 1078 2475; x_wconf 86' lang='lat' dir='ltr'>BOMBASIVS</span> <span class='ocrx_word' id='word_1_332' title='bbox 1107 2444 1287 2474; x_wconf 80' lang='lat' dir='ltr'><strong>ERASMO</strong></span> <span class='ocrx_word' id='word_1_333' title='bbox 1318 2444 1399 2475; x_wconf 88' lang='lat' dir='ltr'>SVO</span> <span class='ocrx_word' id='word_1_334' title='bbox 1431 2444 1464 2475; x_wconf 88' lang='lat' dir='ltr'>S.</span> <span class='ocrx_word' id='word_1_335' title='bbox 1486 2445 1523 2475; x_wconf 89' lang='lat' dir='ltr'>P.</span> <span class='ocrx_word' id='word_1_336' title='bbox 1546 2445 1588 2475; x_wconf 90' lang='lat' dir='ltr'>D.</span> 
     </span>
    </p>
   </div>
   <div class='ocr_carea' id='block_1_15' title="bbox 305 2535 1908 2642">
    <p class='ocr_par' dir='ltr' id='par_1_17' title="bbox 305 2535 1908 2642">
     <span class='ocr_line' id='line_1_44' title="bbox 360 2535 1906 2587; baseline 0 -12"><span class='ocrx_word' id='word_1_337' title='bbox 360 2537 478 2585; x_wconf 73' lang='lat' dir='ltr'>QVOD</span> <span class='ocrx_word' id='word_1_338' title='bbox 499 2538 584 2575; x_wconf 85' lang='lat' dir='ltr'>tam</span> <span class='ocrx_word' id='word_1_339' title='bbox 605 2537 864 2587; x_wconf 87' lang='lat' dir='ltr'>negligenter</span> <span class='ocrx_word' id='word_1_340' title='bbox 883 2539 925 2576; x_wconf 92' lang='lat' dir='ltr'>et</span> <span class='ocrx_word' id='word_1_341' title='bbox 951 2550 1042 2576; x_wconf 85' lang='lat' dir='ltr'>raro</span> <span class='ocrx_word' id='word_1_342' title='bbox 1070 2537 1121 2575; x_wconf 89' lang='lat' dir='ltr'>ad</span> <span class='ocrx_word' id='word_1_343' title='bbox 1144 2539 1185 2575; x_wconf 89' lang='lat' dir='ltr'>te</span> <span class='ocrx_word' id='word_1_344' title='bbox 1210 2537 1354 2585; x_wconf 89' lang='lat' dir='ltr'>scribo,</span> <span class='ocrx_word' id='word_1_345' title='bbox 1378 2537 1438 2576; x_wconf 88' lang='lat' dir='ltr'>mi</span> <span class='ocrx_word' id='word_1_346' title='bbox 1459 2537 1643 2585; x_wconf 89' lang='lat' dir='ltr'>Erasme,</span> <span class='ocrx_word' id='word_1_347' title='bbox 1666 2535 1755 2576; x_wconf 88' lang='lat' dir='ltr'>noli</span> <span class='ocrx_word' id='word_1_348' title='bbox 1780 2536 1906 2576; x_wconf 84' lang='lat' dir='ltr'>aliam</span> 
     </span>
     <span class='ocr_line' id='line_1_45' title="bbox 305 2591 1908 2642; baseline -0.001 -12"><span class='ocrx_word' id='word_1_349' title='bbox 305 2604 470 2630; x_wconf 88' lang='lat' dir='ltr'>causam</span> <span class='ocrx_word' id='word_1_350' title='bbox 498 2593 642 2641; x_wconf 81' lang='lat' dir='ltr'>putare</span> <span class='ocrx_word' id='word_1_351' title='bbox 671 2605 797 2642; x_wconf 86' lang='lat' dir='ltr'>quam</span> <span class='ocrx_word' id='word_1_352' title='bbox 826 2591 1034 2631; x_wconf 88' lang='lat' dir='ltr'>assiduam</span> <span class='ocrx_word' id='word_1_353' title='bbox 1069 2593 1111 2630; x_wconf 83' lang='lat' dir='ltr'>et</span> <span class='ocrx_word' id='word_1_354' title='bbox 1149 2592 1365 2630; x_wconf 86' lang='lat' dir='ltr'>confusam</span> <span class='ocrx_word' id='word_1_355' title='bbox 1396 2592 1607 2642; x_wconf 87' lang='lat' dir='ltr'>quandam</span> <span class='ocrx_word' id='word_1_356' title='bbox 1642 2591 1908 2641; x_wconf 89' lang='lat' dir='ltr'>negociorum</span> 
     </span>
    </p>
   </div>
   <div class='ocr_carea' id='block_1_16' title="bbox 352 2703 1909 2744">
    <p class='ocr_par' dir='ltr' id='par_1_18' title="bbox 352 2703 1909 2744">
     <span class='ocr_line' id='line_1_46' title="bbox 352 2703 1909 2744; baseline 0.001 -10"><span class='ocrx_word' id='word_1_357' title='bbox 352 2705 444 2735; x_wconf 79' lang='lat'>1212.</span> <span class='ocrx_word' id='word_1_358' title='bbox 472 2704 524 2743; x_wconf 85' lang='lat'>36.</span> <span class='ocrx_word' id='word_1_359' title='bbox 551 2707 609 2735; x_wconf 88' lang='lat' dir='ltr'>H:</span> <span class='ocrx_word' id='word_1_360' title='bbox 633 2705 825 2736; x_wconf 81' lang='lat' dir='ltr'>occaluisse</span> <span class='ocrx_word' id='word_1_361' title='bbox 840 2708 875 2735; x_wconf 85' lang='lat' dir='ltr'>F.</span> <span class='ocrx_word' id='word_1_362' title='bbox 959 2714 1012 2744; x_wconf 90' lang='lat'>47.</span> <span class='ocrx_word' id='word_1_363' title='bbox 1031 2703 1260 2735; x_wconf 85' lang='lat' dir='ltr'>Clithoueum</span> <span class='ocrx_word' id='word_1_364' title='bbox 1277 2707 1328 2735; x_wconf 86' lang='lat' dir='ltr'>H:</span> <span class='ocrx_word' id='word_1_365' title='bbox 1354 2704 1557 2735; x_wconf 88' lang='lat' dir='ltr'>Clitoueum</span> <span class='ocrx_word' id='word_1_366' title='bbox 1574 2707 1615 2736; x_wconf 81' lang='lat' dir='ltr'>N.</span> <span class='ocrx_word' id='word_1_367' title='bbox 1692 2714 1744 2744; x_wconf 87' lang='lat'>51.</span> <span class='ocrx_word' id='word_1_368' title='bbox 1771 2704 1909 2736; x_wconf 83' lang='lat' dir='ltr'>Ander-</span> 
     </span>
    </p>
   </div>
   <div class='ocr_carea' id='block_1_17' title="bbox 307 2747 1908 3009">
    <p class='ocr_par' dir='ltr' id='par_1_19' title="bbox 307 2747 1424 2780">
     <span class='ocr_line' id='line_1_47' title="bbox 307 2747 1424 2780; baseline 0.002 -2"><span class='ocrx_word' id='word_1_369' title='bbox 307 2747 382 2778; x_wconf 85' lang='lat' dir='ltr'>laco</span> <span class='ocrx_word' id='word_1_370' title='bbox 399 2750 442 2778; x_wconf 91' lang='lat' dir='ltr'>H.</span> <span class='ocrx_word' id='word_1_371' title='bbox 535 2748 630 2779; x_wconf 78' lang='lat'>1213.</span> <span class='ocrx_word' id='word_1_372' title='bbox 655 2758 719 2779; x_wconf 81' lang='grc' dir='ltr'><strong>Τ1Τ.</strong></span> <span class='ocrx_word' id='word_1_373' title='bbox 737 2758 799 2780; x_wconf 86' lang='lat' dir='ltr'>svo</span> <span class='ocrx_word' id='word_1_374' title='bbox 817 2757 843 2779; x_wconf 86' lang='lat' dir='ltr'>s.</span> <span class='ocrx_word' id='word_1_375' title='bbox 863 2758 892 2779; x_wconf 85' lang='lat' dir='ltr'>P.</span> <span class='ocrx_word' id='word_1_376' title='bbox 913 2758 946 2779; x_wconf 85' lang='lat' dir='ltr'>D.</span> <span class='ocrx_word' id='word_1_377' title='bbox 970 2751 1012 2779; x_wconf 71' lang='lat' dir='ltr'>Fx</span> <span class='ocrx_word' id='word_1_378' title='bbox 1036 2757 1268 2778; x_wconf 78' lang='lat' dir='ltr'><strong>ROTERODAMO</strong></span> <span class='ocrx_word' id='word_1_379' title='bbox 1286 2757 1311 2778; x_wconf 87' lang='lat' dir='ltr'>s.</span> <span class='ocrx_word' id='word_1_380' title='bbox 1329 2757 1364 2780; x_wconf 86' lang='lat' dir='ltr'>D.</span> <span class='ocrx_word' id='word_1_381' title='bbox 1382 2751 1424 2780; x_wconf 92' lang='lat' dir='ltr'>H.</span> 
     </span>
    </p>

    <p class='ocr_par' dir='ltr' id='par_1_20' title="bbox 307 2835 1908 2964">
     <span class='ocr_line' id='line_1_48' title="bbox 354 2835 1908 2878; baseline 0.002 -13"><span class='ocrx_word' id='word_1_382' title='bbox 354 2836 448 2867; x_wconf 82' lang='lat'>1212.</span> <span class='ocrx_word' id='word_1_383' title='bbox 476 2845 529 2875; x_wconf 86' lang='lat'>27.</span> <span class='ocrx_word' id='word_1_384' title='bbox 558 2835 794 2877; x_wconf 86' lang='lat' dir='ltr'>monachum]</span> <span class='ocrx_word' id='word_1_385' title='bbox 820 2836 872 2868; x_wconf 85' lang='lat' dir='ltr'>cf.</span> <span class='ocrx_word' id='word_1_386' title='bbox 895 2836 958 2876; x_wconf 88' lang='lat' dir='ltr'>Ep.</span> <span class='ocrx_word' id='word_1_387' title='bbox 981 2846 1074 2876; x_wconf 91' lang='lat'>1192.</span> <span class='ocrx_word' id='word_1_388' title='bbox 1190 2847 1243 2876; x_wconf 84' lang='lat'>43.</span> <span class='ocrx_word' id='word_1_389' title='bbox 1270 2837 1363 2867; x_wconf 90' lang='lat' dir='ltr'>Noui</span> <span class='ocrx_word' id='word_1_390' title='bbox 1386 2836 1622 2878; x_wconf 84' lang='lat' dir='ltr'>Testamenti]</span> <span class='ocrx_word' id='word_1_391' title='bbox 1647 2837 1712 2869; x_wconf 88' lang='lat' dir='ltr'>See</span> <span class='ocrx_word' id='word_1_392' title='bbox 1729 2837 1791 2878; x_wconf 88' lang='lat' dir='ltr'>Ep.</span> <span class='ocrx_word' id='word_1_393' title='bbox 1814 2846 1908 2876; x_wconf 86' lang='lat'>1174.</span> 
     </span>
     <span class='ocr_line' id='line_1_49' title="bbox 307 2880 1906 2921; baseline 0.001 -12"><span class='ocrx_word' id='word_1_394' title='bbox 307 2888 388 2919; x_wconf 86' lang='lat' dir='ltr'>25n.</span> <span class='ocrx_word' id='word_1_395' title='bbox 1150 2889 1224 2919; x_wconf 87' lang='lat' dir='ltr'>15n.</span> <span class='ocrx_word' id='word_1_396' title='bbox 1259 2881 1316 2911; x_wconf 88' lang='lat' dir='ltr'>He</span> <span class='ocrx_word' id='word_1_397' title='bbox 1329 2890 1401 2912; x_wconf 85' lang='lat' dir='ltr'>was</span> <span class='ocrx_word' id='word_1_398' title='bbox 1415 2891 1496 2911; x_wconf 87' lang='lat' dir='ltr'>now</span> <span class='ocrx_word' id='word_1_399' title='bbox 1507 2881 1597 2921; x_wconf 84' lang='lat' dir='ltr'>busy</span> <span class='ocrx_word' id='word_1_400' title='bbox 1608 2882 1697 2912; x_wconf 87' lang='lat' dir='ltr'>with</span> <span class='ocrx_word' id='word_1_401' title='bbox 1711 2881 1771 2912; x_wconf 87' lang='lat' dir='ltr'>the</span> <span class='ocrx_word' id='word_1_402' title='bbox 1789 2880 1906 2911; x_wconf 85' lang='lat' dir='ltr'>Notes.</span> 
     </span>
     <span class='ocr_line' id='line_1_50' title="bbox 351 2922 1848 2964; baseline 0.001 -11"><span class='ocrx_word' id='word_1_403' title='bbox 351 2932 404 2961; x_wconf 87' lang='lat'>30.</span> <span class='ocrx_word' id='word_1_404' title='bbox 429 2923 686 2962; x_wconf 76' lang='lat' dir='ltr'>praecursores]</span> <span class='ocrx_word' id='word_1_405' title='bbox 704 2922 754 2954; x_wconf 89' lang='lat' dir='ltr'>Cf.</span> <span class='ocrx_word' id='word_1_406' title='bbox 774 2923 837 2963; x_wconf 88' lang='lat' dir='ltr'>Ep.</span> <span class='ocrx_word' id='word_1_407' title='bbox 858 2932 948 2962; x_wconf 80' lang='lat'>1192.</span> <span class='ocrx_word' id='word_1_408' title='bbox 968 2923 1047 2954; x_wconf 75' lang='lat'>2611.</span> <span class='ocrx_word' id='word_1_409' title='bbox 1191 2934 1244 2962; x_wconf 89' lang='lat'>44.</span> <span class='ocrx_word' id='word_1_410' title='bbox 1269 2924 1476 2964; x_wconf 83' lang='lat' dir='ltr'>Augustini]</span> <span class='ocrx_word' id='word_1_411' title='bbox 1493 2924 1559 2955; x_wconf 86' lang='lat' dir='ltr'>See</span> <span class='ocrx_word' id='word_1_412' title='bbox 1576 2924 1637 2964; x_wconf 91' lang='lat' dir='ltr'>Ep.</span> <span class='ocrx_word' id='word_1_413' title='bbox 1657 2934 1751 2963; x_wconf 82' lang='lat'>1¹44·</span> <span class='ocrx_word' id='word_1_414' title='bbox 1771 2933 1848 2962; x_wconf 88' lang='lat' dir='ltr'>71n.</span> 
     </span>
    </p>

    <p class='ocr_par' dir='ltr' id='par_1_21' title="bbox 352 2966 1794 3009">
     <span class='ocr_line' id='line_1_51' title="bbox 352 2966 1794 3009; baseline 0.003 -14"><span class='ocrx_word' id='word_1_415' title='bbox 352 2975 403 3004; x_wconf 89' lang='lat'>41.</span> <span class='ocrx_word' id='word_1_416' title='bbox 431 2966 561 3007; x_wconf 82' lang='lat' dir='ltr'>operis]</span> <span class='ocrx_word' id='word_1_417' title='bbox 589 2967 607 2997; x_wconf 97' lang='lat' dir='ltr'>I</span> <span class='ocrx_word' id='word_1_418' title='bbox 635 2967 726 2997; x_wconf 83' lang='lat' dir='ltr'>have</span> <span class='ocrx_word' id='word_1_419' title='bbox 755 2977 799 2997; x_wconf 88' lang='lat' dir='ltr'>no</span> <span class='ocrx_word' id='word_1_420' title='bbox 832 2967 911 2998; x_wconf 88' lang='lat' dir='ltr'>clue</span> <span class='ocrx_word' id='word_1_421' title='bbox 940 2969 976 2998; x_wconf 83' lang='lat' dir='ltr'>to</span> <span class='ocrx_word' id='word_1_422' title='bbox 1002 2966 1078 2998; x_wconf 82' lang='lat' dir='ltr'>this</span> <span class='ocrx_word' id='word_1_423' title='bbox 1191 2969 1244 3008; x_wconf 85' lang='lat'>46.</span> <span class='ocrx_word' id='word_1_424' title='bbox 1269 2967 1424 3009; x_wconf 76' lang='lat' dir='ltr'>lacunis]</span> <span class='ocrx_word' id='word_1_425' title='bbox 1442 2968 1495 2999; x_wconf 87' lang='lat' dir='ltr'>Cf.</span> <span class='ocrx_word' id='word_1_426' title='bbox 1514 2967 1577 3007; x_wconf 89' lang='lat' dir='ltr'>Ep.</span> <span class='ocrx_word' id='word_1_427' title='bbox 1601 2977 1694 2999; x_wconf 89' lang='lat'>1002.</span> <span class='ocrx_word' id='word_1_428' title='bbox 1717 2977 1794 3007; x_wconf 86' lang='grc'><strong>1511.</strong></span> 
     </span>
    </p>
   </div>
   <div class='ocr_carea' id='block_1_18' title="bbox 308 3010 1867 3052">
    <p class='ocr_par' dir='ltr' id='par_1_22' title="bbox 308 3010 1867 3052">
     <span class='ocr_line' id='line_1_52' title="bbox 308 3010 1867 3052; baseline 0.001 -12"><span class='ocrx_word' id='word_1_429' title='bbox 308 3010 418 3041; x_wconf 86' lang='lat' dir='ltr'>work.</span> <span class='ocrx_word' id='word_1_430' title='bbox 1190 3021 1244 3050; x_wconf 90' lang='lat'>47.</span> <span class='ocrx_word' id='word_1_431' title='bbox 1267 3010 1520 3052; x_wconf 87' lang='lat' dir='ltr'>Clothoueum]</span> <span class='ocrx_word' id='word_1_432' title='bbox 1541 3011 1592 3042; x_wconf 83' lang='lat' dir='ltr'>Cf.</span> <span class='ocrx_word' id='word_1_433' title='bbox 1611 3011 1673 3051; x_wconf 89' lang='lat' dir='ltr'>Ep.</span> <span class='ocrx_word' id='word_1_434' title='bbox 1694 3021 1768 3052; x_wconf 85' lang='lat'>594.</span> <span class='ocrx_word' id='word_1_435' title='bbox 1791 3020 1867 3048; x_wconf 84' lang='grc'><strong>1411.</strong></span> 
     </span>
    </p>
   </div>
  </div>
 </body>
</html>
