1990 3353
76 119 198 174 1219]
283 122 353 160 ΤΟ
391 120 656 160 WILLIAM
695 121 935 165 BLOUNT,
968 121 1119 160 LORD
1159 121 1466 160 MOUNTJOY
1594 122 1674 159 545

74 243 96 268 e
123 231 244 270 venis
275 231 447 269 eiiciunt
482 230 618 267 morbi
646 229 876 277 materiam,
907 229 1045 279 potius
1075 243 1200 280 quam
1228 229 1323 268 illos
1352 230 1423 280 qui
1452 230 1602 269 febrim
1631 230 1674 269 vi

74 284 290 335 depellunt
319 298 417 323 mox
446 297 717 322 recursui-am.
776 284 821 322 Si
852 296 936 322 non
965 287 1135 332 poscent
1162 297 1186 322 a
1218 297 1286 322 me
1315 284 1550 331 consilium,
1583 298 1674 323 con-

73 340 282 388 quiescam
308 342 360 386 et,
383 341 587 389 quatenus
613 338 721 385 licet,
744 337 926 376 seruiam
952 338 1204 388 Euangelico
1223 339 1417 388 negocio3
1448 342 1489 378 et
1518 338 1555 377 si
1575 339 1673 389 quid
1697 349 1758 370 110

75 395 366 443 secus-agetur
399 406 523 442 quam
554 392 719 439 vellem,
755 392 950 442 precabor
983 392 1198 431 Christum
1228 395 1272 431 vt
1306 393 1470 431 animos
1504 393 1672 432 illorum

73 450 210 486 vertat
229 448 279 486 ad
301 447 485 485 meliora.

128 501 259 540 Porro
291 501 399 552 quod
433 499 580 540 scribis
613 500 719 538 mihi
752 500 796 538 in
835 513 964 538 manu
998 513 1085 539 esse
1119 503 1255 539 totum
1290 501 1400 539 hunc
1439 501 1674 540 tumultum

73 569 329 605 componere,
347 556 508 593 vtinam
523 568 620 593 vera
639 554 890 603 praedicaret
909 556 980 592 tua
1000 554 1225 594 celsitudo!
1264 555 1326 593 Ne
1346 560 1486 594 exorta
1506 556 1675 606 quidem

73 610 220 648 fuisset
240 611 339 648 haec
359 609 579 659 tragoedia.
632 608 857 647 Clamitant
877 608 946 647 hic
964 608 1072 647 mihi
1091 622 1176 647 non
1197 622 1284 647 esse
1305 610 1525 649 calamum.
1581 610 1674 648 Imo
1698 627 1756 659 115

73 665 256 704 calamus
275 667 348 710 est,
372 664 442 702 sed
464 664 686 701 innumera
706 665 805 701 sunt
823 675 928 713 quae
948 663 1234 703 dehortantur.
1276 664 1509 703 Lutherum
1529 678 1675 704 vocare

72 719 250 769 fungum
279 718 470 768 perfacile
499 719 585 763 est;
625 717 786 756 idoneis
815 717 1072 767 argumentis
1100 718 1210 756 tueri
1238 731 1404 756 causam
1428 719 1537 765 fidei,
1569 719 1675 757 mihi

73 777 181 811 certe
200 773 507 811 difficillimum.
566 772 620 810 Et
643 772 842 810 hactenus
867 785 952 810 non
979 772 1208 810 admodum
1233 773 1432 811 successit
1457 773 1560 811 aliis.
1620 773 1675 811 Et

73 829 213 866 tamen
242 828 293 866 ad
322 827 399 865 hoc
428 826 648 876 negocium
674 825 891 864 lubentius
912 826 1155 876 accingerer,
1180 827 1216 865 si
1242 829 1380 865 certus
1405 840 1537 865 essem
1559 840 1675 876 quos·

73 881 169 920 dam
189 882 260 932 qui
282 881 358 920 sub
380 883 593 930 praetextu
612 880 710 918 fidei
729 879 881 919 mundi
901 893 1068 920 causam
1087 884 1228 931 agunt,
1245 894 1391 920 vsuros
1411 894 1485 919 sua
1504 882 1676 919 victoria
1698 897 1760 919 120

72 935 117 974 in
138 949 227 974 rem
248 936 506 975 Christianae
532 934 758 984 religionis.
820 935 875 973 Et
903 937 1044 973 tamen
1074 936 1151 974 hoc
1181 936 1324 974 animo
1352 938 1541 986 petemus
1561 936 1674 973 Basi-

71 990 195 1035 leam,
225 993 273 1028 vt
303 990 502 1029 absolutis
533 1003 636 1040 quae
670 992 769 1028 sunt
801 989 846 1028 In
880 989 1090 1037 manibus,
1121 989 1280 1040 aliquid
1314 990 1537 1028 moliamur
1567 989 1675 1039 quod

71 1045 273 1083 conducat
301 1045 397 1083 huic
426 1044 597 1082 dissidio
624 1043 832 1094 sopiendo,
864 1047 974 1082 certe
1006 1046 1210 1082 testemur
1239 1044 1429 1083 animum
1468 1042 1671 1082 nostrum.

72 1099 155 1137 Nec
184 1101 326 1137 tamen
346 1099 465 1137 video
485 1111 684 1149 quorsum
710 1097 885 1137 attineat
910 1112 977 1136 me
1004 1102 1090 1137 tam
1117 1098 1293 1137 arduum
1319 1099 1525 1149 suscipere
1554 1111 1675 1148 nego-

71 1153 198 1201 cium,
228 1166 359 1204 quum
388 1154 473 1191 sint
504 1153 627 1201 docti,
660 1153 810 1202 magni,
843 1166 999 1203 graues,
1031 1166 1199 1191 summa
1229 1154 1449 1192 autoritate
1484 1152 1673 1203 praediti,
1697 1168 1758 1198 125

71 1208 144 1258 qui
162 1208 247 1246 iam
267 1208 528 1258 prouinciam
547 1208 730 1257 aggressi
753 1210 867 1247 sunt.
924 1208 1137 1257 Argutum
1156 1220 1254 1246 vero
1281 1207 1435 1246 lemma
1462 1208 1676 1257 proferunt

72 1262 143 1301 isti
172 1263 243 1312 qui
275 1263 431 1309 dicunt,
458 1262 561 1310 ‘Qui
590 1264 708 1310 tacet,
731 1263 965 1301 consentire
984 1261 1185 1301 videtur’.
1245 1262 1291 1301 Si
1319 1264 1459 1300 tacent
1489 1262 1561 1312 qui
1591 1274 1675 1300 non

71 1316 272 1365 scribunt,
294 1317 443 1366 ingens
473 1329 700 1356 consensus
728 1319 802 1355 est.
862 1317 916 1356 Et
945 1319 1087 1355 tamen
1117 1317 1177 1355 ita
1205 1316 1316 1356 tacui
1342 1319 1388 1355 vt
1417 1317 1676 1355 Lutheranos

72 1384 219 1409 omnes
240 1372 285 1409 in
305 1384 374 1409 me
395 1371 646 1409 concitarim.

127 1425 206 1464 Sed
235 1429 281 1464 vt
315 1425 473 1464 finiam.
506 1425 661 1475 optime
690 1425 918 1469 Moecenas,
947 1425 1054 1464 nihil
1086 1427 1147 1464 est
1178 1425 1287 1475 quod
1323 1424 1489 1464 dubites
1523 1425 1573 1464 de
1605 1426 1677 1463 tuo
1698 1439 1760 1470 130

72 1480 273 1525 Erasmo;
312 1493 445 1530 neque
475 1480 622 1529 pietas,
642 1493 774 1530 neque
804 1479 959 1530 religio,
985 1493 1119 1530 neque
1146 1492 1294 1527 mores,
1318 1493 1449 1529 neque
1478 1479 1677 1530 tranquil-

70 1534 167 1573 litas
193 1534 359 1584 publica
388 1535 492 1572 meis
517 1534 650 1573 literis
679 1534 874 1573 laedetur.
934 1534 1227 1573 Innocentiam
1257 1537 1463 1584 praestare
1492 1547 1673 1583 possum,

71 1589 235 1639 linguas
256 1589 475 1627 hominum
495 1589 540 1627 in
560 1601 688 1627 manu
709 1602 793 1627 non
815 1589 957 1627 habeo.
1016 1588 1097 1637 Qui
1116 1589 1215 1627 talia
1234 1588 1451 1635 blaterant,
1474 1588 1677 1627 reddituri

71 1646 170 1682 sunt
191 1643 394 1682 rationem
416 1643 503 1681 Deo
522 1643 588 1681 vel
609 1643 857 1681 temeritatis
871 1643 939 1681 vel
960 1643 1158 1681 maliciae.
1201 1643 1245 1682 Si
1264 1642 1510 1681 hominibus
1531 1656 1677 1692 parum

72 1697 297 1747 approbare
326 1710 497 1747 possum
524 1710 639 1736 meos
665 1700 848 1745 conatus,
873 1700 981 1736 certe
1007 1697 1170 1737 confido
1199 1711 1266 1736 me
1288 1697 1454 1736 Christo
1482 1697 1678 1747 approba-
1701 1710 1761 1741 135

72 1755 229 1790 turum.
300 1751 353 1790 Et
391 1752 426 1790 si
463 1752 541 1790 hoc
579 1752 766 1791 seculum
804 1765 952 1802 parum
989 1753 1068 1791 erit
1104 1754 1271 1802 gratum
1308 1751 1521 1790 laboribus
1558 1751 1674 1795 meis,

72 1807 291 1856 posteritas
328 1806 407 1845 erit
445 1806 639 1857 aequiore
677 1806 847 1846 iudicio.
904 1807 1123 1846 Postremo
1162 1809 1225 1845 est
1263 1805 1421 1857 aliquid
1456 1806 1521 1844 vel
1554 1806 1680 1844 vnius

72 1861 231 1900 Christi
250 1860 456 1899 calculum
476 1860 632 1899 tulisse.

127 1915 240 1954 Haec
259 1915 406 1965 scripsi
429 1915 585 1965 raptim
605 1928 655 1954 ex
674 1917 877 1966 tempore,
899 1916 1006 1954 forte
1028 1915 1166 1954 oblato
1193 1915 1431 1954 tabellione.
1489 1914 1676 1953 Scribam

73 1969 174 2008 alias
194 1969 433 2008 accuratius.
1701 1983 1761 2013 14c

126 2024 190 2063 Ex
210 2023 452 2062 Anderlaco.
495 2025 622 2063 Anno
642 2023 871 2063 millesimo
891 2023 1228 2075 quingentesimo
1248 2023 1600 2074 vigesimoprimo.

549 2135 671 2176 1220.
732 2134 798 2176 To
828 2135 1021 2177 THOMAS
1052 2135 1201 2178 MoRE.

118 2224 310 2271 Epistolae
329 2227 375 2261 ad
394 2226 560 2262 diuersos
577 2239 611 2273 p.
630 2228 710 2272 637.
1327 2226 1568 2262 Anderlecht.

118 2282 212 2319 HN:
239 2284 356 2319 Lond.
377 2285 461 2320 xvii.
482 2295 525 2329 7:
552 2285 624 2320 LB.
645 2288 723 2332 556.
1249 2285 1304 2333 (c.
1322 2296 1338 2332 5
1358 2286 1445 2330 July
1464 2287 1483 2321 ‘?
1506 2285 1629 2333 1521.)

115 2365 306 2407 [Between
323 2365 386 2405 Ep.
408 2375 499 2405 1210,
518 2367 557 2397 in
574 2365 697 2398 which
714 2367 840 2399 More’s
862 2368 1112 2408 appointment
1130 2378 1168 2398 as
1183 2368 1375 2398 Treasurer
1399 2368 1429 2398 is
1447 2368 1677 2406 announced,

70 2408 142 2440 and
159 2408 222 2449 Ep.
245 2418 337 2448 1223,
358 2409 479 2440 which
505 2410 638 2451 clearly
662 2411 771 2442 refers
794 2414 831 2442 to
855 2412 931 2442 this
955 2412 1084 2443 letter:
1112 2412 1265 2452 perhaps
1289 2415 1561 2451 contemporary
1585 2411 1676 2442 with

70 2453 133 2492 Ep.
164 2453 258 2484 1218.
308 2453 402 2492 Very
435 2453 544 2494 likely
573 2453 776 2494 Goelenius‚
804 2455 956 2495 hearing
982 2455 1021 2486 of
1046 2454 1171 2487 More's
1195 2455 1364 2495 expected
1390 2455 1521 2486 arrival
1548 2455 1589 2486 in
1613 2455 1676 2486 the

69 2495 310 2527 Netherlands
328 2497 387 2536 (cf.
407 2497 469 2537 Ep.
492 2506 584 2530 1210.
607 2498 738 2539 13—14)‚
758 2499 830 2530 had
845 2499 954 2530 asked
971 2499 1026 2530 for
1042 2509 1086 2530 an
1103 2498 1379 2540 introduction.]

72 2582 277 2615 ERASMVS
296 2583 632 2617 ROTERODAMVS
654 2586 930 2618 CLARISSIMO
952 2586 1108 2624 EQVITI
1125 2587 1308 2616 AVRATO
1330 2587 1519 2617 THOMAE
1541 2586 1679 2625 MORO,

255 2652 545 2684 SERENISSIMI
578 2655 711 2686 REGIS
744 2655 997 2688 ANGLORVM
1030 2656 1059 2685 A
1092 2656 1362 2693 THESAVRIS,
1394 2655 1428 2686 S.
1450 2655 1491 2686 D.

121 2727 326 2766 MAIOREM
356 2729 400 2767 in
433 2730 603 2769 modum
635 2731 764 2781 probo
792 2731 997 2781 laudeque
1025 2733 1211 2769 mentem
1242 2731 1366 2770 istam
1397 2733 1525 2778 tuam,
1558 2730 1672 2769 More

75 2780 312 2830 clarissime,
353 2783 423 2833 qui
461 2784 578 2823 nulla
616 2798 659 2823 re
697 2786 832 2837 magis
875 2786 1053 2835 gaudeas
1090 2785 1289 2823 ditescere
1326 2798 1451 2835 quam
1489 2784 1585 2823 fidis
1632 2797 1675 2822 ac

115 2867 210 2899 1219.
230 2877 301 2899 121.
329 2868 373 2899 Et
393 2871 514 2901 tamen
533 2873 580 2900 F:
602 2870 758 2902 Tametsi
776 2874 818 2902 H.
928 2881 997 2909 141.
1024 2872 1132 2902 Anno
1151 2895 1158 2902 .
1179 2894 1188 2903 .
1207 2895 1214 2902 .
1234 2872 1526 2912 vigesimoprimo
1542 2874 1618 2902 add.
1635 2874 1667 2902 H

65 2911 196 2956 <Anno
214 2920 351 2943 11.D.xx1
368 2914 426 2952 N).
560 2914 655 2945 1220.
679 2923 744 2946 nr.
792 2924 997 2946 cnamssmo
1014 2924 1128 2952 Equrx
1143 2924 1280 2946 avano
1299 2926 1358 2947 om.
1375 2919 1416 2948 H.

536 2985 631 3016 1219.
653 2995 724 3017 120.
750 2986 890 3028 vsuros]
910 2986 962 3018 Cf.
982 2987 1044 3027 Ep.
1065 2987 1155 3018 1218.
1174 2996 1205 3025 5.

131 3049 209 3069 uzu
837 3053 862 3078 N
887 3054 914 3079 n
