1990 3353
221 237 284 259 110

226 503 284 534 115

227 773 288 795 120

229 1044 287 1075 125

229 1320 290 1352 130

232 1587 290 1618 135

232 1865 292 1896 140

236 2133 294 2164 145

302 104 383 143 586
775 106 1025 146 LETTERS
1063 108 1132 146 OF
1170 108 1438 148 ERASMUS

1780 109 1903 164 [1521

359 215 463 254 Sum
490 217 601 254 totus
630 216 675 254 in
704 218 1029 266 recognoscendo
1053 218 1172 257 Nouo
1199 219 1465 258 Testamento
1488 220 1664 270 aliisque
1692 222 1912 260 nonnullis

304 270 411 307 meis
431 269 801 317 lucubrationibus,
829 285 1022 310 vrsorum
1052 273 1240 323 exemplo
1259 274 1462 324 paulatim
1482 274 1703 314 lambendo
1723 276 1913 314 formans

305 323 428 361 rudes
448 324 606 373 ingenii
627 325 709 363 mei
729 326 875 364 foetus.
936 327 1014 365 Sed
1032 326 1158 373 breui,
1177 341 1308 377 spero,
1327 329 1537 378 continget
1553 330 1632 367 ocii
1653 330 1904 379 plusculum.

306 378 383 427 Egi
399 378 622 428 diligenter
634 393 728 418 cum
743 379 1233 430 HieronymoAleandro,
1244 382 1360 421 daret
1375 383 1481 421 mihi
1493 383 1731 422 facultatem
1744 383 1912 434 legendi

306 445 410 481 quae
439 433 605 482 scripsit
625 434 846 473 Lutherus.
907 435 1013 473 Nam
1036 435 1159 473 hodie
1185 437 1533 486 sycophantarum
1554 440 1594 475 et
1621 451 1914 488 corycaeorum

304 485 426 536 plena
445 489 546 525 sunt
566 488 717 526 omnia.
775 489 1027 538 Pernegauit
1042 503 1085 527 se
1099 490 1140 528 id
1158 503 1285 539 posse,
1309 491 1391 529 nisi
1406 491 1656 530 nominatim
1669 493 1911 543 impetraret

305 553 328 578 a
349 553 514 579 summo
535 541 753 581 Pontifice.
814 543 1006 582 Primum
1028 545 1158 594 igitur
1177 545 1254 583 hoc
1283 545 1388 583 mihi
1408 545 1534 584 velim
1565 547 1764 595 impetres
1793 547 1910 585 breui

305 595 512 644 quopiam.
572 595 715 634 Nolim
732 597 845 636 enim
859 598 948 636 dari
962 611 1106 636 ansam
1122 601 1198 639 τοῖς
1212 602 1397 649 πονηροῖς,
1417 600 1562 640 οὐδενὸς
1574 602 1695 639 ἄλλου
1714 601 1909 650 δεομένοις.

306 649 504 687 Publicae
534 650 827 700 tranquillitati
853 653 911 690 sic
936 665 1101 702 semper
1129 666 1177 691 ex
1206 654 1349 692 animo
1375 654 1461 693 faui
1479 656 1526 692 vt
1551 655 1745 705 perpauci
1763 655 1909 705 magis

306 704 580 753 Euangelicae
614 706 784 744 veritati
816 707 1126 745 confirmandae
1161 708 1227 746 vel
1262 709 1446 746 animam
1481 709 1617 748 libens
1654 710 1907 759 impendero.

307 758 391 796 Nec
417 759 563 807 ignor‘o
589 763 793 808 quantum
821 761 1018 809 priuatim
1048 762 1176 800 etiam
1202 762 1372 801 debeam
1397 763 1606 801 inauditae
1625 764 1845 802 Pontificis
1864 764 1913 801 in

308 825 375 850 me
414 812 672 862 benignitati.
733 815 850 862 Quod
885 816 921 854 si
955 815 1062 853 mihi
1093 816 1309 866 continget
1339 817 1472 855 adhuc
1507 819 1590 856 tres
1628 820 1699 856 aut
1737 820 1917 868 quatuor·

307 880 442 905 annos
468 867 622 916 viuere,
650 871 721 907 aut
747 869 964 908 immoriar
990 870 1219 918 conatibus,
1243 873 1315 909 aut
1342 871 1514 909 efficiam
1542 873 1588 910 vt
1613 871 1685 909 ille
1711 872 1819 911 (licat
1844 886 1912 910 me

307 921 437 959 fuisse
463 922 679 961 hominem
708 937 792 962 non
819 924 992 962 omnino
1017 925 1239 973 ingratum.
1302 926 1485 964 Meretur
1513 927 1589 964 hoc
1618 927 1731 965 illius
1761 927 1912 965 eximia

309 975 484 1024 bonitas,
517 979 563 1014 vt
602 978 794 1016 omnium
829 979 1088 1017 eruditorum
1127 979 1260 1018 literis
1293 980 1532 1019 celebretur.
1593 980 1643 1018 Id
1682 980 1754 1020 alii
1792 981 1917 1019 credo—

309 1030 461 1068 facient
480 1030 652 1077 felicius,
669 1045 791 1071 nemo
807 1035 917 1071 certe
933 1046 1057 1083 quam
1073 1047 1149 1083 ego
1165 1034 1405 1072 studiosius.
1455 1034 1509 1073 Et
1525 1035 1561 1073 si
1580 1036 1730 1073 natura
1745 1035 1912 1085 negabit

307 1083 601 1134 eloquentiam,
616 1089 762 1134 pectus
777 1089 818 1125 et
833 1087 954 1125 ardor
966 1087 1097 1125 animi
1111 1089 1405 1138 suppeditabit.
1448 1089 1555 1128 Sunt
1568 1089 1639 1139 qui
1651 1089 1824 1138 pulchre
1839 1103 1918 1138 pu-

308 1140 399 1177 tent
409 1139 649 1178 consultum
662 1139 779 1178 illius
791 1141 925 1189 rebus,
936 1142 971 1180 si
985 1141 1107 1180 illum
1122 1143 1375 1181 reddiderint
1389 1157 1511 1193 quam
1525 1143 1706 1182 maxime
1719 1144 1913 1182 formida-

308 1193 437 1231 bilem
449 1206 458 1240 ;
477 1207 551 1243 ego
570 1195 703 1244 magis
723 1195 888 1234 adnitar
907 1198 953 1234 vt
973 1197 1084 1234 orbis
1094 1197 1277 1235 Leonem
1298 1201 1411 1236 amet
1427 1198 1562 1246 potius
1584 1211 1709 1247 quam
1723 1200 1896 1236 metuat.

362 1247 521 1285 Verum
542 1248 639 1286 huic
661 1249 793 1288 officio
813 1251 896 1288 nisi
916 1264 983 1288 me
1011 1253 1149 1289 seruet
1172 1252 1270 1301 ipse,
1293 1265 1377 1290 non
1397 1252 1517 1290 video
1544 1253 1617 1301 qui
1643 1252 1800 1302 possim
1827 1265 1921 1290 esse·

308 1301 560 1340 incolumis:
589 1303 689 1342 adeo
710 1304 873 1342 deuotis
891 1305 1045 1343 animis
1065 1305 1108 1342 in
1135 1319 1210 1344 nos
1240 1307 1479 1355 conspirant
1504 1308 1703 1356 κατάρατοι
1730 1307 1911 1357 quidam.

309 1355 526 1394 Blaterant
542 1358 793 1397 nominatim
810 1361 855 1396 in
872 1372 953 1406 me,
969 1359 1014 1396 in
1031 1359 1208 1408 publicis
1223 1359 1473 1399 lectionibus
1485 1361 1694 1411 sacrisque
1709 1361 1919 1399 concioni·

310 1410 388 1448 bus
412 1412 638 1450 traducunt
666 1413 774 1462 apud
803 1414 1017 1463 populum,
1041 1413 1235 1453 deferunt
1258 1415 1367 1463 apud
1397 1415 1613 1465 principes.
1674 1415 1915 1454 Subornant

311 1466 383 1514 qui
409 1465 566 1503 libellis
592 1467 763 1505 famosis
787 1468 936 1506 aeditis
959 1469 1228 1518 proscindant
1255 1483 1410 1507 nomen
1438 1483 1605 1517 meum3
1635 1470 1721 1508 imo
1747 1470 1851 1508 sicas
1874 1472 1916 1508 et

311 1533 469 1557 venena
489 1521 752 1560 minitantur.
813 1522 956 1572 Neque
977 1523 1171 1572 cuiquam
1198 1523 1422 1562 obscurum
1447 1526 1507 1562 est
1529 1525 1628 1573 quid
1656 1525 1798 1562 ausint
1828 1524 1912 1562 isti.

312 1573 407 1611 Non
442 1574 631 1613 dubitem
666 1589 812 1614 omnes
846 1577 956 1614 diras
988 1577 1210 1627 imprecari
1239 1578 1364 1628 capiti
1393 1591 1495 1627 meo,
1528 1579 1563 1616 si
1597 1579 1816 1629 quisquam
1855 1580 1918 1616 est

311 1628 484 1666 Lutheri
504 1631 591 1667 tam
611 1630 786 1680 exiguus
810 1630 980 1669 libellus
1004 1645 1127 1681 quem
1148 1633 1284 1670 totuin
1304 1632 1572 1682 perlegerim:
1602 1633 1637 1671 si
1657 1633 1701 1671 in
1722 1632 1923 1671 omnibus

311 1695 415 1732 quae
444 1682 507 1721 illi
536 1684 783 1723 tribuuntur
810 1690 881 1723 aut
910 1686 955 1723 in
983 1685 1097 1723 illius
1129 1687 1406 1736 patrocinium
1438 1687 1797 1731 circumferuntur,
1834 1687 1920 1724 vlla

311 1736 472 1786 syllaba
504 1751 596 1776 mea
629 1741 691 1777 est
722 1741 791 1777 aut
826 1753 892 1777 me
926 1740 1093 1778 volente
1124 1741 1301 1790 scripta:
1344 1741 1545 1783 sivllum
1576 1755 1763 1791 vnquam
1803 1741 1925 1779 illius-

310 1791 459 1841 dogma
479 1795 652 1831 conatus
667 1807 762 1832 sum
779 1794 1012 1832 defendere.
1070 1794 1126 1832 Et
1146 1795 1407 1844 quorundam
1428 1798 1543 1834 tanta
1564 1800 1625 1834 est
1652 1797 1918 1845 peruersitas,

311 1848 356 1884 vt
395 1859 441 1884 ea
478 1860 640 1897 quoque
675 1848 781 1886 mihi
817 1848 1003 1887 tribuant
1038 1862 1142 1899 quae
1176 1849 1385 1888 Lutherus
1416 1850 1459 1887 in
1493 1853 1703 1888 conuentu
1735 1850 1926 1889 Caesaris

310 1901 483 1949 agnouit
503 1914 577 1950 pro
597 1902 694 1940 suis.

367 1955 508 2004 Nuper
527 1956 571 1993 in
591 1957 799 2006 frequenti
818 1957 1012 1996 conuiuio
1032 1957 1202 2008 quidam
1223 1958 1385 2008 rogauit
1405 1972 1472 1996 me
1494 1959 1603 2008 quod
1625 1960 1731 1997 esset
1751 1958 1922 1997 initium

314 2009 583 2057 Captiuitatis
621 2011 912 2060 Babylonicae.
971 2012 1038 2050 Ad
1074 2012 1117 2050 id
1156 2013 1402 2062 respondere
1440 2013 1547 2051 mihi
1586 2026 1684 2051 sane
1719 2026 1919 2062 perquam

314 2063 482 2102 difficile
512 2064 603 2102 fuit.
664 2065 724 2103 De
756 2067 873 2104 nulla
904 2080 948 2104 re
980 2067 1122 2104 minus
1156 2067 1391 2116 cogitaram.
1453 2067 1554 2105 Post
1586 2067 1750 2118 roganti
1779 2081 1851 2105 cur
1879 2066 1923 2105 id

315 2120 542 2167 quaereret,
566 2119 700 2157 fassus
719 2123 781 2158 est
802 2121 1004 2170 quosdam
1025 2121 1154 2158 fuisse
1171 2121 1401 2170 suspicatos
1424 2121 1502 2159 hoc
1522 2134 1626 2171 opus
1652 2135 1740 2160 esse
1765 2134 1920 2168 meum,

314 2172 423 2222 quod
461 2172 633 2212 initium
671 2177 779 2212 esset
816 2174 977 2213 ‘Velim
1016 2175 1148 2212 nolim
1163 2176 1183 2221 ³,
1225 2189 1309 2213 non
1348 2175 1573 2214 admodum
1610 2176 1838 2219 abhorrens
1869 2174 1925 2213 ab·

314 2227 481 2265 exordio
502 2227 749 2277 Panegyrici
776 2229 875 2276 mei,
896 2242 978 2278 quo
998 2229 1197 2278 Philippo
1224 2242 1273 2267 ex
1301 2229 1518 2279 Hispaniis
1538 2243 1703 2269 reuerso
1722 2230 1920 2281 gratulor,

316 2280 388 2330 qui
408 2281 464 2318 sic
486 2282 642 2331 incipit,
669 2282 806 2321 ‘Velis
827 2283 936 2321 nolis
952 2283 972 2321 ².
1032 2283 1152 2321 Bella
1182 2283 1431 2322 coniectura.
1488 2284 1700 2323 Aleander
1723 2284 1923 2323 indicauit

317 2335 423 2373 mihi
453 2336 580 2374 tribui
611 2337 713 2375 duos
742 2337 917 2385 libellos,
943 2350 1119 2387 quorum
1148 2337 1270 2375 alteri
1299 2338 1449 2376 titulus
1479 2341 1541 2376 est
1571 2338 1774 2387 Eubulus,
1805 2338 1926 2376 alteri

534 2462 604 2491 125.
634 2453 677 2483 Et
696 2455 724 2483 si
743 2452 862 2484 A‘2L13:
889 2454 965 2484 Etsi
982 2452 1066 2484 FN3.
1158 2462 1229 2491 127.
1257 2453 1361 2483 illum
1379 2455 1498 2483 FXLB
1514 2463 1521 2482 :
1547 2452 1639 2483 illud
1656 2454 1796 2483 HLoml.

364 2557 434 2578 110.
460 2548 558 2578 Nouo
574 2547 816 2588 'rc-stamento]
842 2548 905 2578 See
917 2547 981 2586 Ep.
995 2555 1086 2584 1174.

319 2600 437 2672 Inilig.
462 2634 659 2675 Aleandro]
686 2635 738 2665 Cf.
759 2635 823 2674 Ep.
845 2644 937 2674 1195.
956 2645 1035 2674 47n.

363 2688 436 2716 114.
461 2678 725 2718 corycaeorum]
765 2679 883 2717 Spies;
929 2680 972 2709 cf.
1015 2678 1086 2709 Cic.

317 2724 385 2753 Act.
414 2731 462 2752 10.
491 2722 538 2759 18,
565 2722 697 2760 quoted
721 2722 760 2752 in
777 2724 882 2760 Aday.
908 2731 978 2760 144.
1036 2723 1085 2752 At

320 2765 484 2804 Corycus,
503 2775 523 2795 a
544 2767 775 2804 promontory
791 2765 828 2795 of
843 2765 979 2804 Cilicia,
1003 2765 1010 2782 ”’
1025 2766 1084 2795 the

320 2809 549 2839 inhabitants
567 2818 658 2839 were
684 2810 861 2839 infamous
885 2808 939 2839 for
962 2810 1093 2848 spying

320 2853 381 2883 out
399 2852 461 2882 the
478 2851 699 2882 destination
717 2852 790 2883 and
807 2852 912 2882 value
930 2852 968 2883 of
980 2853 1089 2892 ships'

320 2905 462 2934 cargoes
498 2895 569 2925 and
601 2895 690 2925 then
722 2895 928 2935 piratically
958 2896 1092 2935 seizing

322 2939 444 2970 them'
462 2950 468 2969 :
494 2938 633 2969 Liddell
651 2939 722 2969 and
740 2941 850 2970 Scott.

369 2983 439 3022 136.
464 2982 594 3021 totum]
620 2982 670 3012 Cf.
693 2983 713 3011 l.
735 2992 812 3021 75n.

1205 2556 1276 2585 137.
1300 2545 1371 2576 vlla
1394 2546 1542 2587 syllaba]
1569 2546 1621 2578 Cf.
1640 2545 1728 2586 Epp.
1750 2554 1843 2583 1217.
1869 2545 1923 2581 60.

1162 2591 1254 2621 1218.
1274 2600 1327 2627 20,
1349 2599 1440 2628 1219.
1460 2600 1511 2629 25.

1206 2644 1278 2672 141.
1303 2633 1463 2674 agnouit]
1517 2634 1569 2665 Cf.
1608 2633 1695 2673 Epp.
1744 2633 1838 2662 1218.
1875 2640 1924 2669 15,

1158 2688 1249 2717 1219.
1268 2679 1320 2709 88.

1202 2730 1271 2759 143.
1301 2720 1545 2761 Captiuitatis]
1571 2721 1634 2751 See
1652 2720 1713 2759 Ep.
1735 2728 1828 2757 1217.
1843 2718 1922 2757 3811.

1202 2774 1272 2802 147.
1300 2764 1521 2804 Panegyrici]
1547 2764 1610 2794 See
1627 2764 1716 2803 Epp.
1738 2762 1902 2801 179„180.

1209 2818 1278 2847 149.
1306 2807 1460 2848 libellos]
1486 2807 1538 2839 Cf.
1558 2808 1620 2847 Ep.
1642 2808 1735 2838 1218.
1764 2815 1879 2846 13—15.

1250 2851 1425 2892 Eubulus]
1463 2854 1565 2882 Oratio
1602 2852 1775 2881 Constantii
1807 2851 1927 2879 Eubuli

1161 2898 1338 2926 Mouenttm·
1361 2898 1398 2925 (Ie
1421 2898 1530 2925 vlrfute
1552 2896 1691 2925 clunium
1715 2898 1740 2924 et
1764 2895 1842 2923 bulla
1858 2902 1923 2923 con-

1162 2941 1370 2969 demnationis
1383 2940 1492 2968 Leonis
1508 2939 1618 2969 decimi
1633 2941 1734 2968 contra
1752 2938 1924 2967 Martia-um

1163 2985 1341 3020 Luam-um,
1383 2991 1408 3012 s.
1438 2981 1460 3012 1.
1487 2984 1521 3012 et
1554 2991 1609 3011 a.:
1655 2979 1846 3011 addressed
1889 2981 1927 3009 to
