1990 3353
302 135 382 174 232
765 134 1019 175 LETTERS
1057 135 1127 175 OF
1164 136 1429 176 ERASMUS
1776 136 1902 189 [1520

301 248 463 298 eripuit,
495 247 678 286 vicissim
704 248 852 298 eripiat
878 247 1039 295 Brixio,
1059 247 1189 286 ferula
1214 247 1417 286 nimirum
1443 248 1629 285 armatus
1655 247 1727 285 aut
1752 245 1893 296 flagro.

216 308 281 340 600
301 300 409 340 Nam
429 302 628 340 aduersus
646 301 714 350 τὴν
728 305 794 340 τοῦ
810 302 1139 352 Βριξίοωβροντὴν
1153 315 1239 340 11011
1255 300 1570 351 dubitau(er>it
1583 299 1651 340 vel
1667 299 1897 350 Στρεψιάδης

300 356 609 406 ἀνταποπαρδεῖν.
667 356 797 395 Porro
825 356 1019 395 fulminis
1047 356 1321 406 praestigium
1349 355 1456 394 belle
1489 355 1718 405 compescat
1752 354 1898 399 Cacus,

299 410 450 449 talium
488 410 922 449 terriculamentorum
959 411 1117 460 peritus
1154 410 1324 449 artifex:
1368 410 1439 460 qui
1477 409 1514 448 si
1552 409 1692 448 minus
1731 408 1898 447 calleret

297 466 441 514 artem,
481 466 623 503 tamen
661 464 812 513 quibus
848 464 976 503 armis
1014 464 1217 504 vtendum
1262 464 1366 503 Caco
1403 464 1539 502 fuerat
1581 464 1779 502 aduersus
1815 462 1899 501 tale

298 518 469 566 fulmen,
488 518 620 568 ipsius
640 518 735 558 Caci
755 532 910 557 nomen
929 519 1182 558 admoneret.
1224 518 1394 557 Etenim
1409 518 1548 568 potius
1564 530 1690 568 quam
1706 516 1898 556 fulminis

215 578 277 620 605
299 572 438 611 afflatu
459 573 602 611 miseri
621 573 817 612 mortales
832 573 1043 624 perierint,
1061 573 1105 611 in
1121 586 1165 612 os
1179 572 1285 611 illud
1300 573 1502 623 patulum,
1521 570 1693 611 trisulco
1706 570 1898 610 hiulcans

297 626 487 676 fulmine,
510 640 595 665 non
616 628 783 666 tantum
804 627 954 666 meiere
973 628 1033 666 fas
1054 629 1127 666 est.

353 682 493 731 Spero,
524 681 583 719 mi
613 682 796 729 Erasme‚
827 682 913 720 fore
945 684 991 720 vt
1019 685 1062 720 te
1089 681 1133 720 in
1163 681 1326 730 Regum
1355 683 1566 719 conuentu
1601 679 1732 719 simus
1765 679 1896 719 visuri

298 735 431 774 Caleti
447 750 457 784 3
504 735 576 786 qui
608 738 809 775 venturus
846 735 1084 775 hauddubie
1122 736 1179 774 sis
1216 735 1380 785 vtrique
1417 736 1581 785 Regum
1619 734 1894 784 gratissimus.

296 789 472 840 Alioqui
491 790 616 829 fuerit
636 790 857 840 impudens
878 791 914 829 si
938 803 1015 828 nos
1035 790 1203 829 amiculi
1221 789 1285 827 tui
1302 789 1369 828 vel
1388 789 1602 839 exigamus
1623 788 1691 827 vel
1716 789 1897 839 expecte—

213 848 280 881 610
296 857 393 882 mus
420 846 467 883 vt
495 846 636 883 nostra
665 857 788 884 causa
816 845 962 884 subeas
991 845 1175 883 laborem
1204 843 1313 882 tanti
1342 843 1516 890 itineris,
1548 856 1725 894 quorum
1758 842 1897 893 potius

297 899 480 937 officium
500 898 626 938 fuerit
650 899 701 938 ad
724 901 764 938 te
791 899 957 938 venire:
989 899 1030 938 id
1062 899 1182 948 quod,
1223 897 1268 936 ni
1296 900 1337 936 te
1365 897 1466 936 illuc
1494 898 1658 947 Regum
1687 910 1784 936 cura
1811 909 1898 947 per-

295 953 477 1002 traxerit,
508 967 532 992 a
560 953 752 1004 Principe
780 954 1003 1003 impetrata
1031 953 1076 991 in
1102 953 1191 991 dies
1221 951 1381 1001 aliquot
1409 952 1530 991 venia
1558 952 1768 990 faciemus.
1829 951 1892 990 Tu

296 1007 464 1056 interea,
487 1007 548 1046 mi
568 1008 754 1057 Bramme,
776 1008 879 1056 vale,
904 1021 949 1046 ac
970 1007 1247 1046 nihilominus
1270 1019 1395 1056 quam
1422 1006 1527 1045 soles
1553 1005 1712 1045 amicus
1737 1005 1893 1052 Brixio,

297 1060 463 1100 Morum
495 1061 623 1100 simul
657 1075 737 1112 qua
767 1062 876 1101 soles
905 1062 1104 1101 charitate
1134 1061 1427 1111 complectere:
1462 1060 1528 1099 cui
1557 1063 1604 1099 tu
1631 1062 1719 1099 tam
1748 1059 1898 1099 charus

212 1119 274 1161 615
296 1128 340 1154 es
373 1118 420 1155 vt
454 1129 528 1154 nec
562 1117 649 1166 ipse
677 1116 757 1155 sibi
791 1116 846 1155 sit
875 1116 1046 1155 charior.
1107 1116 1314 1166 Lupsetus
1343 1117 1483 1153 noster
1511 1127 1661 1164 magno
1692 1113 1897 1153 auditorio

296 1183 462 1209 summa
496 1184 591 1209 cum
625 1171 745 1210 laude
779 1183 862 1218 sua,
900 1184 977 1210 nec
1015 1169 1178 1209 minore
1218 1169 1559 1208 scholasticorum
1599 1169 1726 1219 fruge,
1767 1168 1898 1207 bonas

296 1223 440 1263 literas
459 1225 504 1263 in
527 1227 695 1275 vtraque
715 1225 860 1275 lingua
879 1225 1099 1274 profitetur
1122 1224 1315 1264 Oxoniae.
1374 1223 1577 1263 Successit
1603 1223 1717 1261 enim
1746 1222 1897 1261 Ioanni

297 1278 505 1318 Clementi
533 1292 651 1327 me03
690 1293 789 1318 nam
819 1279 855 1317 is
883 1292 927 1318 se
956 1281 1095 1318 totum
1124 1279 1282 1318 addixit
1311 1278 1370 1316 rei
1401 1278 1595 1326 medicae,
1628 1276 1790 1316 nemini
1821 1276 1897 1316 ali-

297 1334 462 1383 quando
477 1345 678 1382 cessurus,
696 1334 778 1373 nisi
792 1333 1005 1372 hominem
1025 1333 1147 1384 (quod
1164 1333 1395 1382 abominor)
1410 1332 1652 1371 hominibus
1667 1331 1896 1371 inuiderint

211 1388 278 1422 620
296 1387 461 1427 Parcae.

350 1442 513 1481 Iterum
545 1442 663 1490 vale;
705 1455 751 1481 ac
785 1455 879 1481 meo
912 1442 1083 1481 nomine
1117 1441 1279 1492 Dorpi0‚
1318 1441 1492 1488 Neseno,
1528 1439 1680 1489 Viueti‚
1717 1439 1818 1479 viris
1850 1439 1896 1479 in

296 1510 338 1535 re
359 1497 541 1536 literaria
560 1497 780 1547 primariis,
805 1496 982 1535 salutem
1001 1496 1225 1547 plurimam
1245 1496 1407 1534 nuncia.

761 1684 883 1726 1088.
943 1682 1008 1724 To
1038 1682 1246 1725 JODOGUS
1275 1682 1431 1724 JONAS.

1621 1798 1799 1834 Louvain.

1577 1868 1598 1902 9
1615 1857 1723 1902 April
1744 1867 1845 1904 1520.

341 1801 466 1838 Gotha
483 1801 559 1837 MS.
581 1801 700 1837 chart.
719 1801 761 1836 A.
783 1811 863 1847 399,
881 1800 905 1836 f.
927 1811 1006 1846 231.

342 1860 532 1897 Horawitz
549 1859 587 1895 ii.
609 1871 640 1904 3.

341 1966 441 2007 [This
456 1966 563 1997 letter
580 1975 652 1996 was
669 1964 747 1996 first
765 1964 922 2004 printed,
935 1964 1027 1995 from
1043 1964 1106 1995 the
1120 1963 1236 1995 Gotha
1248 1963 1323 1994 MS.
1336 1963 1522 1994 described
1536 1963 1575 1994 in
1590 1962 1651 2003 Ep,
1665 1965 1730 2002 872
1744 1963 1891 2001 introd„

293 2011 339 2050 by
356 2011 467 2041 Steitz
483 2011 523 2039 in
539 2009 598 2040 his
614 2009 676 2039 life
694 2008 732 2039 of
744 2009 860 2039 Nesen
877 2008 954 2049 (Ep.
971 2017 1035 2047 329
1051 2007 1212 2044 introd.),
1232 2017 1290 2046 pp.
1310 2008 1387 2046 96,7
1403 2017 1410 2044 3
1434 2007 1540 2046 using
1556 2016 1576 2037 a
1592 2017 1680 2047 copy
1696 2007 1893 2038 communi-

293 2054 395 2085 cated
417 2055 463 2094 by
480 2053 604 2084 Pastor
621 2053 738 2083 Krafft
754 2052 792 2083 of
812 2051 1003 2082 Elberfeld.
1052 2051 1236 2082 Horawitz
1258 2050 1406 2090 printed
1430 2050 1458 2081 it
1482 2050 1573 2081 later
1595 2050 1686 2081 from
1710 2050 1772 2081 the
1796 2060 1894 2081 same

292 2108 424 2129 source.
472 2097 648 2128 Kawerau
666 2096 742 2135 (JE.
759 2096 817 2138 37)
836 2096 945 2127 refers
969 2095 1043 2126 also
1067 2097 1104 2126 to
1125 2104 1146 2126 a
1168 2104 1234 2126 ms.
1253 2104 1340 2134 copy
1357 2096 1393 2124 at
1417 2094 1605 2133 Hamburg
1632 2094 1700 2136 (58,
1720 2093 1746 2125 f.
1764 2104 1807 2125 20
1822 2094 1890 2135 νῦ),

292 2142 412 2172 which
430 2142 448 2172 1
464 2141 555 2171 have
574 2142 637 2171 not
654 2150 748 2171 seen.

335 2186 408 2216 The
425 2184 608 2224 year-date
625 2184 656 2214 is
671 2182 869 2214 confirmed
886 2184 934 2222 by
950 2183 1013 2214 the
1030 2182 1195 2213 mention
1212 2181 1252 2212 of
1264 2179 1422 2212 Atensis'
1439 2181 1547 2212 death
1565 2180 1600 2221 (8
1612 2181 1691 2212 Jan.
1709 2182 1805 2221 1520)
1820 2181 1891 2213 and

291 2229 330 2260 of
343 2227 523 2260 Erasmus'
536 2228 635 2268 reply
652 2229 688 2259 to
706 2228 775 2258 Lee
793 2227 874 2268 (Ep.
895 2236 976 2266 1037
994 2225 1173 2268 introd.).]

337 2341 413 2371 600.
438 2339 662 2370 dubstauerit
677 2339 792 2369 ιῙονΐὶη.
882 2335 1077 2377 στρεψηάδης
1092 2347 1112 2365 α
1130 2346 1138 2367 :
1161 2345 1235 2366 corr.
1254 2337 1369 2366 Jortz‘n.
1483 2336 1557 2365 601.
1583 2333 1751 2366 fulminis
1766 2338 1892 2367 Jortin:

292 2383 455 2415 fluminis
472 2394 503 2414 α.
627 2382 701 2412 606.
728 2381 860 2411 meiere
877 2383 983 2411 Jortin
998 2392 1003 2411 :
1030 2389 1085 2411 me
1103 2380 1153 2410 ire
1170 2390 1200 2411 α.

337 2542 410 2572 601.
439 2539 706 2580 ἀνταποπαρδεῖν]
733 2539 784 2570 Cf.
805 2539 865 2570 Ar.
884 2540 965 2570 Nzcb.
982 2548 1055 2578 293.

335 2587 409 2623 604.
436 2585 516 2616 Caci
559 2583 703 2623 nomen]
741 2594 780 2613 sc.
823 2593 844 2613 a
881 2583 1058 2613 cacando:

289 2629 423 2660 Jortin.

334 2673 408 2712 605.
433 2671 567 2712 affiatu]
594 2670 644 2702 Cf.
665 2670 787 2708 Obsoq.
807 2679 859 2708 50.

334 2717 408 2746 606.
435 2715 582 2755 meiere]
608 2714 657 2745 Cf.
677 2714 757 2744 Juv.
780 2724 805 2743 1.
832 2723 901 2752 131.

334 2760 408 2790 608.
434 2757 563 2799 Caleti]
590 2759 652 2789 Se(—
670 2767 702 2796 p.
718 2758 791 2796 296.

334 2806 408 2841 615.
433 2801 625 2842 Lupsetus]
665 2800 715 2831 Cf.
759 2801 821 2838 Ep.
863 2801 937 2838 967.
975 2801 1053 2831 2611.

292 2847 350 2877 He
366 2846 558 2877 sncceeded
579 2845 742 2875 Clemcnt
766 2844 802 2884 (l.
823 2844 930 2880 61811)
948 2843 1057 2874 about

293 2891 355 2920 the
382 2890 453 2920 end
479 2891 517 2920 of
544 2898 638 2927 1519,
667 2887 737 2917 and
767 2896 838 2916 was
866 2887 992 2926 lodged
1017 2888 1056 2917 in

293 2934 427 2973 Corpus
450 2933 510 2974 (cf.
533 2942 565 2971 p.
586 2932 678 2971 210).
725 2931 866 2969 During
890 2930 947 2960 his¹
972 2930 1055 2960 resi-

290 2978 401 3008 dence
415 2977 516 3008 there
534 2976 688 3007 Gentian
706 2974 841 3004 Hervot
857 2974 894 3003 of
907 2974 1056 3005 Orleans

290 3031 361 3051 was·
386 3022 443 3052 his
466 3020 590 3061 pupil:
616 3029 671 3049 see
696 3018 865 3048 Hei-vem
890 3019 1054 3055 (muscula,

1125 2538 1256 2577 Lyons,
1283 2539 1315 2568 S.
1348 2537 1462 2575 Dolet,
1496 2548 1589 2577 1541,
1620 2548 1652 2578 p.
1681 2547 1734 2578 45,
1754 2539 1847 2579 ‘Ego
1870 2551 1892 2570 a

1125 2591 1203 2612 mea
1220 2583 1259 2612 in
1276 2582 1445 2620 Angliam
1464 2581 1691 2622 profectione,
1711 2592 1780 2621 qno
1801 2585 1892 2614 tem-

1124 2635 1209 2665 pore
1247 2625 1599 2664 quartumdecimuni
1635 2626 1740 2665 paulo
1770 2626 1891 2657 minus

1125 2669 1269 2708 agebam
1285 2678 1434 2707 annum,
1449 2668 1586 2699 duobus
1599 2670 1706 2699 anuis
1719 2679 1799 2700 cum
1812 2671 1890 2700 viro

1125 2712 1329 2743 doctissimo
1344 2712 1479 2742 Thoma
1500 2713 1664 2752 Lupseto,
1683 2713 1747 2751 qui
1770 2713 1891 2744 nescio

1124 2758 1211 2794 quot
1250 2756 1382 2786 abhinc
1419 2757 1526 2786 annis
1561 2758 1724 2787 mortuus
1754 2759 1818 2795 est,
1848 2757 1888 2788 in

1124 2799 1287 2838 Corporis
1299 2798 1435 2829 Christi
1450 2799 1603 2839 Collegio
1621 2799 1776 2830 Oxoniae
1788 2800 1889 2830 habi-

1124 2843 1200 2872 taui
1213 2841 1231 2872 '.
1282 2843 1414 2881 Lupset
1449 2842 1534 2872 held
1572 2842 1667 2873 office
1698 2843 1757 2874 till
1794 2853 1885 2883 1523,

1124 2885 1230 2916 when
1249 2886 1292 2916 he
1311 2895 1382 2916 was
1400 2886 1591 2916 succeeded
1610 2887 1655 2925 by
1671 2886 1786 2918 Vives.

1166 2930 1241 2959 618.
1269 2929 1463 2970 Clementi]
1504 2930 1560 2960 He
1596 2929 1666 2960 had
1703 2930 1791 2960 been
1829 2940 1887 2970 ap-

1123 2973 1271 3012 pointed
1289 2973 1462 3012 WVolsey‘s
1479 2973 1614 3003 Render
1627 2973 1665 3003 in
1683 2973 1888 3013 Humanity

1123 3018 1159 3046 at
1177 3016 1309 3046 Oxford
1328 3026 1354 3046 c.
1376 3016 1461 3046 Nov.
1482 3016 1561 3054 1518
1578 3027 1585 3054 ;
1609 3016 1651 3046 cf.
1669 3017 1731 3057 Ep.
1750 3027 1826 3056 907.
