1990 3353
207 243 246 276 55

266 122 347 160 280
729 122 979 162 LETTERS
1020 123 1091 161 OF
1129 123 1396 162 ERAsMUs
1744 122 1870 176 [1520

269 232 384 271 exire
415 232 545 272 malui
584 245 710 281 quam
746 231 806 270 sic
837 234 884 270 vt
922 233 1010 270 erat
1050 232 1290 283 descriptus,
1331 245 1483 282 nempe
1514 233 1867 283 deprauatissime.

269 287 462 326 Addetur
495 287 715 334 secundus,
753 286 790 324 si
821 285 968 324 licebit
1004 286 1198 326 nancisci.
1260 286 1487 337 Reliquum
1524 287 1662 337 operis
1697 288 1873 327 addetur

270 354 292 378 e
330 343 494 391 pectore
533 342 685 388 nostro,
726 339 810 378 nisi
847 353 972 390 penes
1010 353 1112 390 quos
1149 340 1303 380 lateant
1347 342 1481 380 nostri
1525 342 1868 391 commentarioli,

270 395 498 434 maluerint
516 408 606 434 esse
625 394 725 433 boni
744 394 827 433 viri
847 408 973 445 quam
992 395 1221 434 alienarum
1240 395 1479 445 vigiliarum
1498 394 1724 435 furunculi.

325 449 488 498 Quibus
517 449 617 488 haec
646 462 751 498 pars,
775 462 878 498 quae
908 449 1037 487 totius
1065 450 1202 499 operis
1231 449 1454 488 deterrima
1482 452 1558 499 est,
1587 463 1672 488 non
1701 450 1872 489 omnino

206 506 253 537 60
270 504 474 553 displicet,
497 503 733 553 aduigilent
753 505 800 542 vt
819 505 979 543 caetera
999 517 1161 554 quoque
1188 504 1529 554 peruestigentur.
1590 504 1652 543 Eo
1672 504 1874 544 libentius

207 781 248 821 65

236 2076 253 2106 5

216 2345 256 2367 10

271 558 462 596 dabimus
482 560 523 596 et
538 557 619 596 alia
638 570 743 607 quae
762 557 884 596 nobis
902 557 1038 596 adhuc
1058 557 1103 596 in
1119 558 1282 597 schedis
1301 560 1402 597 sunt
1416 557 1614 606 indolata,
1631 558 1751 598 velut
1771 571 1875 609 opus

270 612 332 650 De
352 611 664 650 conscribendis
683 611 880 662 epistolis.
941 612 1119 651 Interim
1147 612 1226 651 tibi
1251 612 1458 652 dicabitur
1477 613 1555 652 hoc
1576 612 1872 663 fragmentum,

269 666 552 705 eruditissime
572 666 734 716 Sapide,
758 666 830 716 qui
850 668 946 705 tuae
966 666 1149 706 ciuitatis
1164 667 1428 706 iuuentutem
1444 680 1529 705 non
1544 667 1687 706 minus
1702 667 1876 717 diligen-

270 723 334 759 ter
367 721 555 759 instituis
583 720 706 759 bonis
734 721 921 759 moribus
951 734 1077 771 quam
1110 721 1231 759 bonis
1264 721 1411 759 literis.
1470 721 1721 760 Constanter
1751 734 1875 772 perge

270 775 380 825 quod
405 775 589 825 coepisti,
611 788 747 825 neque
776 775 1058 825 conquiescito
1087 775 1219 814 donec
1247 788 1417 814 omnem
1443 775 1677 814 barbariem
1702 789 1778 826 pro
1804 779 1877 815 tua

269 829 384 868 virili
405 842 427 868 e
443 829 667 868 Germania
686 831 828 868 nostra
847 829 1087 879 profligaris.
1139 829 1248 868 Satis
1268 829 1340 868 diu
1360 843 1437 868 nos
1453 829 1565 879 ipsos
1576 830 1872 880 ignorauimus,

271 897 376 934 pene
405 897 479 934 pro
505 883 639 924 beluis
666 884 800 923 habiti
829 884 883 923 iis
911 885 983 934 qui
1012 884 1093 923 sibi
1122 884 1231 922 nihil
1256 897 1342 923 non
1371 885 1575 923 tribuunt.
1635 883 1747 922 Bene
1772 884 1872 924 vale.

325 939 514 978 Louanii.

653 1098 853 1142 11081111,
915 1098 977 1140 To
1008 1097 1135 1139 JOHN
1167 1098 1310 1140 Leuis
1340 1098 1497 1140 VIVES.

318 1203 510 1249 Epistolae
529 1204 576 1240 ad
595 1204 760 1239 diuersos
779 1217 814 1250 p.
834 1205 913 1249 643.
1607 1205 1784 1243 Louvain.

319 1261 413 1298 HN:
439 1262 558 1298 Lond.
576 1262 664 1299 xvii.
687 1273 751 1299 11:
781 1262 853 1297 LB.
871 1264 954 1298 611.
1560 1262 1681 1310 (June
1704 1263 1830 1311 1520.)

317 1359 407 1401 [The
423 1360 619 1400 year-date,
637 1360 759 1391 which
776 1360 841 1391 has
856 1369 903 1391 no
919 1360 1037 1390 better
1053 1359 1238 1399 authority
1255 1358 1346 1389 than
1363 1358 1399 1390 H
1416 1369 1455 1390 01·
1472 1360 1529 1401 ΝΖ,
1548 1370 1614 1391 can
1636 1360 1677 1391 be
1699 1359 1881 1391 corrected

273 1404 367 1434 from
384 1404 447 1434 the
464 1404 663 1434 inhibition
683 1404 722 1435 of
734 1405 852 1435 Nesen
869 1403 961 1434 from
980 1403 1159 1443 lecturing
1177 1402 1231 1443 (ll.
1246 1404 1332 1433 61-2
1348 1413 1356 1441 ;
1381 1402 1424 1434 cf.
1443 1404 1530 1444 Epp.
1553 1405 1646 1443 1046,
1669 1406 1767 1444 1057)
1785 1415 1793 1443 3
1819 1404 1881 1434 the

274 1447 499 1478 month-date
522 1448 554 1479 is
575 1448 760 1479 indicated
784 1448 830 1487 by
846 1448 910 1487 Ep.
932 1447 1025 1478 1108.
1074 1446 1120 1477 In
1145 1447 1347 1477 connexion
1371 1447 1462 1478 with
1487 1448 1563 1478 this
1587 1448 1696 1478 letter
1718 1449 1815 1478 must
1840 1447 1882 1477 be

272 1491 358 1522 read
380 1491 444 1531 Ep.
471 1501 579 1530 11043
604 1492 727 1523 which
749 1501 899 1531 appears
921 1493 957 1522 to
979 1491 1071 1523 have
1093 1491 1185 1521 been
1209 1490 1357 1521 written
1373 1491 1465 1521 after
1481 1492 1543 1521 the
1562 1492 1745 1531 reception
1762 1491 1801 1522 of
1822 1491 1883 1522 the

272 1534 352 1566 first
367 1544 466 1565 news
482 1536 521 1566 of
533 1534 651 1567 Vives’
668 1535 802 1567 arrival
815 1535 855 1566 in
869 1535 981 1566 Paris.
1021 1534 1095 1564 The
1112 1536 1257 1574 present
1274 1534 1383 1565 letter
1401 1537 1513 1566 treats
1529 1535 1592 1566 the
1611 1545 1708 1566 same
1725 1534 1883 1575 subjects

270 1588 368 1610 inore
384 1578 508 1620 fully.]

447 1682 655 1712 ERAsnvs
686 1682 914 1712 ROTEROD.
937 1680 997 1712 Io.
1021 1681 1252 1712 Lonovico
1285 1682 1401 1722 VIVI,
1424 1683 1720 1713 PHILOSOPHO.

881 1751 1125 1791 ABSOLVTO,
1158 1752 1191 1784 s,
1217 1753 1259 1784 D.

328 1843 591 1882 SVBTRISTEM
622 1856 688 1881 me
717 1856 763 1882 ac
791 1842 994 1881 lassulum
1025 1842 1213 1893 mihique
1241 1857 1327 1882 non
1355 1844 1465 1883 nihil
1494 1844 1783 1894 displicentem
1811 1847 1884 1884 tua

273 1910 341 1936 me
360 1898 516 1935 mirum
536 1897 579 1935 in
601 1897 774 1936 modum
796 1897 1047 1936 exhilarauit
1066 1898 1252 1947 epistola,
1276 1898 1485 1937 Lodouice
1505 1899 1756 1946 doctissime,
1781 1912 1884 1948 quae

273 1951 567 1990 felicissimum
591 1951 703 1990 istud
728 1953 851 1990 tuum
878 1951 957 1989 iter
983 1952 1041 1990 sic
1069 1952 1259 2002 depinxit
1284 1954 1407 2003 atque
1434 1953 1485 1992 ob
1512 1953 1653 1991 oculos
1678 1954 1818 2003 posuit
1838 1956 1885 1992 vt

273 2006 380 2044 mihi
413 2008 550 2044 tecum
582 2005 745 2044 viderer
773 2006 1040 2056 peregrinari.
1100 2006 1184 2044 Nae
1219 2009 1259 2045 te
1293 2020 1486 2057 prospero
1521 2007 1701 2057 quodam
1735 2007 1883 2057 sydere

274 2063 422 2099 natum
449 2073 537 2098 esse
565 2060 760 2110 oportuit,
784 2061 851 2099 cui
876 2063 964 2098 tam
991 2060 1168 2099 feliciter
1195 2061 1436 2100 successerit
1462 2063 1569 2112 quod
1598 2062 1768 2112 perfuga
1787 2061 1885 2101 veli-

274 2117 389 2154 tatus
408 2115 466 2154 sis
486 2115 531 2152 in
548 2117 708 2153 veteres
723 2114 1031 2153 commilitones
1045 2117 1139 2154 tuos
1155 2115 1362 2165 sophistas
1378 2130 1386 2163 ;
1414 2117 1661 2166 praesertim
1676 2116 1884 2164 Lutetiae,

274 2169 359 2218 vbi,
383 2169 492 2220 quod
513 2169 640 2207 huius
660 2169 904 2219 disciplinae
922 2169 1056 2208 veluti
1077 2182 1252 2219 regnum
1275 2172 1317 2208 et
1341 2183 1414 2208 arx
1439 2171 1641 2220 quaedam
1664 2183 1754 2209 esse
1773 2170 1884 2209 vide-

273 2223 409 2272 batur,
432 2223 661 2274 periculum
681 2225 770 2262 erat
794 2237 847 2262 ne
869 2223 1111 2273 lapidareris
1138 2225 1208 2262 aut
1235 2224 1485 2263 crabronum
1513 2224 1666 2263 aculeis
1695 2224 1885 2263 confode-

273 2278 387 2316 reris.
446 2278 638 2316 Profecto
657 2277 842 2327 gratulor
867 2277 1035 2327 publico
1061 2278 1270 2317 successui
1296 2278 1556 2325 studiorum;
1586 2278 1658 2317 sed
1685 2279 1885 2328 priuatim

274 2332 401 2371 etiam
436 2331 622 2381 gratulor
649 2332 901 2371 Academiae
934 2331 1163 2371 Parisiensi
1197 2332 1248 2371 ob
1279 2332 1501 2382 pristinam
1535 2332 1884 2372 consuetudinem

273 2386 359 2424 illic
382 2386 505 2425 annis
529 2386 689 2436 aliquot
711 2399 797 2425 non
823 2386 1056 2425 insuauiter
1080 2389 1227 2425 actam.
1288 2386 1395 2435 Quid
1424 2389 1567 2425 autem
1596 2387 1769 2437 posthac
1798 2400 1885 2426 non

323 2500 418 2530 1110.
437 2509 490 2539 59.
515 2500 709 2530 deterrima
724 2501 767 2535 B:
795 2501 981 2530 teterrima
996 2510 1025 2529 α.
1116 2501 1169 2531 66.
1197 2509 1215 2530 e
1232 2510 1276 2531 a:
1300 2509 1320 2530 a
1336 2511 1368 2539 γ.
1464 2500 1559 2531 1111.
1584 2510 1646 2532 TIT.
1667 2509 1888 2531 Pmmsorno

275 2552 448 2574 ABSOLVTO
465 2554 524 2575 om.
542 2546 584 2575 Η.
721 2554 751 2582 4.
778 2546 812 2573 H
824 2554 832 2575 ε
855 2543 1069 2583 perigrinari
1088 2546 1123 2575 F.

277 2656 356 2695 fair,
372 2665 411 2694 13
423 2655 516 2695 Sept.
536 2656 629 2694 1518,
643 2655 673 2685 is
685 2665 764 2686 now
778 2655 818 2686 111
829 2655 892 2686 the
906 2654 1046 2686 British
1115 2654 1169 2693 ity
1187 2654 1225 2683 in
1242 2653 1384 2684 culture
1402 2653 1445 2685 cf.
1462 2654 1551 2694 Epp.
1568 2664 1638 2687 112.
1662 2664 1711 2693 11,
1727 2664 1801 2694 321.
1824 2663 1885 2685 10-

280 2700 444 2730 Museum
465 2700 554 2739 (819.
576 2700 599 2730 f.
621 2698 667 2738 1).
1118 2707 1130 2726 1
1141 2707 1166 2735 1,
1178 2698 1253 2736 569.
1264 2698 1385 2736 57-81,
1396 2698 1470 2729 880.
1483 2699 1559 2737 5-6,
1574 2699 1666 2737 1165.
1682 2708 1777 2737 45-7,
1790 2698 1884 2736 1187.

325 2743 420 2773 1110.
438 2744 489 2773 62.
516 2742 566 2773 De
592 2741 873 2783 conscribendis]
898 2742 962 2773 See
980 2742 1045 2782 Ep.
1115 2742 1158 2779 6;
1190 2741 1293 2772 BRE.
1322 2742 1373 2781 76,
1401 2751 1472 2780 102,
1502 2750 1572 2781 197,
1599 2751 1663 2772 210
1679 2752 1687 2780 3
1719 2741 1804 2773 LE.2
1827 2742 1881 2781 87,

324 2810 331 2817 .
1115 2795 1168 2824 90,
1187 2785 1240 2823 98.
1258 2786 1301 2821 46
1316 2795 1323 2816 z
1347 2784 1419 2815 and
1436 2794 1493 2815 see
1510 2795 1572 2825 my
1586 2788 1651 2823 AsJe
1667 2788 1703 2823 of
1714 2788 1881 2826 Erasmus,

323 2831 376 2868 63.
404 2832 485 2860 tuae
501 2828 677 2870 ciuitatis]
704 2829 966 2861 Schlettstadt:
992 2838 1048 2859 see
1115 2837 1174 2868 pp.
1191 2828 1309 2866 264-8.

280 2875 343 2913 Ep.
363 2882 426 2912 323
444 2873 576 2904 inti-od.
1162 2871 1256 2902 1111.
1283 2881 1310 2902 1.
1335 2871 1526 2913 lassulum]
1566 2872 1651 2903 This
1690 2882 1737 2904 no
1772 2872 1884 2904 doubt

324 2919 376 2956 67.
404 2917 498 2947 nihil
525 2926 597 2946 non
616 2915 802 2957 tribuunt]
827 2916 895 2947 For
919 2915 1047 2946 North·
1114 2915 1234 2946 marks
1257 2914 1318 2945 the
1341 2915 1539 2956 beginning
1563 2916 1601 2947 of
1623 2915 1804 2947 Erasmus’
1830 2915 1884 2946 ill-

279 2972 356 2998 ‹=1·n,
374 2961 444 2991 and
462 2960 653 3000 especially
671 2960 839 2998 German,
861 2959 1047 2990 sensitive-
1115 2968 1197 2988 ness
1215 2969 1222 2996 ;
1245 2958 1299 2989 sor
1316 2959 1377 2989 the
1395 2968 1518 2990 course
1543 2960 1581 2990 of
1594 2959 1710 2990 which
1735 2969 1792 2991 see
1817 2959 1880 2998 Ep.

280 3015 359 3036 ness
371 3004 524 3035 towards
540 3003 672 3035 Italian
687 3003 813 3034 claims
825 3005 860 3033 to
872 3003 1045 3042 superior·
1118 3012 1129 3031 1
1140 3011 1199 3031 112
1218 3002 1350 3034 inti-od.

280 2796 316 2825 71

1988 92 1990 111 1
