1990 3353
92 149 214 203 1084]
468 151 621 191 FROM
656 151 945 193 BONIFACE
982 153 1304 194 AMERBAGH
1608 156 1688 194 213

89 264 161 301 tua
192 261 406 311 paciantur
439 261 589 310 studia,
621 275 705 300 non
733 261 969 312 grauaberis
998 262 1190 312 quicquid
1218 263 1260 302 id
1292 264 1371 302 erit
1399 264 1442 301 in
1472 264 1688 303 meliorem

87 316 349 366 interpretari
369 318 538 365 partem.
597 316 697 354 Esto
724 319 795 354 tuo
822 316 963 354 fauore
988 317 1069 355 sim
1096 316 1304 366 indignus,
1327 317 1558 368 habeasque
1587 319 1690 357 alios

87 369 244 409 amicos
262 370 506 409 eruditionis
526 371 695 408 nomine
715 370 926 419 insignes3
955 384 1059 420 quae
1086 372 1226 409 tamen
1253 374 1324 410 tua
1350 375 1411 411 est
1439 373 1688 421 humanitas,
1714 388 1753 421 15

88 437 174 463 non
193 425 447 464 auersaberis
465 425 682 463 hominem
702 424 782 463 tibi
806 426 893 462 toto
916 427 1078 474 pectore
1102 425 1449 466 addictissimum.
1507 427 1628 466 Certe
1646 429 1692 466 vt

87 479 285 517 omnibus
304 479 538 517 eruditione
558 492 652 517 sum
672 478 854 527 inferior,
872 478 932 517 ita
952 479 1091 518 studio
1111 482 1152 518 et
1170 493 1310 519 amore
1330 480 1375 518 in
1395 483 1435 518 te
1456 494 1550 520 meo
1569 480 1692 528 nulli,

89 533 282 583 quisquis
303 533 375 571 ille
393 533 530 581 fuerit,
555 546 745 572 cessurus
771 546 866 572 sum
887 545 1082 583 vnquam.
1141 534 1275 582 Quare
1302 548 1354 573 ne
1380 548 1541 585 semper
1567 535 1692 585 longo

89 587 312 625 verborum
349 589 494 637 paratu
530 587 608 626 tibi
642 600 773 638 aequo
801 587 1014 626 molestior
1046 588 1140 635 sim,
1179 588 1392 628 breuiculo
1432 589 1509 628 hoc
1548 603 1692 628 rursus

86 641 277 680 animum
307 654 447 680 meum
476 641 554 680 tibi
582 644 781 680 testatum
802 641 910 690 volo,
937 654 1034 680 eum
1063 642 1150 681 fore
1179 656 1303 693 quem
1334 657 1357 683 a
1384 645 1554 683 tuorum
1583 643 1692 683 dedi·
1715 659 1754 681 20

87 695 250 735 tissimo
269 699 482 745 expectare
502 699 543 734 et
563 696 780 735 conueniet
800 698 840 734 et
859 708 934 746 par
951 698 1025 734 est.

143 750 261 799 Quod
291 750 392 788 felix
419 751 688 800 faustumque
717 751 784 799 sit,
813 749 935 789 audio
964 750 1194 790 Martinam
1223 751 1428 802 Dorpium
1456 753 1688 802 resipuisse,

88 817 282 855 nuncque
303 818 326 843 a
346 805 433 843 tuis
454 804 670 851 doctrinis,
693 805 824 843 immo
844 818 868 844 a
886 817 1006 844 verae
1030 805 1258 855 theologiae
1279 808 1388 845 stare
1414 807 1690 857 praescriptis.

88 858 140 897 Id
161 871 257 897 cum
277 859 472 898 omnibus
493 859 601 909 apud
622 873 708 904 nos,
732 861 824 898 tum
850 858 1031 898 maxime
1052 859 1132 899 Dn.
1153 859 1326 899 Vlricho
1353 860 1484 909 Zasio,
1509 862 1693 901 maximo

88 913 382 961 iureconsulto,
419 926 608 952 summae
641 913 848 964 voluptati
879 913 970 952 fuit.
1031 913 1273 953 Gratulatus
1306 928 1401 954 sum
1430 916 1593 954 homini
1621 929 1694 966 per
1714 935 1752 966 25

87 967 264 1012 litteras,
289 968 387 1006 licet
415 967 587 1016 inuitus,
616 980 767 1018 nempe
795 968 929 1006 alieno
959 968 1183 1016 stomacho,
1212 970 1488 1019 compellente
1515 970 1597 1009 huc
1626 983 1693 1009 me

87 1021 209 1061 Zasio
229 1024 271 1061 et
290 1024 549 1061 sacramento
569 1035 644 1061 suo
663 1022 863 1072 adigente.
922 1022 1000 1062 Oui
1022 1035 1118 1062 cum
1143 1023 1250 1062 nihil
1276 1025 1479 1074 denegare
1504 1025 1688 1073 debeam,

89 1078 198 1115 certe
226 1076 303 1115 hac
331 1077 376 1115 in
406 1078 521 1126 parte
548 1077 792 1126 morigerari
819 1076 946 1124 volui,
980 1078 1219 1126 praesertim
1253 1091 1348 1117 cum
1380 1078 1562 1128 Dorpius
1595 1081 1693 1118 tuus

86 1131 221 1169 factus
241 1131 321 1178 sit;
351 1144 430 1181 quo
451 1131 551 1181 quid
570 1133 732 1181 poterat
753 1131 873 1170 nobis
893 1131 1080 1170 euenisse
1105 1132 1319 1182 optatius?
1375 1133 1553 1172 Felicem
1579 1135 1622 1185 te
1649 1135 1690 1172 et

86 1198 182 1224 vere
207 1198 417 1235 magnum,
445 1186 517 1235 qui
545 1199 630 1224 non
658 1185 796 1225 solum
824 1186 981 1235 optima
1010 1186 1148 1225 studia
1175 1186 1221 1224 in
1250 1187 1462 1237 integrum
1491 1188 1688 1236 restituis,
1713 1207 1754 1238 30

86 1240 158 1278 sed
178 1240 222 1278 in
243 1239 501 1279 debellandis
527 1239 652 1278 etiam
672 1240 943 1279 barbarorum
964 1241 1101 1291 copiis,
1124 1254 1174 1278 ex
1194 1241 1392 1290 sophistis
1416 1242 1616 1290 homines,
1639 1255 1689 1280 ex

87 1294 387 1344 mathaeologis
406 1294 619 1344 theologos
639 1294 750 1333 facis.

141 1348 203 1387 De
238 1348 361 1388 rebus
394 1348 547 1387 nostris
580 1349 681 1399 quid
714 1348 865 1387 attinet
897 1349 1064 1388 dicere?
1121 1349 1176 1387 Ni
1208 1349 1340 1399 fallor,
1377 1364 1500 1401 quam
1539 1351 1691 1389 misere

85 1403 309 1452 preteritus
346 1416 481 1442 annus
520 1416 596 1442 nos
633 1403 848 1453 acceperit,
887 1405 1017 1442 tenes.
1088 1402 1330 1443 Brunonem
1364 1405 1535 1444 fratrem
1574 1407 1691 1455 peste

85 1456 322 1507 iugulatum
350 1470 433 1495 non
465 1457 554 1495 sine
583 1457 840 1508 spirantibus
863 1457 1078 1496 lachrimis
1103 1458 1332 1497 amisimus.
1395 1459 1524 1498 Cuius
1552 1459 1690 1498 obitus
1712 1473 1752 1505 35

85 1512 187 1561 quin
217 1511 294 1550 tibi
322 1511 478 1550 vulnus
506 1511 705 1550 inflixerit
732 1512 845 1550 haud
875 1511 1020 1550 dubito
1036 1526 1047 1559 ;
1075 1525 1159 1550 non
1187 1513 1302 1551 enim
1330 1513 1453 1552 nobis
1481 1517 1570 1553 tam
1599 1527 1690 1552 san-

84 1566 222 1616 guine,
259 1579 384 1616 quam
417 1565 496 1604 tibi
527 1579 694 1604 summa
727 1566 950 1605 deuotione
982 1568 1071 1604 erat
1102 1566 1480 1613 coniunctissimus,
1515 1568 1587 1618 qui
1620 1570 1692 1607 tua

84 1620 265 1669 adorare,
293 1623 334 1659 te
354 1620 574 1670 complecti
592 1620 748 1659 solebat
767 1620 1107 1670 relligiosissime.
1166 1621 1245 1660 Sed
1267 1624 1458 1661 mortuus
1477 1626 1541 1661 est
1566 1636 1690 1673 quem

86 1675 234 1713 viuum
273 1675 565 1725 cupiebamus3
607 1675 782 1714 decessit
820 1675 891 1725 qui
930 1688 1041 1713 nunc
1078 1675 1267 1725 primum
1299 1677 1463 1716 litteras
1496 1677 1693 1716 adiuuare

85 1731 247 1779 poterat
262 1744 271 1778 ;
303 1729 406 1768 obiit
421 1742 505 1767 non
520 1729 609 1767 sine
624 1742 789 1768 summa
805 1732 944 1768 nostra
959 1729 1127 1768 iactura.
1169 1730 1258 1779 Ego
1274 1730 1462 1769 Basileae
1477 1731 1688 1782 hucusque
1710 1747 1753 1778 40

84 1783 138 1822 ob
158 1784 298 1822 fratris
318 1786 494 1822 mortem
515 1797 583 1822 me
602 1784 800 1822 continui.
858 1784 966 1823 Vere
992 1786 1133 1822 tamen
1157 1784 1332 1823 ineunte
1352 1786 1401 1824 ad
1423 1786 1691 1824 Auenionam

86 1837 333 1888 proficiscor,
359 1840 475 1888 cepta
496 1838 634 1877 studia
653 1840 957 1887 prosecuturus,
979 1840 1022 1876 et
1043 1838 1181 1877 ordini
1207 1838 1393 1888 iuridico,
1418 1841 1454 1878 si
1482 1854 1503 1878 e
1531 1854 1573 1878 re
1600 1853 1692 1880 mea

86 1892 307 1938 videbitur,
338 1906 492 1931 nomen
527 1893 722 1931 daturus:
761 1893 928 1931 tametsi
957 1893 1139 1931 nesciam
1168 1894 1204 1932 si
1234 1894 1333 1943 quid
1365 1894 1506 1932 minus
1534 1895 1690 1944 possim

86 1960 212 1997 quam
238 1946 428 1997 linguam
454 1946 607 1985 habere
632 1947 850 1995 venalem3
884 1960 1031 1985 verum
1057 1947 1169 1986 aliud
1191 1947 1300 1986 vitae
1326 1948 1569 1987 institutum
1597 1949 1688 1988 erit.

87 2001 168 2040 Dn.
203 2001 376 2040 Vlricho
414 2001 534 2040 Zasio
571 2001 808 2051 principum
842 2001 1103 2052 quorundam
1138 2002 1319 2051 negociis
1353 2002 1546 2042 inuoluto
1579 2017 1692 2041 nunc
1710 2017 1751 2048 45

84 2055 263 2094 scribere
297 2069 382 2094 non
415 2057 497 2094 fuit
528 2056 751 2106 integrum.
811 2055 1010 2094 Proximo
1044 2058 1186 2094 tamen
1220 2057 1373 2095 nuncio
1407 2057 1458 2095 ad
1492 2059 1534 2095 te
1568 2060 1608 2096 et
1642 2058 1692 2096 ad

88 2110 293 2160 Dorpium
311 2110 474 2149 litteras
493 2110 620 2159 dabit,
642 2110 814 2149 interim
834 2112 974 2148 onmia
993 2110 1127 2149 fausta
1150 2110 1224 2148 tibi
1244 2111 1423 2149 adscribi
1442 2111 1576 2150 iussit.

134 2187 183 2217 18.
210 2186 272 2217 ille
289 2187 312 2220 β
329 2197 337 2217 :
360 2187 391 2216 is
407 2197 437 2218 α.
527 2195 607 2217 sum
624 2184 684 2220 aB²
700 2196 708 2216 ε
732 2186 801 2217 sim
818 2185 866 2220 βῙ.
987 2195 1039 2216 21.
1063 2187 1106 2219 B:
1132 2187 1313 2225 expectari
1329 2198 1361 2217 α.
1491 2197 1542 2218 22.
1568 2187 1692 2219 Marti-

89 2239 179 2261 num
195 2230 369 2270 Dorpium
385 2229 464 2264 affl:
489 2239 547 2261 om.
566 2228 614 2263 [3¹.
706 2239 758 2268 24.
785 2239 866 2260 cum
882 2241 923 2261 a:
949 2231 1027 2260 tum
1044 2228 1092 2263 [3².
1205 2229 1274 2261 Dn.
1295 2242 1315 2260 α
1332 2242 1338 2261 :
1361 2230 1403 2261 D.
1423 2232 1457 2264 β.
1572 2231 1692 2262 Vlrico

88 2272 138 2308 132.
270 2274 323 2305 28.
347 2275 385 2308 B:
408 2273 618 2313 morigerare
630 2285 660 2305 α.
753 2273 908 2313 Dorpius
923 2272 982 2308 αβ2
999 2284 1006 2303 :
1031 2273 1093 2303 ille
1106 2283 1254 2312 syncere
1269 2273 1317 2307 Bl.
1440 2284 1493 2313 29.
1518 2275 1559 2308 B:
1586 2275 1692 2305 nobis

89 2319 229 2357 poterat
245 2329 276 2348 α.
419 2326 472 2356 32.
499 2315 577 2351 affl:
603 2316 834 2356 Mataeologis
850 2316 898 2352 Bl.
1042 2326 1096 2355 33.
1122 2315 1184 2350 Bl:
1207 2317 1310 2347 fallar
1327 2316 1396 2351 affl.
1544 2319 1597 2356 36.
1623 2319 1690 2349 tibi

89 2363 132 2395 B:
158 2362 226 2392 tibi
247 2362 357 2392 etiam
374 2372 405 2391 a.
497 2360 594 2391 haud
611 2362 653 2394 B:
678 2370 751 2391 non
768 2372 798 2392 α.
927 2370 982 2400 39.
1005 2359 1063 2394 131:
1090 2360 1314 2400 cupieramus
1332 2360 1401 2395 affl.
1531 2371 1584 2400 41.
1612 2372 1692 2393 con-

580 2405 729 2435 ineunte
745 2405 790 2437 B:
816 2414 912 2435 nunc
931 2405 1081 2434 ineunte
1097 2415 1128 2434 α.
1255 2414 1306 2443 42.
1335 2406 1370 2434 et
1387 2429 1393 2435 .
1414 2429 1421 2436 .
1437 2428 1445 2435 .
1468 2414 1508 2444 43
1540 2405 1692 2438 daturus

991 2456 1043 2486 45.
1069 2447 1137 2478 Dn.
1163 2446 1241 2481 al32:
1267 2448 1308 2479 D.
1335 2447 1383 2482 B1.

89 2406 185 2436 tinui
203 2406 226 2439 β
243 2416 250 2435 :
272 2405 441 2436 contineo
457 2415 486 2435 α.

89 2451 162 2479 add.
186 2449 219 2482 β.
309 2457 363 2486 43.
381 2448 514 2488 possim
539 2447 618 2482 affl:
643 2457 783 2488 possem
807 2446 855 2482 βῑ.

926 2524 1009 2562 face,
1026 2525 1046 2553 6
1061 2523 1181 2553 March
1197 2533 1298 2562 1520:
1319 2524 1557 2563 ‘negociorum
1570 2528 1691 2556 tamon

925 2566 1019 2597 mole
1051 2567 1118 2597 hoc
1148 2568 1321 2606 temporis
1352 2568 1515 2608 articulo,
1549 2579 1617 2608 quo
1648 2569 1692 2599 ad

133 2533 186 2554 22.
212 2523 403 2563 Dorpium]
420 2523 470 2555 Cf.
491 2524 554 2564 Ep.
578 2533 669 2562 1044.
692 2525 769 2554 1611.

132 2568 184 2598 26.
210 2565 363 2607 litteras]
387 2567 461 2597 The
490 2568 603 2607 rough
628 2567 724 2599 draft
748 2568 778 2598 is
800 2577 856 2598 ex-

89 2612 169 2641 tant
184 2612 220 2641 at
236 2610 340 2641 Basle
357 2611 442 2651 (MS.
459 2610 496 2642 C.
513 2611 588 2642 Vlst.
605 2621 656 2650 73.
675 2611 755 2650 158:
776 2612 855 2642 Am.

90 2654 128 2685 E.
148 2655 181 2692 3⁸¹1
199 2664 206 2690 3
230 2653 346 2693 dated,
366 2654 438 2685 like
456 2654 540 2693 this,
562 2664 601 2694 19
618 2655 738 2686 March
761 2664 853 2693 1520,

89 2699 180 2728 from
194 2698 255 2727 the
266 2697 334 2736 day
345 2698 382 2728 of
391 2698 569 2738 dispateh,
578 2698 641 2729 the
652 2701 722 2730 two
733 2698 857 2730 letters

91 2741 197 2780 being
213 2742 293 2771 sent
309 2741 356 2780 by
373 2742 434 2772 the
453 2751 548 2772 same
567 2752 780 2782 messenger.

132 2794 184 2824 34.
211 2784 438 2826 Brunonem]
463 2788 533 2821 †21
557 2786 632 2817 Oct.
654 2795 761 2825 15193
784 2785 855 2816 and

89 2827 134 2859 cf.
151 2829 215 2868 Ep.
237 2829 331 2866 1085.
353 2838 428 2867 1311.

131 2882 184 2911 41.
211 2871 455 2913 Auenionam]
484 2871 536 2903 Cf.
562 2872 625 2912 Ep.
653 2880 746 2902 1020.
772 2882 852 2911 5411.

90 2915 134 2946 In
151 2915 304 2946 another
320 2915 426 2946 letter
443 2916 480 2946 of
503 2926 541 2955 19
559 2916 679 2946 March
704 2915 755 2954 (C.
772 2917 850 2947 VIfl.

90 2968 140 2997 73.
161 2961 239 2998 411)
265 2959 309 2989 he
327 2969 407 2999 says
424 2959 468 2989 he
487 2959 563 2989 will
589 2962 678 2990 start
697 2960 760 2990 ‘ad
785 2960 848 2991 kls.

90 3002 201 3033 Maias
215 3003 232 3034 ³.

132 3055 183 3084 45.
209 3045 431 3086 principum]
458 3045 509 3077 Cf.
528 3046 594 3076 ZE.
614 3056 666 3085 21,
686 3048 723 3077 to
744 3046 852 3078 Boni-

925 2611 1110 2641 nundinas
1143 2610 1414 2641 Francofordias
1445 2612 1570 2643 literae
1607 2613 1690 2643 mit-

924 2655 1055 2685 tendae
1078 2656 1174 2693 sunt,
1192 2655 1243 2685 ita
1267 2664 1411 2694 premor
1436 2658 1476 2686 vt
1498 2666 1607 2697 prope
1633 2656 1690 2687 de-

923 2698 1053 2728 ficiam.
1103 2698 1194 2728 Sunt
1226 2699 1324 2728 enim
1354 2699 1551 2739 compluria
1579 2700 1691 2730 michi

923 2742 1075 2772 consilia
1105 2742 1330 2781 principibus
1361 2745 1396 2773 et
1420 2744 1508 2774 item
1539 2743 1692 2774 Sueuiae

923 2785 1087 2815 facienda
1104 2796 1112 2815 ε
1134 2794 1225 2824 quae
1243 2786 1293 2815 ita
1307 2787 1414 2816 simul
1429 2797 1483 2817 me
1496 2789 1692 2818 onerarunt

924 2831 961 2859 vt
989 2829 1046 2858 cui
1073 2829 1175 2867 prius
1199 2829 1382 2860 lucernam
1407 2830 1589 2869 addidero,
1618 2841 1689 2861 non

922 2873 1009 2902 satis
1026 2872 1209 2911 integrum
1229 2873 1275 2903 sit
1289 2872 1308 2903 ’.
1355 2873 1438 2904 And
1462 2875 1507 2905 he
1533 2876 1690 2904 entreats

922 2916 1091 2947 Bonisace
1124 2918 1159 2946 to
1184 2916 1265 2946 take
1291 2926 1368 2947 care
1398 2924 1463 2947 *ne
1486 2917 1692 2948 Francofor-

920 2959 1062 2989 ‹lienses
1073 2959 1201 2990 abeant
1214 2958 1220 2970 '
1232 2960 1355 3000 (Basle
1367 2961 1437 2991 MS.
1447 2964 1488 2992 G.
1499 2961 1547 2991 ΙΙ.
1557 2963 1687 3001 3216).

921 3002 972 3034 Cf.
992 3003 1055 3042 Ep.
1077 3003 1169 3042 1083.
1189 3012 1269 3041 41n.

965 3047 1018 3084 46.
1043 3046 1087 3076 ad
1106 3046 1297 3087 Dorpium]
1315 3046 1365 3077 Cf.
1386 3047 1451 3078 ZE.
1470 3058 1520 3087 21,
1541 3057 1594 3076 22.
