1990 3353
215 1407 254 1429 10

217 1948 258 1969 20

245 2219 255 2226 ·
278 2204 401 2239 satur.

270 134 322 173 37
325 135 351 172 8
745 131 996 170 LETTERS
1035 132 1104 170 OF
1142 131 1409 171 ERASMUS

1746 131 1874 186 [1520

1828 242 1874 273 In

276 296 359 326 1523
376 287 422 317 he
439 286 626 327 composed
645 297 690 318 an
709 289 972 326 Epithalamium,
991 286 1142 325 Vienna7
1162 285 1196 316 J.
1215 285 1383 324 Singren‚
1398 295 1422 315 s.
1434 295 1476 323 (1.,
1495 284 1548 314 for
1572 285 1634 315 the
1656 285 1822 325 wedding
1838 286 1879 316 of

271 330 415 362 Gabriel
433 331 642 361 Salamanca
660 333 696 361 at
714 330 927 361 Innsbruck.
978 330 1023 360 In
1044 330 1106 360 the
1128 338 1287 360 summer
1302 327 1341 358 of
1364 337 1445 367 1524
1470 328 1514 358 he
1537 337 1610 359 was
1633 332 1668 359 at
1692 328 1874 369 Salzburg‚

269 376 375 414 again
392 375 506 414 living
523 375 610 405 with
629 374 851 405 Hofheimer
867 374 953 415 (VE.
970 383 1044 413 392,
1060 372 1142 412 396)
1160 383 1167 411 ;
1191 374 1255 403 but
1272 372 1311 402 in
1329 372 1390 402 the
1407 371 1591 412 following
1602 373 1726 412 spring
1742 372 1787 403 he
1804 383 1877 403 was

271 419 362 449 with
380 418 519 448 Nausea
537 419 575 447 in
592 418 655 449 the
672 418 768 449 train
785 418 824 448 of
836 417 1027 457 Campegio
1044 417 1082 447 in
1100 416 1288 456 Hungary,
1308 416 1379 446 and
1396 416 1479 446 took
1496 425 1516 445 a
1533 415 1683 446 doctor’s
1695 416 1821 456 degree
1837 418 1875 447 at

271 462 384 500 Buda,
405 463 447 492 26
465 462 587 493 March
603 471 695 501 1525.
736 462 842 492 After
857 461 937 492 that
950 461 1106 500 nothing
1116 470 1228 490 seems
1239 462 1277 490 to
1293 461 1334 490 be
1347 459 1481 489 known
1495 458 1534 488 of
1546 459 1634 491 him.
1676 460 1709 490 A
1724 460 1875 491 transla-

271 507 349 536 tion
375 506 421 544 by
438 505 516 535 him
541 505 578 535 of
599 515 619 535 a
642 505 785 546 portion
811 504 850 535 of
870 507 1071 535 leeuerdanlc
1094 505 1173 534 into
1199 503 1305 533 Latin
1330 512 1442 542 verse,
1463 505 1506 533 De
1529 506 1629 533 variis
1651 505 1876 534 Maximiliani

268 552 424 588 periculis,
452 548 641 579 dedicated
668 551 705 580 to
730 548 949 587 Ferffinand,
976 549 1005 578 is
1030 548 1069 577 in
1097 547 1159 578 the
1188 547 1360 586 Imperial
1386 547 1535 585 Library
1559 548 1594 577 at
1618 547 1759 577 Vienna
1782 548 1873 588 (MS.

273 593 348 623 Lat.
369 592 472 632 9976)
489 603 496 630 ;
521 593 564 623 cf.
585 593 805 631 Lambecius,
825 595 905 624 Bibl.
926 594 1008 622 Caes.
1030 594 1211 630 Vindobon„
1231 591 1258 620 ii
1275 591 1404 631 (17691,
1422 600 1497 630 930.

316 637 381 667 866
398 637 438 667 G.
459 636 498 667 G.
518 636 647 675 Liruti,
672 639 813 667 Letteratz'
829 639 876 667 ἀεὶ
890 637 1006 675 Friuh',
1025 635 1051 665 ii
1070 634 1197 676 (1762),
1217 644 1272 674 pp.
1294 635 1402 674 89-96
1418 645 1426 673 ;
1450 634 1495 665 M.
1513 633 1634 673 Denis,
1657 636 1696 663 W
1697 637 1762 665 lens
1772 637 1877 665 Buch-

270 682 557 719 (b-uckeryesclziclct,
578 681 669 720 1782,
690 690 746 720 pp.
765 689 873 719 341-2
890 691 898 719 3
920 679 1050 710 ι1661161
1067 689 1074 717 ;
1098 678 1169 709 and
1187 678 1333 709 Panzer.

271 244 415 283 Saxony
431 254 439 283 3
464 245 528 274 but
545 253 630 274 once
647 253 745 274 more
760 243 862 274 there
885 252 999 273 seems
1019 243 1056 273 to
1072 242 1164 272 have
1182 243 1270 272 been
1289 241 1434 272 scandal
1450 242 1486 271 at
1501 240 1560 271 his
1576 241 1779 282 departure.

621 794 827 824 ERASMVS
858 793 1058 824 RIOARDO
1091 793 1282 824 SBRVLw
1316 793 1395 824 SVO
1428 795 1527 825 5.]1.

326 898 480 937 PARVM
511 898 720 937 humanus
750 899 941 938 videatur
972 899 1043 949 qui
1077 900 1316 937 succenseat
1345 898 1413 937 vel
1443 898 1667 937 immodice
1702 897 1872 937 amanti.

272 952 454 990 Proinde
486 966 570 991 non
610 967 780 1003 possum
812 967 898 992 non
936 953 1148 1003 ignoscere
1186 953 1270 991 tuis
1301 953 1565 1001 carminibus,
1598 953 1878 992 eruditissime

272 1007 424 1054 Sbruli,
446 1020 543 1045 sane
564 1021 690 1058 quam
711 1008 922 1056 eleganter
941 1008 1012 1046 sed
1041 1008 1169 1045 nimis
1191 1009 1380 1045 amanter
1400 1008 1450 1045 de
1477 1021 1544 1045 me
1564 1006 1877 1046 mentientibus.

273 1060 415 1111 Neque
445 1061 591 1099 dubito
612 1063 713 1111 quin
742 1063 973 1100 carminum
1004 1063 1154 1100 horum
1183 1062 1349 1100 candori
1378 1062 1511 1099 animi
1537 1062 1691 1100 candor
1715 1074 1878 1111 respon·

274 1115 377 1153 deat.
438 1116 604 1166 Ingenii
635 1116 698 1154 tui
726 1129 911 1163 vaenam,
945 1129 1029 1155 non
1059 1116 1204 1154 minus
1232 1129 1450 1165 synceram
1481 1129 1607 1165 quam
1638 1116 1798 1154 felicem
1831 1127 1878 1153 ac

273 1169 509 1219 benignam,
547 1170 731 1219 primum
769 1184 819 1208 ex
856 1184 904 1209 eo
942 1170 1125 1209 carmine
1154 1170 1344 1220 perspexi
1376 1171 1486 1219 quod
1518 1171 1576 1209 sic
1609 1183 1659 1209 ex
1692 1173 1879 1220 tempore

272 1224 415 1263 lusum
440 1224 615 1262 Louanii
642 1225 877 1274 reliqueras.
938 1225 1112 1275 Iamque
1133 1224 1348 1274 vtriusque
1373 1226 1540 1263 animus
1559 1224 1725 1275 vtrique
1754 1226 1879 1263 notus

273 1280 369 1325 erat,
394 1292 525 1328 quum
545 1281 692 1317 neuter
711 1279 833 1317 alteri
857 1280 908 1318 de
934 1279 1036 1317 facie
1063 1281 1189 1318 notus
1215 1281 1333 1317 esset.
1394 1278 1472 1317 Sed
1492 1279 1753 1317 familiaritas
1773 1291 1880 1329 quae

272 1332 379 1370 mihi
410 1336 549 1371 tecum
577 1333 812 1372 intercessit
843 1334 1047 1381 Coloniae,
1080 1346 1166 1371 non
1195 1346 1342 1383 parum
1373 1346 1568 1381 magnam
1602 1333 1879 1372 accessionem

273 1386 463 1425 adiunxit
482 1400 596 1426 meae
618 1387 666 1425 de
686 1390 727 1426 te
752 1388 1064 1435 existimationi,
1089 1401 1221 1437 quum
1247 1400 1294 1426 ea
1319 1400 1385 1425 res
1405 1388 1487 1425 fere
1513 1388 1643 1427 soleat
1669 1388 1879 1438 opinionis

273 1441 475 1479 iacturam
496 1442 680 1491 aliquam
700 1443 914 1480 adducere.

329 1495 408 1533 Sed
439 1496 543 1534 heus
573 1499 631 1543 tu,
656 1497 811 1546 optime
832 1496 986 1544 Sbruli,
1014 1510 1107 1534 ama
1136 1498 1257 1534 tuum
1288 1496 1510 1535 Erasmum
1535 1498 1739 1546 quantum
1765 1495 1880 1534 voles

274 1549 507 1597 immodice,
545 1551 667 1589 modo
700 1551 906 1600 praedices
943 1551 1116 1599 parcius.
1178 1551 1297 1589 Nosti
1328 1553 1449 1589 vetus
1486 1551 1591 1589 illud
1629 1549 1880 1589 iureconsul-

274 1607 414 1642 torum
434 1605 638 1654 adagium,
668 1605 773 1643 ‘Nec
794 1605 944 1653 omnia,
969 1618 1043 1643 nec
1062 1606 1230 1654 passim,
1253 1619 1328 1644 nec
1348 1605 1398 1643 ab
1419 1606 1615 1643 omnibus
1629 1605 1650 1642 ⁹.
1708 1604 1766 1643 Vt
1792 1617 1877 1642 non

274 1660 336 1696 est
354 1658 630 1697 iniucundum
649 1659 810 1697 laudari
831 1672 853 1697 a
872 1660 962 1697 viro
987 1660 1164 1707 laudato,
1188 1660 1244 1697 ita
1270 1673 1354 1698 non
1382 1659 1545 1709 expedit
1569 1660 1678 1709 apud
1707 1658 1881 1709 quosuis

276 1713 508 1762 praedicare
528 1727 631 1762 quae
651 1715 749 1751 tuus
769 1713 812 1751 in
840 1727 916 1752 nos
942 1727 1058 1751 amor
1084 1714 1269 1763 suggerit
1292 1714 1433 1752 animo
1460 1716 1559 1761 tuo3
1588 1717 1634 1752 vt
1661 1727 1714 1752 ne
1743 1713 1878 1752 dicam

275 1767 447 1804 interim
469 1768 576 1816 quod
599 1767 801 1817 quaedam
823 1768 866 1806 in
888 1781 955 1806 me
976 1781 1059 1806 non
1080 1771 1328 1816 competant.
1389 1768 1530 1806 Minus·
1551 1781 1625 1806 nos
1644 1769 1788 1818 grauat
1807 1766 1879 1817 qui

276 1821 457 1859 detrahit
477 1822 584 1870 quod
615 1823 730 1860 adest
756 1836 881 1872 quam
905 1823 976 1872 qui
1005 1822 1153 1860 tribuit
1176 1823 1283 1872 quod
1314 1836 1397 1860 non
1427 1822 1639 1861 habemus.
1697 1823 1760 1860 Tu
1786 1835 1879 1859 vero

277 1876 437 1925 quoties
467 1876 622 1914 amoris
660 1879 794 1914 oestro
834 1877 1014 1927 percitus
1045 1876 1164 1914 bonis
1201 1877 1400 1915 lateribus
1439 1877 1654 1924 declamas,
1688 1880 1727 1915 et
1762 1876 1880 1915 omni

277 1943 425 1978 genere
446 1943 657 1968 armorum
679 1931 890 1980 depugnas
916 1931 1113 1969 aduersus
1133 1944 1203 1969 eos
1223 1931 1295 1980 qui
1321 1932 1462 1969 minus
1488 1932 1662 1969 Erasmo
1685 1930 1879 1969 tribuunt

277 1997 401 2033 quam
426 1987 497 2022 tua
516 1985 643 2022 vellet
670 1985 714 2022 in
741 1998 808 2023 me
835 1985 1136 2033 beneuolentia,
1162 1998 1323 2034 quaeso,
1346 1985 1444 2035 quid
1472 1985 1584 2024 aliud
1608 1985 1734 2024 efficis
1753 1997 1878 2034 quam

277 2041 322 2077 vt
343 2038 438 2076 illos
458 2039 596 2077 irrites
619 2039 669 2077 ad
695 2039 812 2088 peius
836 2040 962 2078 etiam
984 2040 1033 2077 de
1064 2052 1130 2077 me
1153 2039 1488 2089 praedicandum,
1513 2042 1555 2078 et
1586 2053 1653 2078 me
1681 2040 1880 2088 degraues

276 2093 447 2141 inuidia,
471 2093 588 2131 cuius
608 2093 814 2131 nonnulla
835 2094 1008 2132 fortasse
1027 2093 1159 2143 portio
1179 2094 1223 2131 in
1247 2096 1288 2131 te
1308 2107 1470 2143 quoque
1491 2094 1736 2133 deriuetur‘?
1792 2093 1880 2142 Ego

275 2147 525 2196 iampridem
555 2150 600 2185 vt
630 2148 1002 2186 obtrectationibus
1029 2147 1202 2193 assuevi,
1236 2148 1295 2186 ita
1321 2148 1492 2186 laudum
1521 2148 1756 2198 gloriaeque
1785 2160 1880 2186 sum

464 2201 652 2251 Ingenuo
671 2202 870 2251 profitens
890 2215 957 2240 me
984 2202 1089 2239 nihil
1121 2202 1237 2248 scire,
1261 2202 1368 2251 quod
1396 2216 1569 2252 possum
1601 2205 1774 2253 praesto.
1834 2201 1880 2239 Si

278 2268 362 2293 non
393 2267 589 2305 assequor
622 2256 727 2306 quod
763 2270 898 2304 conor,
931 2258 1071 2295 tamen
1112 2256 1156 2294 in
1195 2257 1317 2294 rebus
1348 2257 1534 2295 honestis
1568 2259 1608 2295 et
1641 2257 1781 2295 arduis
1812 2255 1880 2294 vel

279 2310 451 2347 conatus
470 2309 583 2347 laudi
604 2310 693 2348 dari
714 2310 829 2349 solet.
877 2310 921 2349 81
937 2310 1036 2360 quid
1057 2309 1181 2357 labor,
1200 2310 1257 2348 sic
1279 2323 1345 2348 me
1366 2311 1578 2350 consolor:
1607 2311 1748 2350 Homo
1769 2325 1876 2358 sum,

321 2441 351 2468 4.
378 2434 425 2461 F:
450 2431 582 2462 candor
598 2433 711 2463 animi
730 2433 876 2464 candori
893 2445 924 2464 α.

1083 2443 1115 2472 9.
1140 2433 1309 2463 Coloniae
1326 2444 1345 2462 α
1362 2444 1368 2464 :
1392 2433 1613 2473 Agrippinae
1630 2437 1672 2465 H.

278 2475 611 2506 iurisconsultorum
630 2479 666 2507 F.

803 2486 852 2515 17.
876 2478 1084 2516 competunt
1102 2480 1136 2508 F.

1831 2443 1881 2473 13.

321 2587 354 2616 6.
380 2587 556 2627 carmine]
587 2588 745 2628 Perhaps
770 2589 945 2620 Sbrulius'
972 2592 1044 2620 Gar-

278 2640 349 2659 mcn
372 2633 407 2659 1ἰη
429 2633 579 2667 ‹suosdam
605 2634 814 2669 tlwoloqastros
837 2636 1046 2664 Louaw‘euses

278 2676 480 2710 sycophantas
525 2678 743 2711 extemporalc;
798 2677 918 2707 which
973 2687 1046 2707 was

1116 2589 1177 2619 the
1193 2589 1301 2620 Town
1320 2589 1467 2629 Library
1479 2590 1515 2620 at
1529 2589 1750 2630 Nuremberg
1766 2591 1880 2632 (Hist.

1115 2635 1162 2670 4⁰.
1181 2633 1273 2671 3681.
1318 2633 1356 2662 If
1368 2633 1443 2663 this·
1463 2634 1490 2663 is
1507 2633 1569 2664 the
1585 2643 1687 2674 poem
1704 2634 1880 2668 intended

1115 2676 1210 2715 here,
1247 2676 1421 2707 Sbrulius’
1451 2677 1537 2706 visit
1568 2678 1604 2707 to
1635 2677 1880 2711 Louvain-at

280 2716 425 2756 printed
444 2718 482 2746 in
501 2720 604 2747 Ποῦ-(ας
619 2721 686 2749 siue
698 2721 855 2757 Eteqcmtie
867 2730 903 2750 ex
913 2722 1047 2751 diuersis

280 2763 367 2790 libris
406 2763 583 2791 Iloclcstratz'
606 2785 614 2792 .
641 2784 649 2792 .
677 2786 684 2793 .
707 2772 764 2799 per
793 2765 863 2794 Nic.
898 2766 1045 2800 Quadum

281 2807 436 2835 ‚S'aoeonem
461 2806 600 2843 collectae,
627 2805 689 2836 5.1.
718 2808 753 2836 ct
776 2816 807 2837 a.
827 2818 835 2837 τ
860 2817 880 2837 a
903 2806 1045 2837 volume

282 2847 402 2877 which
422 2847 451 2877 is
467 2847 574 2878 dated
592 2848 637 2886 by
655 2849 814 2889 Bijcking
831 2850 926 2890 Sept.
950 2859 1042 2889 1519,

283 2892 347 2921 but
380 2900 462 2930 may
496 2892 536 2920 be
569 2891 668 2923 later.
728 2893 802 2923 The
834 2903 938 2933 poem
971 2893 1047 2924 als-0

282 2944 429 2974 appears
447 2934 484 2964 in
503 2944 548 2964 an
562 2934 723 2966 undated
740 2937 877 2967 edition
891 2937 929 2967 of
943 2937 1045 2967 Eras-

284 2978 374 3008 mus'
392 2979 486 3015 Apol.
505 2980 540 3007 <le
557 2980 599 3008 In
619 2981 774 3016 principio
791 2984 856 3010 erat
869 2990 967 3011 sermo
985 2980 1042 3020 (cf.

283 3023 344 3061 Ep.
371 3021 480 3061 1072),
501 3021 539 3051 of
557 3021 679 3052 which
702 3023 801 3053 there
820 3024 848 3053 is
866 3034 884 3054 a
901 3033 990 3063 copy
1008 3025 1045 3054 in

1114 2729 1210 2750 some
1224 2718 1305 2749 date
1319 2719 1424 2750 when
1439 2720 1609 2751 Erasmus
1621 2731 1693 2752 was
1704 2724 1768 2753 not
1778 2723 1882 2754 there

1116 2773 1232 2793 —xvas
1249 2763 1462 2802 apparently
1480 2765 1541 2794 not
1560 2767 1691 2796 recent.

1162 2816 1211 2844 14.
1239 2806 1452 2848 Necomnia]
1467 2806 1516 2839 Cf.
1527 2810 1631 2844 Adae.
1645 2809 1746 2847 1316;
1759 2809 1882 2841 which

1116 2849 1225 2880 refers
1242 2852 1278 2880 to
1297 2850 1431 2889 Ulpian
1456 2850 1513 2882 bk.
1536 2852 1556 2890 i,
1578 2852 1651 2882 ‘De
1671 2851 1782 2883 officio
1804 2863 1882 2893 pro-

1115 2893 1294 2931 consulis',
1313 2894 1420 2924 about
1439 2894 1499 2924 the
1518 2897 1650 2934 receipt
1667 2896 1705 2926 of
1717 2899 1883 2935 presents

1116 2937 1162 2976 by
1178 2946 1196 2966 a
1214 2937 1401 2976 proconsul
1427 2938 1465 2968 in
1491 2937 1550 2968 his
1571 2940 1763 2978 province:
1787 2940 1882 2971 cited

1116 2990 1161 3010 011
1178 2982 1249 3017 Diq.
1269 2981 1295 3018 i,
1311 2982 1368 3011 tit.
1393 2982 1441 3011 16.

1161 3033 1210 3054 22.
1240 3024 1373 3064 irrites]
1392 3024 1442 3055 Cf.
1466 3025 1528 3065 Ep.
1551 3026 1643 3064 1163.
1661 3035 1690 3065 3.
