1990 3353
323 112 403 150 464
795 107 1045 147 LETTERS
1085 108 1153 146 OF
1191 106 1455 146 ERASMUS
1799 103 1837 159 [1
1847 116 1868 155 5
1878 118 1895 142 2
1905 114 1920 138 1

326 220 492 260 Erasmi
529 220 682 258 famam
721 218 972 266 debacchari,
1009 217 1124 256 nulla
1162 230 1345 268 vnquam
1386 215 1615 266 quamlibet
1652 215 1734 254 leui
1772 214 1926 254 iniuria

269 289 308 311 10
327 275 552 315 lacessitus.
611 275 673 312 Ac
692 272 800 311 mihi
820 272 988 322 quidem
1008 272 1192 321 primum
1214 284 1299 310 non
1322 271 1446 309 libuit
1473 270 1645 309 credere.
1703 270 1785 308 Res
1811 269 1925 308 enim

325 329 544 370 videbatur
583 327 767 377 indigna,
808 340 893 365 non
931 326 1065 365 dicam
1104 325 1323 373 sacerdote,
1366 338 1450 363 non
1495 325 1631 363 dicam
1675 322 1926 374 Euangelico

327 396 536 434 praecone,
574 395 659 420 non
694 381 828 420 dicam
861 381 1064 431 theologo,
1101 394 1184 419 non
1218 380 1354 418 dicam
1393 378 1608 427 monacho,
1645 377 1715 417 sed
1754 377 1926 416 omnino

327 439 442 476 viro:
472 437 678 486 siquidem
707 435 934 474 mulierum
962 440 1035 481 est,
1063 435 1132 473 sed
1163 435 1398 484 procacium
1425 446 1471 472 ac
1500 433 1739 479 stultarum,
1760 432 1926 482 linguae

328 493 410 531 telo
444 492 588 530 vlcisci
626 490 796 529 affectus
835 503 941 528 suos.
1001 489 1098 528 Mox
1130 489 1201 527 vbi
1238 492 1325 527 tam
1365 487 1500 526 multa
1537 487 1635 526 hinc
1669 489 1792 537 atque
1829 486 1927 525 hinc

270 562 307 595 15
329 547 595 590 referrentur,
612 544 712 595 quid
732 543 832 582 alibi
853 544 1028 582 dixisses
1047 544 1093 582 in
1113 543 1331 591 conuiuiis,
1348 542 1446 592 quid
1466 541 1565 580 alibi
1585 541 1629 580 in
1650 539 1923 588 monasteriis,

329 601 427 651 quid
456 600 557 639 alibi
586 600 631 637 in
660 599 858 648 plaustris
891 600 962 636 aut
997 597 1185 645 nauibus,
1217 597 1275 636 ita
1305 596 1474 647 quidem
1509 595 1665 634 credidi
1694 608 1791 633 vera
1824 607 1926 644 quae

328 654 614 700 narrabantur,
647 656 695 692 vt
723 655 864 691 tamen
893 655 1031 691 totum
1061 652 1137 691 hoc
1167 651 1364 702 quicquid
1393 652 1501 689 esset
1530 651 1600 697 rei,
1632 649 1928 700 negligendum

329 723 417 748 esse
438 710 643 747 ducerem.
702 707 757 746 Et
782 710 830 745 tu
855 707 1026 745 interim
1052 706 1160 745 mihi
1186 706 1365 745 blandus
1390 704 1646 751 occurrebas,
1665 705 1798 742 amice
1823 716 1929 741 com-

328 764 526 814 pellabas,
545 762 737 801 videlicet
757 761 1004 800 existimans
1023 763 1074 799 ad
1096 775 1161 799 me
1183 773 1267 799 non
1286 759 1505 809 peruenire
1524 759 1632 810 quod
1653 760 1699 797 tu
1722 771 1927 808 nusquam

270 834 310 857 20
329 832 413 857 non
434 830 657 868 spargeres.

383 872 569 911 Tandem
602 884 698 909 cum
732 884 799 908 me
832 884 855 908 a
888 870 1051 909 solenni
1083 869 1273 919 prandio,
1304 868 1412 918 quod
1446 867 1699 906 celebratum
1730 868 1793 905 est
1821 866 1929 916 apud

329 927 676 976 Augustinenses,
709 925 829 963 vultu
860 937 1057 975 perquam
1091 924 1223 962 amico
1256 935 1416 973 rogares
1447 921 1546 972 quid
1579 921 1658 960 tibi
1688 921 1927 960 mandarem

329 982 489 1020 abituro
509 981 554 1018 in
576 979 858 1026 Hollandiam,
880 978 1079 1016 mandaui
1101 977 1179 1016 tibi
1203 977 1428 1016 fraternam
1452 976 1706 1023 charitatem,
1731 976 1930 1014 hactenus

330 1049 414 1074 non
435 1035 534 1074 satis
554 1034 626 1073 abs
648 1036 688 1072 te
708 1036 893 1072 curatam
911 1048 919 1080 3
950 1033 1142 1071 videlicet
1164 1032 1344 1070 ciuiliter
1363 1044 1407 1069 ac
1433 1031 1583 1069 blande
1610 1030 1865 1069 submonens
1885 1031 1929 1067 vt

271 1102 309 1133 25
329 1090 553 1140 aliquando
573 1088 781 1127 desineres
801 1088 880 1126 ista
903 1088 1070 1137 linguae
1094 1086 1325 1137 petulantia
1347 1085 1527 1135 teipsum
1556 1085 1768 1123 traducere
1798 1084 1930 1132 magis

331 1158 454 1194 quam
490 1157 567 1191 me,
599 1145 639 1180 et
670 1142 923 1191 simplicium
955 1142 1118 1180 animos
1148 1140 1270 1179 malis
1300 1140 1473 1178 venenis
1506 1139 1675 1178 inficere
1703 1151 1807 1188 quae
1837 1142 1929 1187 post

331 1198 539 1237 resorbere
559 1211 645 1236 non
665 1197 812 1246 possis.
869 1196 976 1234 Nam
999 1195 1184 1245 scorpius
1204 1195 1397 1233 admotus
1417 1194 1583 1232 vulneri
1606 1192 1781 1232 retrahit
1808 1192 1858 1230 ad
1885 1205 1929 1230 se

330 1266 552 1300 venenum,
579 1251 686 1302 quod
715 1251 853 1289 infixit
883 1251 1032 1289 caudae
1061 1249 1243 1299 spiculo:
1277 1262 1351 1287 nec
1381 1248 1536 1298 alioqui
1564 1247 1821 1298 periclitatur
1848 1245 1930 1285 nisi

332 1308 404 1357 qui
428 1307 537 1345 ictus
564 1309 638 1345 est.
698 1305 782 1344 Hic
809 1319 932 1355 quem
960 1304 1088 1342 semel
1109 1304 1295 1343 venefica
1321 1303 1466 1352 lingua
1488 1302 1752 1353 percusseris,
1776 1300 1931 1339 mederi

272 1374 313 1405 30
332 1375 417 1400 non
437 1363 556 1412 potes
573 1375 581 1407 ;
612 1362 652 1399 et
672 1360 755 1398 late
775 1360 901 1410 serpit
921 1359 1090 1405 malum,
1114 1371 1279 1407 semper
1297 1358 1437 1407 plures
1457 1357 1680 1406 arripiente
1700 1355 1898 1406 contagio.

387 1416 664 1466 Posteaquam
684 1414 788 1453 bene
809 1414 995 1452 monitus
1019 1413 1218 1451 deteriora
1245 1414 1444 1462 sequutus
1469 1425 1524 1451 es,
1548 1410 1789 1461 impetrauit
1815 1423 1838 1448 a
1865 1422 1930 1447 me

332 1471 568 1510 Christiana
597 1469 775 1507 charitas
801 1471 847 1506 vt
875 1468 1032 1506 adirem
1063 1467 1302 1506 cubiculum
1331 1470 1463 1514 tuum,
1494 1465 1618 1515 idque
1646 1468 1692 1504 tu
1722 1464 1927 1510 fatebaris,

331 1525 529 1563 insolens.
586 1523 802 1562 Admonui
822 1522 1030 1572 priuatim,
1054 1535 1098 1559 ac
1119 1521 1247 1559 libere
1268 1521 1436 1570 quidem
1462 1521 1531 1559 sed
1558 1522 1700 1558 tamen
1728 1520 1928 1564 amanter,

331 1582 377 1617 vt
407 1579 593 1630 linguam
622 1578 748 1616 istam
776 1578 820 1615 in
844 1590 943 1615 vsus
972 1576 1164 1614 meliores
1192 1576 1389 1614 flecteres.
1442 1574 1514 1612 Ex
1542 1588 1589 1612 eo
1617 1573 1824 1623 colloquio
1854 1572 1932 1610 scis

271 1645 313 1677 35
333 1647 458 1684 quam
502 1632 646 1671 multis
690 1631 949 1681 argumentis
997 1630 1339 1680 deprehenderim
1386 1628 1686 1668 crassissimam
1729 1627 1931 1677 planeque

332 1688 569 1738 pudendam
603 1686 811 1724 inscitiam
846 1689 989 1733 tuam;
1033 1699 1128 1723 cum
1162 1688 1303 1722 tamen
1336 1686 1451 1722 totus
1486 1689 1593 1721 esses
1631 1683 1853 1732 occupatus
1886 1681 1931 1720 in

332 1742 584 1780 annotandis
622 1740 866 1790 periculosis
905 1740 1112 1778 erroribus
1150 1739 1264 1785 meis,
1302 1738 1429 1776 etiam
1464 1750 1593 1787 vsque
1631 1736 1682 1774 ad
1721 1736 1932 1774 haereseos

334 1797 503 1844 crimen,
537 1796 692 1833 interea
722 1808 795 1833 nec
823 1794 1066 1844 intelligens
1095 1807 1140 1832 ea
1170 1806 1274 1843 quae
1304 1792 1563 1842 scripseram.
1617 1790 1824 1830 Videlicet
1852 1790 1932 1828 huc

333 1850 630 1900 desperationis
660 1851 835 1888 ventum
868 1850 965 1897 erat,
1001 1851 1045 1886 vt
1078 1847 1331 1897 periclitanti
1364 1846 1554 1896 religioni
1586 1845 1846 1886 Christianae
1879 1843 1927 1882 N.

273 1924 316 1955 40
334 1907 547 1955 cogeretur
566 1905 787 1942 admouere
808 1916 967 1941 manus.
1028 1903 1242 1952 Siquidem
1263 1914 1357 1940 cum
1378 1901 1464 1951 ipse
1486 1900 1692 1939 Thomani
1718 1911 1928 1945 excusans,

334 1960 420 1998 imo
441 1959 627 2003 laudans,
649 1958 907 2007 scripsissem
929 1957 1051 1995 illum
1072 1957 1293 2006 indignum
1317 1955 1387 2005 qui
1411 1956 1455 1993 in
1482 1968 1528 1993 ea
1555 1954 1693 1993 secula
1720 1953 1928 2000 incideret,
1975 1967 1981 1973 ·

334 2014 537 2052 nimirum
558 2013 743 2051 sentiens
761 2012 877 2050 illius
898 2012 1114 2061 ingenium
1135 2011 1309 2060 dignum
1337 2009 1464 2048 fuisse
1489 2008 1626 2048 seculo
1652 2008 1856 2048 feliciore:
1885 2010 1932 2046 tu

334 2068 458 2106 deum
503 2070 626 2117 atque
672 2067 892 2105 hominum
936 2066 1061 2104 fidem
1107 2065 1260 2115 passim
1308 2063 1567 2114 implorabas,
1610 2062 1719 2113 quod
1764 2063 1932 2101 tantum

335 2122 540 2161 Ecclesiae
563 2122 784 2169 doctorem,
807 2133 986 2170 eumque
1007 2119 1186 2158 relatum
1208 2120 1252 2157 in
1273 2118 1415 2157 album
1439 2119 1645 2165 diuorum,
1670 2129 1765 2156 cum
1788 2116 1934 2166 primis

272 2191 313 2222 45
334 2179 476 2215 autem
496 2175 770 2214 Dominicalis
789 2175 986 2218 instituti,
1007 2173 1281 2224 appellassem
1301 2173 1440 2211 virum
1460 2172 1695 2222 indignum.

390 2232 491 2270 Cum
511 2230 664 2268 alicubi
678 2229 852 2268 studens
867 2242 1106 2279 exaggerare
1122 2228 1317 2266 morbum
1332 2225 1654 2273 obtrectationis,
1670 2224 1934 2264 adduxissem

335 2285 575 2334 exemplum
595 2284 729 2322 libelli
748 2284 909 2331 famosi,
934 2297 1007 2321 ceu
1028 2282 1128 2321 mali
1152 2281 1350 2331 capitalis,
1374 2284 1420 2320 vt
1447 2295 1496 2319 ex
1523 2280 1740 2319 collatione
1767 2279 1934 2327 demon-

335 2341 511 2378 strarem
538 2341 745 2388 quantum
769 2340 876 2377 esset
903 2337 1066 2376 sceleris
1091 2336 1149 2375 sic
1176 2336 1401 2374 coniuratis
1425 2334 1584 2384 linguis
1610 2335 1765 2372 famam
1793 2334 1935 2372 imme·

336 2394 467 2432 rentis
492 2393 708 2440 incessere,
732 2395 778 2430 tu
802 2393 976 2442 putabas
1004 2405 1027 2429 a
1055 2404 1122 2430 me
1145 2391 1310 2440 probari
1334 2390 1525 2428 libellum
1548 2389 1783 2427 famosum:
1818 2388 1935 2438 quasi

278 2463 319 2494 50
335 2461 433 2486 vero
453 2447 595 2497 probet
613 2447 888 2485 homicidium
908 2446 990 2496 qui,
1013 2445 1224 2483 deterrens
1243 2444 1294 2483 ab
1314 2444 1530 2489 adulterio,
1553 2443 1697 2482 doceat
1715 2443 1794 2481 hoc
1819 2443 1935 2481 iuxta

337 2501 677 2540 circunstantiam
693 2501 876 2551 aliquam
891 2513 980 2539 esse
994 2500 1160 2550 grauius
1175 2499 1411 2537 homicidio.
1457 2499 1563 2537 Cum
1577 2496 1764 2535 adductis
1780 2495 1934 2546 aliquot

337 2569 387 2594 ex
413 2555 651 2604 Augustino
678 2554 1056 2604 Chrysostomoque
1083 2553 1184 2592 locis
1214 2553 1364 2603 quibus
1392 2552 1589 2591 videntur
1616 2550 1782 2600 Virgini
1811 2551 1935 2589 matri

337 2609 521 2648 tribuere
555 2609 750 2647 affectum
785 2609 1036 2656 humanum,
1069 2608 1238 2646 affinem
1276 2607 1399 2645 alicui
1437 2608 1618 2656 peccato,
1655 2604 1931 2652 subiecissem,

342 2666 351 2683 ‘
366 2664 424 2702 Et
442 2676 520 2702 nos
539 2664 714 2702 facimus
735 2676 824 2701 eain
845 2675 1015 2713 prorsus
1040 2663 1272 2701 immunem
1300 2661 1350 2700 ab
1371 2661 1488 2699 omni
1508 2662 1674 2710 peccato
1688 2660 1708 2700 ³.
1732 2658 1935 2697 nimirum

279 2730 319 2762 55
338 2717 523 2756 sentiens
549 2730 625 2756 nos
649 2730 734 2756 non
757 2719 867 2756 recte
893 2717 1010 2755 illam
1037 2716 1213 2755 liberare
1240 2729 1262 2754 a
1289 2717 1454 2765 peccato
1484 2714 1668 2764 originis,
1691 2713 1728 2752 si
1753 2712 1818 2751 illi
1843 2725 1936 2751 vere

537 2818 586 2841 12.
611 2819 683 2839 non
702 2810 820 2840 dicam
837 2810 1009 2840 monacho
1025 2812 1099 2861 add:
1121 2811 1161 2838 H.
1297 2817 1349 2847 39.
1377 2808 1418 2839 N.
1437 2810 1484 2838 F:
1511 2808 1689 2838 Bucentes
1705 2807 1747 2836 H.

383 2923 437 2952 23.
463 2911 761 2952 inHollandiam]
774 2912 842 2942 For
855 2912 912 2942 his
926 2911 1104 2951 reception
1216 2920 1268 2950 32-
1297 2910 1452 2951 adirem]
1471 2910 1521 2941 Cf.
1541 2910 1601 2950 Ep.
1622 2909 1716 2940 1166.
1733 2918 1784 2948 45.

342 2957 443 2989 there
459 2958 503 2988 cf.
521 2956 583 2996 Ep.
606 2957 699 2993 1164.
720 2965 798 2994 73n.
1217 2965 1269 2992 41.
1295 2954 1503 2994 indignum]
1525 2953 1575 2984 Cf.
1597 2954 1658 2994 Ep.
1682 2954 1772 2983 1126.
1793 2953 1894 2983 262n.

386 3010 438 3040 27.
467 2998 644 3040 scorpius]
669 2999 721 3030 Cf.
741 2999 804 3039 Ep.
827 3007 919 3038 1013.
943 3008 1013 3029 1-2.
1218 3008 1268 3037 52.
1294 2996 1451 3038 Virgini]
1472 2996 1521 3028 Cf.
1542 2997 1604 3037 Ep.
1628 2998 1722 3028 1126.
1740 3006 1840 3036 294n.
