1990 3353
269 1053 310 1084 45
331 1045 381 1082 ab
403 1045 640 1084 istiusmodi
660 1045 885 1094 prouincia.

331 1099 468 1147 multi,
493 1102 699 1138 caeterum
729 1099 837 1137 mihi
867 1112 951 1137 non
982 1100 1150 1149 perinde
1166 1100 1350 1149 ‘cogniti

324 120 405 158 590
792 120 1044 159 LETTERS

1085 120 1155 159 OF
1193 120 1460 160 ERASMUS

1802 119 1921 174 [1521

266 244 308 275 30
327 233 368 268 et
396 229 682 280 philosophiae
711 243 866 279 gnarus
893 233 934 268 et
962 231 1064 269 iuris
1085 231 1271 269 Caesarei
1299 244 1383 269 non
1410 232 1589 281 ignarus,
1612 231 1798 269 moribus
1823 232 1929 271 mire

329 284 527 323 candidis.

600 284 677 322 Est
717 285 927 334 Rutgerus
964 285 1148 332 Rescius,
1193 285 1372 323 Graecae
1409 285 1575 329 linguae
1620 286 1837 334 professor,
1883 286 1930 325 in

332 338 512 388 Collegio
540 352 649 376 nouo
677 339 784 388 quod
814 339 999 377 instituit
1019 339 1304 388 Hieronymus
1330 339 1574 378 Buslidius:
1604 339 1676 389 qui
1696 340 1930 378 doctrinam

328 406 413 431 non
435 393 651 442 vulgarem
672 393 907 431 incredibili
927 393 1104 442 quadam
1125 393 1330 432 modestia
1349 393 1550 444 planeque
1569 395 1724 444 pudore
1750 395 1931 444 quoda-m

329 447 516 496 virgineo
560 447 811 486 condecorat.

871 448 948 486 Est
995 448 1207 486 Conradus
1254 448 1490 492 Goclenius,
1527 449 1593 487 vir
1637 448 1721 486 acri
1761 448 1926 497 iudicio,

268 509 309 541 35
330 502 518 539 doctrina
546 501 721 540 minime
754 501 924 548 triuiali,
967 502 1173 540 industria
1216 501 1532 551 indefatigabili,
1572 502 1711 541 animo
1756 503 1927 551 excelso,

330 556 517 594 moribus
537 557 644 594 mira
662 556 856 594 comitate
875 570 921 594 ac
942 556 1202 595 iucunditate
1221 556 1412 603 conditis,
1431 557 1512 595 fide
1533 557 1772 604 certissima,
1792 569 1928 596 rerum

330 610 454 648 etiam
488 610 776 648 communium
807 611 1027 660 prudentia
1058 611 1213 658 valens,
1245 624 1349 660 quae
1377 611 1462 649 fere
1491 611 1596 649 solet
1623 611 1667 649 in
1699 611 1931 649 studiorum

331 665 563 703 cultoribus
608 665 843 703 desiderari.

917 665 994 703 Est
1031 665 1244 704 Adrianus
1278 665 1523 713 Barlandus,
1564 666 1629 704 vir
1666 665 1784 703 nullo
1823 665 1928 713 fuco,

331 732 528 768 syncerus
547 721 588 758 et
607 719 777 767 amicus,
800 721 994 769 prompta
1019 720 1199 769 quadam
1222 732 1267 757 ac
1293 732 1395 768 pura
1414 719 1554 758 Latini
1577 720 1779 758 sermonis
1805 719 1933 758 facili-

268 782 312 813 40
332 776 426 821 tate,
468 776 509 811 et
547 774 591 811 in
633 774 711 811 hoc
753 786 901 823 genere
941 774 1176 823 complures
1213 774 1296 812 iam
1331 787 1465 812 annos
1503 774 1786 812 excercitatus.

1857 774 1932 812 Est

331 827 531 866 Melchior
564 827 712 866 Treuir
744 828 787 865 in
819 827 993 877 collegio
1027 828 1247 876 Castrensi,
1282 828 1469 867 moribus
1502 827 1859 878 inculpatissimis‚
1889 829 1934 866 in

331 882 594 931 philosophia
638 895 742 931 pene
781 882 969 931 detritus,
1004 881 1236 931 theologiae
1273 884 1394 921 vetus
1436 883 1520 921 iam
1560 882 1718 921 cultor:
1757 883 1827 921 sed
1866 882 1935 921 his

333 937 498 974 dotibus
517 937 710 974 adiunxit
728 937 946 985 vtriusque
975 936 1214 975 literaturae
1242 950 1327 975 non
1348 936 1566 987 vulgarem
1592 937 1798 987 peritiam.

1858 936 1934 975 Est

332 991 564 1029 Lodouicus
579 990 719 1037 Viues,
735 991 800 1028 vir
814 991 1088 1040 vndequaque
1101 991 1367 1030 doctissimus
1383 1006 1392 1030 :
1421 992 1490 1030 sed
1505 991 1552 1039 is,
1570 992 1727 1041 opinor,
1742 991 1935 1029 abhorret

333 1154 502 1192 nomine
523 1167 608 1192 non
629 1153 816 1192 dubitem
836 1154 1068 1192 fideiubere.

945 1046 1052 1084 Sunt
1071 1048 1211 1083 autem
1235 1059 1321 1084 non.
1341 1046 1403 1084 hii
1433 1046 1570 1084 solum
1594 1046 1665 1084 sed
1692 1047 1733 1084 et
1759 1045 1831 1084 alii
1851 1058 1936 1094 per·

1412 1099 1580 1138 Horum
1612 1113 1714 1149 quos
1747 1099 1937 1138 recensui

1129 1154 1193 1192 Ex
1214 1155 1281 1192 his
1302 1168 1592 1205 quemcunque
1614 1154 1827 1204 delegeris,
1851 1167 1936 1192 non

333 1208 439 1246 male
461 1208 726 1247 collocaueris
747 1209 872 1246 amici
893 1208 955 1245 tui
975 1221 1134 1258 pueros.

387 1263 603 1300 Eximium
624 1263 672 1301 D.
696 1262 913 1300 Nicolaum
935 1262 1204 1310 Euermdum,
1223 1263 1474 1302 Hollandiae
1489 1263 1732 1312 praesidem,
1751 1262 1937 1301 vicissim

271 1333 314 1364 50
334 1318 437 1355 meis
453 1316 592 1355 verbis
612 1317 833 1356 salutabis:
865 1330 988 1367 quem
1000 1318 1139 1355 virum
1152 1318 1314 1356 vtinam
1330 1319 1414 1356 fata
1429 1318 1547 1355 nobis
1561 1330 1685 1367 quam
1703 1316 1938 1355 diutissime

333 1374 500 1410 seruent
518 1373 527 1410 !
571 1371 671 1421 reip.
709 1374 868 1419 natum,
902 1373 939 1409 si
974 1372 1068 1421 quis
1101 1374 1163 1409 est
1194 1372 1311 1411 alius.

1373 1372 1559 1410 Scribam
1593 1371 1657 1410 illi
1686 1371 1934 1421 propediem.

334 1426 440 1464 Nam
457 1426 500 1463 in
514 1427 746 1476 praesentia
762 1427 865 1464 duos
881 1426 1103 1464 onerabam
1116 1426 1313 1475 epistolis,
1331 1426 1513 1465 alterum
1529 1427 1656 1476 quiin
1673 1425 1936 1475 Hispaniam,

332 1481 514 1518 alterum
553 1481 622 1530 qui
668 1481 845 1519 Romam
884 1483 1151 1519 transcurrat.

332 1535 525 1573 Domino.

1222 1481 1336 1519 Bene
1372 1481 1475 1529 vale,
1515 1482 1582 1519 vir
1620 1481 1859 1519 honorande
1893 1480 1938 1518 in

388 1590 449 1627 Ex
471 1589 703 1628 Anderlaco
723 1602 817 1628 V111.
841 1589 1004 1628 calend.
1031 1589 1196 1628 Octobr.
1225 1602 1337 1628 ANNO
1358 1601 1541 1632 M.n.xxr.

377 1755 427 1784 45.
455 1746 507 1775 hii
525 1748 574 1775 F:
599 1746 624 1775 ii
642 1747 682 1775 H.
817 1755 868 1784 49.
895 1745 936 1776 D.
954 1756 1012 1775 01η.
1029 1748 1069 1776 H.

337 1867 413 1906 (Ep.
434 1868 512 1906 298)
538 1867 610 1897 and
640 1867 775 1897 (lavere
802 1866 880 1905 (Ep.
908 1876 980 1905 717.
1006 1871 1100 1904 2111),

334 1911 403 1941 and
420 1911 458 1941 of
470 1912 527 1941 his
543 1911 674 1949 friend,
695 1911 907 1941 Paschasius
924 1910 1104 1941 Berselius

334 1955 411 1995 (Ep.
430 1955 521 1994 674).
559 1954 615 1985 Ηο
632 1954 704 1985 also
721 1953 907 1993 composed
924 1964 944 1985 a
960 1955 1104 1984 treatise

336 2008 380 2029 on
399 1998 513 2029 Greek
531 1998 690 2037 dialects,
708 1997 746 2028 of
766 1998 887 2028 which
905 2008 950 2027 no
967 1998 1104 2028 edition

335 2052 449 2072 seems
466 2044 502 2072 to
518 2042 559 2072 be
576 2042 710 2072 known
728 2042 844 2072 before
858 2051 924 2072 one
941 2043 978 2071 at
994 2041 1104 2079 Paris,

336 2086 371 2116 C.
390 2085 546 2125 Wechel,
567 2095 660 2124 1534.
694 2085 741 2116 In
756 2094 838 2124 1545
852 2085 897 2115 he
914 2085 1105 2116 succeeded

338 2130 481 2160 Roscius
498 2139 535 2159 as
560 2130 739 2160 Professor
764 2130 801 2159 of
822 2129 936 2160 Greek
962 2130 1000 2158 in
1018 2129 1105 2159 Bus-

338 2173 488 2203 leiden‘s
519 2173 673 2212 college3
710 2173 783 2203 and
818 2172 903 2203 held
935 2173 997 2202 the
1028 2174 1107 2212 post

337 2217 427 2247 with
445 2216 558 2247 credit
575 2217 670 2247 until
687 2217 744 2247 his
760 2216 881 2248 death.
928 2215 984 2246 He
1002 2226 1107 2246 wasa

340 2262 460 2299 priest.
480 2260 553 2290 and
568 2270 655 2299 very
673 2260 827 2299 diligent
844 2260 882 2290 in
903 2259 1106 2299 preaching.

339 2305 401 2334 See
420 2304 515 2335 Neve
532 2314 589 2343 pp.
610 2314 749 2342 207-10.

381 2358 432 2387 31.
460 2347 623 2388 Rescius]
649 2348 711 2378 See
729 2348 793 2387 Ep.
812 2348 877 2385 546
892 2347 1028 2378 introd.

382 2402 434 2431 34.
458 2391 633 2431 virgineo]
659 2392 711 2421 Cf.
727 2391 791 2431 Ep.
812 2392 904 2428 1046.
927 2392 1041 2429 16—17.

426 2434 632 2475 Goclenius]
657 2435 720 2465 See
737 2444 769 2474 p.
787 2443 862 2472 504.

382 2480 434 2517 38.
460 2478 676 2518 Barlandus]
724 2478 788 2508 See
828 2479 916 2518 Epp.
949 2487 1013 2516 492
1052 2478 1104 2508 in-

338 2523 442 2562 trod.,
464 2532 555 2561 1050,
578 2531 657 2561 1051
677 2522 810 2552 inti-od.

382 2577 433 2604 41.
474 2565 663 2606 Melchior]
718 2565 766 2596 M.
818 2564 1018 2595 viandalus
1067 2575 1106 2595 01·

340 2609 542 2640 Viandulus
560 2611 591 2649 (ᾗ.)
604 2608 642 2639 of
653 2609 828 2648 Vianden,
848 2618 889 2647 24
903 2618 966 2640 ms.
984 2616 1050 2638 NW.
1072 2609 1110 2638 of

338 2654 478 2691 Treves)
496 2662 568 2683 was
581 2654 617 2683 at
634 2653 709 2683 this
725 2652 814 2683 time
831 2653 869 2683 in
887 2652 949 2682 the
965 2651 1105 2690 College

340 2697 386 2727 ‹lu
413 2697 570 2727 Chateau
599 2697 655 2732 kcf-
683 2697 745 2735 Ep.
769 2705 859 2734 1217.
889 2695 1016 2734 121n);
1042 2695 1105 2726 but

336 2740 436 2779 early
452 2739 490 2770 in
510 2749 592 2779 1522
609 2740 654 2769 he
672 2739 832 2769 received
844 2748 891 2769 an
908 2739 1103 2770 invitation

341 2787 377 2815 to
401 2793 442 2823 go
459 2784 529 2813 and
553 2783 655 2814 teach
675 2783 868 2813 elsewhere
886 2783 990 2822 (Epp.
1011 2791 1101 2821 1257.

344 2837 413 2866 1-4‚
451 2836 542 2866 1292.
568 2826 643 2865 211),
671 2826 826 2865 perhaps
857 2829 895 2856 at
925 2826 1101 2864 Tournay.

339 2872 509 2902 Erasmus
536 2870 615 2901 took
645 2881 665 2900 a
692 2869 797 2909 fancy
823 2871 858 2900 to
887 2869 976 2910 him,
1006 2869 1105 2900 dedi—

1207 1755 1258 1783 51.
1285 1747 1337 1775 est
1356 1747 1432 1787 wid.
1449 1746 1490 1775 H.
1627 1753 1679 1782 55.
1706 1743 1825 1774 Octob.
1844 1745 1885 1772 H.

1173 1866 1274 1896 cated
1293 1868 1328 1895 to
1342 1865 1418 1895 him
1437 1874 1457 1894 a
1473 1865 1721 1902 commentary
1732 1873 1778 1894 on
1793 1862 1911 1894 Psalm
1922 1872 1942 1902 3

1175 1910 1253 1949 (Ep.
1284 1908 1404 1947 1427)ss
1440 1908 1512 1938 and
1544 1909 1582 1938 in
1613 1908 1718 1947 April
1752 1917 1834 1946 1524
1865 1916 1942 1946 pro-

1173 1952 1281 1993 posed
1310 1957 1346 1983 to
1374 1953 1474 1983 leave
1501 1952 1578 1982 him
1602 1961 1622 1982 a
1645 1961 1725 1982 sum
1753 1952 1790 1981 of
1812 1959 1943 1989 money

1177 1997 1254 2036 (Ep.
1276 1997 1385 2034 1437).
1431 1996 1537 2026 From
1559 2005 1603 2025 20
1624 1995 1718 2025 June
1743 1997 1780 2025 to
1803 2004 1845 2024 20
1865 1994 1939 2024 Oct.

1177 2050 1258 2079 1525
1278 2039 1451 2070 Μο1011101·
1467 2049 1538 2069 was
1563 2039 1729 2078 teaching
1745 2039 1783 2069 in
1802 2039 1862 2068 the
1879 2038 1941 2067 tri—

1174 2084 1311 2123 lingual
1343 2082 1473 2122 college
1505 2085 1541 2113 at
1571 2083 1738 2120 Tournay
1767 2083 1806 2122 (1.
1834 2082 1943 2121 24n);

1174 2138 1231 2159 see
1248 2128 1289 2158 V.
1307 2127 1453 2158 Vander
1477 2127 1661 2165 Haeghen,
1682 2128 1789 2156 Rebar-t
1804 2128 1840 2156 (Ie
1863 2127 1943 2162 Key-

1174 2182 1247 2209 sere,
1282 2170 1375 2210 1908,
1407 2180 1465 2210 pp.
1495 2180 1591 2209 24-5.
1639 2170 1743 2200 After
1770 2169 1832 2199 the
1863 2178 1943 2208 sup-

1175 2215 1334 2254 pression
1364 2215 1403 2244 of
1430 2215 1492 2244 the
1525 2213 1666 2252 College
1697 2213 1742 2243 110
1769 2222 1884 2243 seems
1907 2216 1944 2243 to

1175 2261 1266 2289 have
1297 2257 1492 2288 continued
1525 2257 1642 2296 living
1679 2260 1716 2287 at
1753 2256 1943 2295 Tournay;

1177 2303 1298 2332 where
1320 2301 1365 2331 he
1385 2301 1466 2331 died
1491 2311 1519 2331 a.
1544 2311 1584 2339 25
1607 2300 1688 2331 Feb.
1714 2309 1796 2339 1535
1823 2299 1943 2340 (Basle

1176 2346 1247 2376 MS.
1274 2345 1433 2376 Goclenii
1461 2345 1586 2383 Epist.‚
1611 2344 1633 2374 f.
1661 2354 1699 2374 12
1720 2344 1788 2384 νο),
1809 2343 1943 2382 having

1176 2389 1331 2419 married
1371 2389 1476 2419 twice
1515 2387 1586 2418 and
1630 2387 1774 2426 leaving
1811 2387 1943 2418 several

1175 2433 1341 2463 children
1375 2432 1502 2471 (Lond.
1535 2441 1616 2462 xxx.
1648 2432 1701 2470 69,
1734 2430 1844 2461 xxvii.
1878 2430 1943 2468 283

1176 2477 1244 2507 LB.
1290 2486 1384 2515 1279,
1440 2475 1551 2511 1286).
1610 2475 1743 2506 Martin
1792 2474 1944 2513 Lypsius

1174 2520 1343 2550 initiated
1371 2529 1390 2550 a
1417 2518 1719 2558 correspondence
1747 2518 1839 2549 with,
1865 2517 1943 2547 him

1174 2576 1202 2595 c.
1224 2572 1307 2602 1525
1328 2563 1527 2603 (Horawitz
1546 2572 1577 2593 v.
1597 2567 1666 2601 55).

1218 2618 1272 2645 42.
1297 2616 1388 2646 pene
1428 2605 1599 2646 detritus]
1646 2606 1696 2636 Cf.
1743 2605 1806 2644 Ep.
1850 2613 1940 2643 1427.

1218 2662 1270 2689 44.
1296 2649 1421 2690 Viues]
1447 2650 1511 2680 See
1530 2650 1592 2689 Ep.
1610 2658 1674 2688 927
1692 2648 1822 2679 introd.

1217 2705 1269 2734 49.
1297 2693 1537 2733 Eucrardum]
1564 2693 1626 2723 See
1643 2702 1677 2732 p.
1695 2702 1769 2731 237.

1216 2748 1269 2777 51.
1295 2736 1468 2777 Scribam]
1493 2737 1556 2767 See
1574 2737 1635 2775 Ep.
1658 2736 1751 2774 1238.

1217 2792 1269 2820 52.
1294 2781 1331 2811 in
1358 2779 1588 2821 Hispaniam]
1613 2779 1796 2819 Cari-ying,
1814 2787 1943 2818 among

1175 2826 1306 2859 others.
1327 2824 1390 2863 Ep.
1412 2833 1504 2862 1235.

1219 2878 1269 2908 53.
1296 2867 1460 2908 Romani]
1487 2867 1661 2907 Carrying
1676 2866 1739 2906 Ep.
1763 2867 1855 2905 1236.
