1990 3353
241 93 320 131 568
713 89 965 129 LETTERS
1002 89 1071 127 OF
1110 88 1376 127 ERASMUS

1715 87 1839 139 [1521

297 200 428 239 Video
445 200 738 250 tempestatem
750 211 839 237 esse
854 198 989 237 multo
1003 198 1397 249 periculosissimam
1414 212 1423 246 3
1452 198 1497 236 in
1509 209 1589 248 qua
1606 197 1711 235 mihi
1723 197 1844 236 video

245 268 413 293 cursum
452 254 510 293 sic
547 266 635 292 esse
673 253 982 299 moderandum,
1018 255 1065 292 vt
1103 265 1179 291 nec
1217 252 1373 292 Christi
1411 252 1629 300 negocium
1659 252 1845 290 deseram

244 309 489 347 hominibus
508 307 727 355 adulando,
752 320 827 345 nec
847 320 913 345 me
934 307 1087 345 frustra
1113 307 1158 344 in
1185 306 1408 345 discrimen
1425 306 1592 357 aliquod
1614 305 1842 344 coniiciam.

187 374 224 407 25
248 363 458 402 Lutherus
489 362 624 401 veluti
663 361 821 400 malum
861 362 1000 400 Eridis
1033 361 1151 400 misit
1188 361 1232 398 in
1272 360 1488 408 mundum,
1529 361 1646 400 cuius
1684 359 1847 398 nullam

245 417 418 456 omnino
438 420 597 468 partem
618 429 702 454 non
728 416 938 455 turbatam
965 416 1097 454 video.
1158 415 1292 454 Nemo
1318 428 1401 453 non
1431 416 1583 454 fatetur
1609 413 1849 453 vehementi

246 472 425 522 quadam
454 470 660 509 medicina
687 470 814 509 fuisse
838 484 940 520 opus
969 470 1172 509 Ecclesiae
1202 469 1381 507 nimium
1411 469 1602 519 collapsis
1630 468 1847 516 moribus3

246 525 316 564 sed
355 526 474 564 video
513 525 814 575 propemodum
852 538 929 563 vsu
968 525 1110 563 venire
1141 526 1189 562 vt
1222 524 1495 574 pharmacum
1525 536 1673 573 parum
1706 523 1849 561 dextre

246 579 485 618 adhibitum
523 579 659 618 morbi
696 579 783 617 vim
822 579 1075 617 exacerbarit
1103 578 1242 617 verius
1272 591 1395 628 quam
1422 578 1638 628 expulerit.
1709 579 1849 627 Atque

188 651 228 682 30
249 634 411 673 vtinam
435 647 580 673 verum
608 636 716 672 esset
742 634 850 683 quod
879 633 1065 672 inuictus
1091 633 1308 671 Danorum
1332 645 1402 670 rex
1432 632 1714 671 Christicrnus
1742 631 1849 670 mihi

247 688 385 727 simile
401 688 597 739 quiddam
611 687 768 726 dicenti
781 687 1204 738 respondit—ludens,
1221 687 1426 737 opinor—,
1438 686 1604 725 leuibus
1615 685 1849 737 pharmacis

249 743 354 781 nihil
379 743 455 793 agi,
484 743 555 781 sed
586 742 691 780 illud
720 755 806 781 esse
835 743 1116 781 remediorum
1146 741 1384 789 efficacium,
1412 743 1460 779 vt
1487 741 1672 791 primum
1702 753 1850 790 corpus

249 811 372 836 omne
410 797 673 836 concutiant!
731 797 820 847 Ego
857 799 966 835 certe
1003 796 1168 835 nullum
1207 796 1369 834 exitum
1406 796 1525 834 video
1565 796 1733 843 bonum,
1766 793 1850 833 nisi

250 851 441 891 Christus
477 852 565 902 ipse
603 853 790 890 nostram
827 851 1110 890 temeritatem
1152 851 1256 889 bene
1293 852 1453 896 vertat3
1497 849 1851 900 quemadmodum

189 917 228 948 35
250 907 390 944 ferunt
418 906 654 945 Mineruam
681 905 1004 944 Atheniensium
1035 906 1269 954 δυσβουλίαν
1296 904 1402 942 bene
1430 905 1639 943 fortunare
1669 904 1846 942 solitam.

250 960 355 999 Mihi
374 961 439 999 cui
459 973 619 1011 semper
644 960 799 1010 placuit
823 960 1118 1010 tranquillitas,
1142 973 1226 998 non
1252 961 1387 1009 potest
1413 959 1482 997 hic
1507 959 1617 997 orbis
1641 958 1852 997 tumultus

251 1029 334 1054 non
356 1029 444 1054 esse
458 1015 789 1053 molestissimus.
839 1014 1011 1053 Accedit
1027 1014 1103 1062 his,
1123 1014 1230 1064 quod
1247 1013 1421 1052 Lutheri
1435 1014 1665 1063 negocium,
1685 1012 1854 1051 tametsi

250 1070 374 1119 longe
392 1071 602 1108 semotum
623 1071 686 1107 est
705 1082 728 1107 a
747 1068 869 1107 bonis
888 1068 1031 1115 literis,
1047 1070 1189 1107 tamen
1211 1081 1294 1106 non
1315 1068 1515 1106 mediocri
1533 1067 1690 1105 inuidia
1709 1068 1854 1117 grauat

252 1126 392 1162 nostra
411 1124 560 1162 studia.
621 1123 670 1161 Id
693 1136 787 1162 casu
809 1123 988 1173 quodam
1010 1125 1067 1162 sic
1087 1122 1245 1171 accidit,
1271 1123 1378 1172 quod
1399 1125 1622 1173 antequam
1644 1121 1853 1160 Lutherus

190 1195 232 1227 40
251 1179 490 1225 exoriretur,
522 1177 768 1216 iamdudum
802 1177 1047 1216 acerrimum
1077 1177 1236 1216 bellum
1266 1179 1374 1216 esset
1402 1190 1497 1215 cum
1528 1177 1604 1214 hoc
1631 1176 1855 1214 hominum

251 1245 398 1282 genere
420 1232 492 1282 qui
510 1246 619 1270 nunc
638 1231 907 1282 potissimum
922 1234 1166 1283 oppugnant
1182 1232 1426 1270 Lutherum,
1473 1231 1533 1269 Hi
1548 1233 1645 1269 sunt
1659 1229 1855 1269 monachi

253 1287 423 1337 quidam
462 1300 507 1325 ac
546 1287 728 1336 theologi
767 1286 930 1324 ieiunae
967 1286 1032 1324 illi
1064 1300 1109 1325 ac
1139 1286 1404 1336 perturbatae
1433 1285 1641 1324 doctrinae
1672 1284 1855 1323 nimium

253 1341 495 1380 tribuentes.
555 1343 618 1380 Ac
643 1353 754 1378 nunc
780 1341 949 1391 quidem
975 1341 1161 1379 certatim
1193 1353 1340 1379 omnes
1368 1340 1579 1390 impetunt
1606 1340 1850 1387 Lutherum,

254 1395 368 1434 velut
396 1395 498 1434 olim
529 1395 754 1434 Hectorem
785 1395 987 1434 iacentem
1021 1395 1177 1435 Graeci.
1239 1395 1318 1434 Sed
1352 1394 1452 1433 haec
1482 1394 1620 1444 Scylla
1648 1393 1768 1432 nobis
1796 1394 1855 1432 ita

193 1462 233 1493 45
254 1450 422 1489 vitanda
441 1451 504 1488 est
522 1452 569 1488 vt
589 1463 640 1488 ne
659 1449 895 1488 deferamur
913 1450 957 1488 in
975 1449 1243 1500 Charybdim.

307 1505 470 1555 Vrgent
490 1504 660 1555 quidam
680 1506 726 1542 vt
746 1503 943 1542 nonnihil
964 1504 1142 1543 scribam
1169 1504 1214 1542 in
1239 1502 1486 1542 Lutherum,
1545 1502 1627 1542 Vbi
1647 1516 1715 1541 me
1733 1503 1856 1541 extri-

256 1571 400 1597 cauero
420 1559 471 1597 ab
491 1558 558 1597 his
577 1559 622 1597 in
642 1558 793 1608 quibus
813 1571 924 1597 nunc
945 1558 1051 1597 mire
1071 1558 1395 1609 distringor—id
1417 1554 1649 1596 autem‘fiet
1669 1558 1854 1606 breui-—,

257 1613 445 1663 accingar
463 1614 513 1652 ad
535 1613 730 1663 legendos
751 1626 896 1651 omnes
915 1613 1089 1652 Lutheri
1108 1613 1248 1661 libros,
1272 1614 1313 1651 et
1333 1616 1476 1650 eorum
1506 1612 1575 1662 qui
1605 1613 1858 1662 scripserunt

256 1668 455 1706 aduersus
488 1667 611 1706 hunc.
672 1667 816 1717 Neque
844 1668 957 1706 enim
990 1670 1143 1706 temere
1176 1681 1241 1705 res
1273 1669 1336 1705 est
1365 1667 1570 1706 tent-anda.
1631 1666 1723 1704 Hoc
1752 1666 1858 1705 facto

197 1741 238 1772 50
261 1721 440 1760 conabor
468 1722 626 1760 efficere
646 1723 692 1760 vt
721 1735 796 1760 nec
821 1722 1041 1760 Pontificis
1070 1723 1247 1761 Romani
1277 1721 1475 1775 dignitati
1504 1734 1577 1760 nec
1597 1720 1858 1761 Christianae

301 1835 353 1857 22.
379 1827 482 1858 video
495 1837 536 1857 a:
560 1827 676 1857 sentio
689 1829 731 1857 H.
821 1837 871 1867 23.
893 1837 958 1858 1100
972 1827 1106 1858 Christi
1119 1830 1167 1857 F:
1191 1837 1236 1858 ne
1247 1826 1496 1858 Christianum
1514 1838 1545 1859 α.
1636 1827 1797 1858 deseram
1810 1830 1858 1858 F:

257 1869 412 1900 deferam
430 1882 459 1902 a.
579 1879 630 1909 25.
656 1870 836 1901 Lutherus
854 1895 860 1901 .
878 1893 886 1901 .
906 1895 913 1901 .
929 1882 980 1909 44.
1000 1871 1123 1902 Grraeci
1141 1874 1169 1901 F
1183 1871 1251 1911 (36.
1270 1870 1451 1901 tumultus
1466 1873 1495 1900 F
1508 1872 1624 1909 Corriy.
1639 1881 1647 1901 :
1672 1870 1805 1902 stultus
1821 1874 1857 1902 F.

257 1913 308 1952 38.
327 1917 381 1944 est
393 1924 452 1945 om.
463 1915 509 1953 N)
522 1925 528 1945 ;
547 1914 727 1945 Lutherus
739 1916 858 1945 omnia
869 1914 942 1945 fere
953 1915 1096 1955 scripsit
1109 1914 1292 1955 sediciose,
1303 1915 1340 1944 id
1358 1924 1464 1945 nemo
1482 1916 1597 1954 negat,
1613 1914 1728 1945 multa
1742 1916 1860 1954 preter

259 1967 333 1988 rem
351 1959 387 1988 et
402 1957 565 1997 absurde,
582 1958 734 1996 quedam
745 1968 872 1997 parum
889 1958 947 1998 pie
963 1971 994 1989 α.
1084 1959 1136 1997 46.
1161 1959 1335 1990 extricaro
1351 1961 1387 1989 F.
1478 1969 1529 1997 47.
1557 1959 1647 1990 mire
1663 1961 1709 1989 F:
1734 1959 1812 1989 iure
1828 1970 1857 1990 α.

257 2011 309 2040 49.
334 2001 457 2041 Neque
473 2004 519 2031 F:
538 2011 603 2032 nec
617 2013 647 2032 α.
736 2011 788 2040 5ο.
816 2004 866 2033 F:
884 2003 1036 2033 conabar
1051 2013 1082 2033 α.

303 2098 354 2126 25.
379 2088 494 2119 veluti
534 2088 670 2119 malum
708 2089 843 2130 Eridis]
878 2089 1027 2119 Mul-ner

259 2136 332 2169 (see
347 2143 378 2172 p.
392 2132 470 2172 542)
485 2132 763 2172 mistranslates,
781 2134 788 2149 ‘
801 2133 853 2164 als
867 2133 929 2163 das
947 2133 1026 2163 bosz

265 2175 384 2206 Eridis
397 2176 417 2206 ⁹.

303 2229 355 2259 3ο.
381 2219 567 2250 Danorum
622 2219 698 2261 rex]
749 2219 950 2251 Christiern
997 2230 1027 2250 11

262 2264 298 2302 (2
313 2262 401 2302 July
421 2263 591 2302 1481——25
607 2263 688 2296 Jan.
710 2265 808 2304 1559)
835 2264 1027 2294 succeeded

263 2306 321 2337 his
338 2307 457 2337 father
473 2307 511 2336 in
532 2316 624 2346 1513,
641 2307 711 2337 and
725 2317 771 2338 on
788 2317 825 2337 12
838 2310 927 2347 Aug.
945 2317 1026 2347 1515

262 2350 416 2380 married
457 2350 624 2390 Isabella,
661 2351 818 2382 Charles’
853 2355 1028 2391 youngest

263 2395 378 2432 sister,
398 2394 487 2424 then
509 2394 593 2433 aged
616 2403 663 2433 13,
684 2398 721 2424 to
745 2395 862 2425 whom
887 2395 932 2425 he
957 2405 1029 2425 was

263 2436 424 2477 speedily
441 2437 653 2469 unfaithful.
687 2438 743 2468 He
759 2438 830 2468 had
844 2437 921 2477 just
934 2448 1028 2469 com-

264 2480 384 2520 pleted
401 2481 463 2511 the
480 2483 652 2519 conquest
662 2481 701 2511 of
713 2481 863 2512 Sweden
878 2483 916 2512 in
934 2491 1026 2522 1520,

266 2524 355 2554 with
372 2524 546 2564 shocking
569 2525 754 2565 barbarity
773 2525 845 2556 and
870 2526 1029 2564 perfidy;

265 2566 337 2597 and
355 2577 444 2606 now,
458 2567 552 2598 from
568 2568 664 2598 June
680 2571 717 2599 to
733 2569 832 2608 Sept.
850 2579 941 2608 1521,
960 2579 1030 2600 was

265 2611 416 2650 visiting
446 2611 592 2642 Charles
623 2612 663 2642 in
694 2613 755 2643 the
788 2612 1030 2644 Netherlands

267 2654 324 2692 (cf.
344 2654 487 2685 Brewer
503 2654 555 2686 iii.
576 2654 686 2695 1388).
734 2656 780 2686 In
801 2665 883 2696 1523
898 2657 942 2687 he
960 2666 1031 2687 was

265 2697 427 2738 expelled
456 2697 548 2729 from
578 2698 761 2730 Denmark
793 2701 837 2738 by
867 2700 925 2730 his
950 2701 1031 2730 sub-

263 2740 372 2780 jects3
389 2740 460 2771 and
473 2741 579 2781 being
589 2741 751 2773 defeated
764 2743 805 2774 in
818 2753 864 2774 an
876 2745 1032 2784 attempt

267 2789 303 2814 to
329 2786 453 2815 return
478 2785 517 2816 in
544 2794 680 2824 1531-2,
707 2786 751 2816 he
770 2796 841 2818 was
864 2787 1032 2826 captured

269 2828 341 2859 and
359 2828 578 2867 imprisoned
595 2828 649 2859 for
665 2829 727 2860 1110
745 2832 816 2861 rest
831 2830 870 2861 of
884 2831 940 2861 liis
957 2830 1029 2862 life.

313 2871 349 2902 It
365 2872 395 2902 is
410 2871 610 2911 surprising
626 2873 705 2903 that
720 2873 831 2904 while
848 2875 910 2905 the
928 2873 1033 2905 blood

269 2915 307 2945 of
327 2916 390 2946 the
414 2915 620 2946 Stockholm
649 2925 840 2948 massacres
863 2927 934 2948 was
958 2918 1033 2948 still

269 2959 365 2989 fresh
392 2968 486 2999 upon
511 2958 600 2998 him,
618 2958 797 2999 Erasmus,
816 2962 853 2991 in
875 2963 1034 2992 contrast

1095 2091 1131 2120 to
1155 2090 1292 2129 Ziegler
1318 2089 1396 2129 (Ep.
1429 2090 1538 2129 1260),
1570 2090 1674 2121 could
1698 2091 1802 2122 write
1825 2091 1866 2123 of

1097 2133 1173 2163 him
1202 2134 1293 2163 with
1327 2135 1476 2173 respect,
1506 2134 1577 2165 and
1610 2135 1652 2165 be
1682 2135 1795 2174 proud
1826 2136 1865 2166 of

1096 2177 1203 2216 being
1218 2176 1394 2208 admitted
1413 2179 1449 2207 to
1466 2178 1524 2208 his
1543 2178 1678 2217 society
1698 2179 1754 2215 (xcf.
1773 2178 1860 2220 Epp.

1100 2221 1192 2260 1263.
1218 2230 1313 2257 21—2,
1342 2230 1435 2259 1342.
1466 2222 1583 2260 78-80,
1612 2222 1706 2261 1381.
1737 2223 1861 2262 25—8);

1094 2265 1167 2294 and
1189 2267 1337 2304 Spemne,
1363 2265 1434 2295 LB.
1453 2275 1485 2295 x.
1509 2266 1588 2304 1635
1603 2275 1622 2296 c
1641 2281 1668 2291 =
1687 2266 1764 2297 HE.
1783 2276 1860 2306 333,

1097 2310 1113 2344 §
1131 2309 1201 2348 38).
1244 2308 1368 2345 Diirer,
1390 2312 1456 2347 too,
1477 2309 1558 2339 took
1577 2309 1635 2340 his
1653 2310 1804 2349 porti-ait
1820 2311 1861 2342 in

1095 2351 1183 2390 July
1202 2361 1299 2391 1521,
1315 2352 1383 2382 and
1405 2352 1544 2382 records
1563 2353 1622 2383 the
1643 2353 1862 2385 admiration

1096 2395 1135 2425 of
1158 2395 1219 2425 the
1243 2395 1368 2435 people
1393 2395 1431 2426 of
1450 2396 1636 2436 Antwerp,
1658 2397 1741 2428 ·das
1763 2407 1802 2429 er
1825 2407 1863 2429 so

1097 2440 1156 2469 ein
1174 2439 1361 2469 mannlich
1379 2439 1488 2470 sehon
1507 2449 1591 2470 man
1604 2450 1688 2479 war,
1705 2441 1779 2472 vnd
1791 2450 1863 2472 nur

1098 2481 1257 2513 selbtritt
1273 2483 1386 2513 durch
1408 2483 1527 2514 seiner
1546 2484 1645 2514 feind
1663 2484 1748 2515 land
1764 2485 1862 2516 kom-

1098 2535 1180 2556 men
1195 2524 1203 2537 '
1218 2529 1397 2566 (Tayebuch,
1417 2526 1470 2557 ed.
1490 2526 1526 2557 F.
1544 2527 1749 2565 Leitschuh‚
1766 2529 1858 2568 1884,

1098 2579 1129 2609 p.
1147 2579 1200 2608 91.
1221 2572 1353 2609 19-20).
1401 2570 1469 2600 For
1485 2571 1542 2601 his
1560 2572 1806 2602 intervention
1826 2576 1863 2604 at

1098 2613 1326 2652 Wittenberg
1341 2623 1396 2644 see
1414 2614 1475 2653 Ep.
1496 2624 1588 2654 1241.
1606 2616 1686 2646 26n.

1142 2665 1194 2694 34.
1222 2656 1402 2698 Christus]
1427 2657 1479 2688 Cf.
1499 2657 1560 2697 Ep.
1584 2668 1677 2698 1205.
1695 2669 1791 2698 22-4.

1142 2710 1195 2739 44.
1221 2700 1354 2741 Scylla]
1377 2701 1430 2732 Cf.
1450 2701 1513 2741 Ep.
1536 2711 1630 2741 1205.
1645 2703 1742 2742 25-6.

1144 2744 1195 2781 46.
1219 2745 1355 2783 Vrgent
1364 2745 1528 2786 quidam]
1541 2745 1592 2776 Cf.
1601 2746 1665 2786 Ep.
1679 2756 1863 2786 1213.42n.

1145 2797 1197 2825 47.
1222 2787 1435 2829 distringor]
1455 2789 1505 2820 Cf.
1526 2789 1588 2829 Ep.
1609 2799 1703 2829 1205.
1726 2792 1775 2821 16.

1145 2831 1198 2868 48.
1223 2831 1390 2871 legendos
1409 2833 1548 2863 omnes]
1565 2833 1627 2873 Ep.
1642 2834 1863 2874 1225.258-9.

1101 2873 1219 2905 shows
1237 2875 1318 2905 how
1333 2875 1430 2907 little
1447 2876 1494 2906 he
1511 2877 1580 2907 had
1598 2882 1658 2917 yet
1675 2879 1768 2909 read.

1146 2928 1199 2957 49.
1226 2919 1348 2959 Neque
1362 2942 1369 2950 .
1384 2943 1390 2950 .
1405 2942 1413 2950 .
1430 2919 1580 2961 temere]
1607 2921 1658 2953 Cf.
1678 2921 1739 2961 Ep.
1766 2923 1859 2961 ⁹236.

1105 2971 1242 3001 113-17.
