1990 3353
270 264 311 294 50

267 798 309 828 60

263 1884 304 1913 So

262 2436 302 2466 90

326 137 406 174 268
788 140 1037 179 LETTERS
1076 141 1146 180 OF
1185 140 1452 180 ERASMUS
1802 137 1841 193 [1
1852 153 1872 188 5
1881 152 1929 178 20

329 247 521 287 disertis!
552 247 676 298 idque
702 262 750 287 eo
777 249 910 299 magis
937 248 1062 287 titulo
1088 249 1194 299 quod
1221 248 1303 287 alia
1329 249 1471 287 omnia
1499 252 1777 297 contemnant,
1802 263 1929 299 quam

330 302 441 351 quod
461 302 529 341 vel
553 305 829 353 assequantur
852 303 919 341 vel
944 303 1023 341 rite
1044 306 1353 353 consequantur
1375 303 1667 353 eloquentiam,
1692 306 1836 354 vtpote
1857 305 1928 354 qui

330 370 381 395 ne
400 370 472 406 per
490 356 703 396 somnium
725 357 893 407 quidem
914 358 1148 408 concipiant
1168 358 1299 396 vllam
1322 357 1546 396 rhetorices
1569 358 1808 407 imaginem.
1867 359 1928 397 Hi

329 424 426 449 cum
446 413 627 450 coeteras
647 414 756 450 artes
777 411 999 462 negligant,
1023 425 1205 462 quonam
1225 412 1460 450 studiorum
1483 413 1652 450 nomine
1667 412 1929 451 cohonestari

329 465 578 514 postulant?
635 466 850 504 Oratorem
872 466 1053 516 profecto
1072 467 1136 505 vel
1157 467 1364 505 rhetorem
1386 479 1509 504 nemo
1535 467 1624 504 iure
1643 466 1806 505 vocabit
1831 480 1928 505 eum

293 535 308 564 5
330 519 399 569 qui
421 532 555 569 neque
574 532 694 558 veras
713 523 806 569 agat
825 533 968 559 causas
987 533 1119 571 neque
1138 521 1342 560 declamet
1362 520 1492 559 fictas.
1550 520 1662 568 Quin
1687 522 1808 570 poeta
1837 534 1927 570 per-

330 586 455 623 quam
476 575 616 613 tenuis
635 574 762 612 fuerit
786 577 910 625 atque
935 575 1149 626 exanguis,
1167 576 1285 614 cuius
1312 588 1459 625 poema
1486 575 1616 613 nullis
1640 575 1929 625 philosophiae

330 627 514 677 monitis,
537 628 667 667 nullis
686 629 901 668 rhetorum
925 630 1163 679 praeceptis,
1187 629 1317 668 nullis
1342 629 1571 667 disserendi
1594 629 1929 669 exercitamentis

330 682 544 721 formetur.
604 683 733 722 Viues
766 697 896 733 quum
931 684 975 722 in
1008 683 1210 722 rhetorica
1243 684 1371 722 talem
1405 697 1450 722 se
1482 683 1733 733 praestiterit
1763 684 1929 734 qualem

329 736 439 774 haud
464 736 595 775 ferme
615 737 699 776 iam
720 739 941 788 quisquam
961 738 1032 788 qui
1053 738 1163 776 nihil
1191 738 1411 788 profitetur
1437 737 1562 785 aliud,
1585 740 1726 776 tamen
1753 740 1927 777 caetera-

328 803 423 828 rum
443 791 596 830 artium
618 793 808 831 omnium
829 806 932 843 quae
953 792 1121 843 quidem
1141 792 1290 842 dignae
1305 794 1403 831 sunt
1423 792 1540 840 scitu,
1560 792 1722 830 nullam
1741 792 1923 842 reliquit,

328 845 373 883 in
393 858 475 895 qua
494 858 582 885 non
602 846 660 885 ita
679 848 867 885 versatus
886 850 960 894 est,
978 849 1024 886 vt
1044 847 1087 884 in
1108 860 1155 885 ea
1173 847 1260 885 sola
1279 849 1457 885 aetatem
1484 859 1651 885 omnem
1679 847 1927 885 contriuisse

328 912 504 939 censeas

382 954 529 1004 Itaque
563 956 608 992 vt
641 955 749 994 nihil
782 958 845 994 est
876 956 991 994 illius
1021 955 1131 1006 quod
1163 968 1249 994 non
1283 956 1440 994 mirum
1472 956 1516 993 in
1548 956 1720 994 modum
1750 955 1929 994 delectet

327 1021 481 1056 omnes,
506 1010 564 1047 ita
593 1022 661 1047 me
688 1010 871 1060 profecto
901 1023 1004 1060 quae
1033 1009 1196 1060 scripsit
1224 1010 1269 1048 in
1298 1009 1701 1048 Pseudodialecticos
1729 1009 1928 1060 peculiari

290 1081 306 1111 5
328 1062 505 1112 quadam
538 1063 754 1113 voluptate
787 1066 1069 1115 perfundunt:
1111 1077 1195 1102 non
1228 1064 1318 1102 ideo
1350 1066 1517 1103 tantum
1552 1065 1806 1114 (quanquam
1835 1064 1927 1102 ideo

327 1118 503 1167 quoque)
539 1117 646 1167 quod
679 1118 774 1158 illas
804 1119 966 1169 ineptas
998 1119 1183 1168 argutias
1218 1118 1368 1169 lepidis
1400 1118 1563 1157 canillis
1595 1118 1741 1167 eludit,
1776 1118 1928 1157 validis

326 1173 586 1220 argumentis
610 1175 832 1223 oppugnat,
859 1173 1096 1212 ineuitabili
1119 1173 1278 1212 ratione
1307 1186 1331 1211 a
1356 1173 1643 1211 fundamentis
1668 1173 1776 1212 eruit
1802 1175 1927 1222 atque

326 1225 543 1273 subuertit,
570 1227 641 1265 sed
671 1229 713 1265 et
738 1230 946 1277 praeterea
969 1228 1076 1279 quod
1102 1228 1160 1266 ibi
1186 1227 1308 1266 video
1334 1228 1533 1278 quaedam
1561 1228 1707 1265 iisdem
1738 1228 1822 1265 fere
1849 1231 1927 1266 tra—

326 1282 435 1319 ctata
461 1280 705 1328 rationibus,
728 1295 831 1331 quas
857 1285 898 1321 et
926 1283 1012 1333 ipse
1032 1295 1199 1321 mecum
1220 1282 1333 1329 olim,
1357 1295 1487 1332 quum
1514 1282 1622 1320 nihil
1649 1283 1783 1321 adhuc
1803 1282 1927 1320 Viuis

324 1333 529 1383 legissem,
567 1335 825 1385 collegeram.
885 1337 997 1385 Quae
1024 1336 1131 1375 mihi
1159 1350 1271 1375 nunc
1303 1350 1388 1375 non
1417 1350 1463 1375 eo
1493 1336 1664 1375 nomine
1690 1336 1856 1386 placent
1879 1336 1924 1374 in

325 1388 467 1427 libello
499 1389 631 1437 Viuis,
666 1390 774 1440 quod
803 1405 918 1430 meae
946 1392 1127 1430 rationes
1154 1393 1252 1430 ante
1279 1391 1499 1430 arriserint
1528 1390 1634 1429 mihi
1663 1390 1783 1439 (solet
1811 1391 1925 1429 enim

325 1443 496 1491 placere,
535 1444 572 1482 si
603 1445 702 1494 quid
737 1445 883 1484 afferre
913 1446 1015 1484 alios
1044 1446 1237 1485 videmus
1266 1446 1375 1496 quod
1403 1445 1523 1484 nobis
1549 1447 1647 1483 ante
1669 1445 1714 1483 in
1737 1447 1923 1484 mentem

326 1499 508 1548 venerat)
524 1499 594 1537 sed
608 1500 719 1548 quod
735 1500 843 1538 mihi
857 1500 1010 1550 plaudo
1031 1501 1194 1550 quando
1207 1500 1315 1550 quod
1329 1502 1427 1538 ante
1443 1502 1681 1549 suspectum
1696 1499 1923 1538 habueram

324 1565 376 1589 ne
395 1564 543 1601 parum
570 1556 665 1602 apte
691 1554 906 1601 diceretur,
938 1568 1050 1593 nunc
1077 1554 1302 1593 confirmor
1326 1554 1439 1592 haud
1465 1553 1663 1593 inscitum
1690 1567 1790 1602 esse,
1814 1556 1925 1604 post-

324 1618 448 1655 quam
469 1606 568 1645 Viui
594 1621 757 1658 quoque
784 1608 902 1647 video
933 1609 1145 1658 placuisse.
1206 1608 1299 1647 Iam
1326 1608 1431 1647 illud
1457 1622 1526 1647 me
1549 1608 1659 1658 capit
1681 1621 1726 1647 ac
1750 1608 1925 1647 delectat

325 1661 517 1708 maxime,
555 1662 664 1711 quod
696 1676 828 1712 quum
863 1663 1028 1701 videam
1059 1663 1171 1702 idem
1204 1666 1501 1712 argumentum
1533 1663 1698 1713 Vtrique
1732 1666 1923 1701 nostrum

323 1714 513 1753 animum
544 1718 585 1754 et
614 1717 909 1766 cogitationem
939 1731 1168 1767 occupasse,
1201 1719 1292 1756 tum
1322 1718 1380 1755 sic
1409 1718 1573 1767 vtrique
1606 1719 1842 1763 tractatum,
1877 1720 1925 1756 vt

326 1781 567 1819 quanquam
593 1772 635 1808 et
664 1771 798 1809 fusius
826 1772 877 1810 ab
906 1772 980 1810 illo
1008 1774 1049 1810 et
1078 1772 1322 1822 elegantius,
1347 1768 1490 1810 tamen
1514 1772 1561 1810 in
1590 1771 1808 1810 nonnullis
1837 1785 1924 1810 non

323 1825 491 1862 tantum
513 1838 577 1862 res
597 1826 761 1864 easdem
789 1826 1026 1874 afferamus,
1047 1827 1116 1865 sed
1146 1827 1446 1876 propemodum
1472 1827 1617 1865 eadem
1635 1825 1762 1864 etiam
1783 1826 1920 1875 verba,

323 1877 383 1916 sic
414 1878 521 1916 mihi
551 1878 730 1918 libenter
758 1880 962 1928 blandior,
995 1881 1112 1930 quasi
1140 1881 1304 1930 cognati
1332 1880 1545 1930 quippiam
1574 1880 1734 1930 syderis
1759 1880 1924 1919 animos

324 1932 433 1970 inter
452 1946 542 1971 sese
561 1936 727 1972 nostros
747 1935 907 1973 occulta
925 1936 1120 1985 quapiam
1140 1936 1184 1975 vi
1203 1937 1244 1973 et
1264 1935 1570 1984 conspiratione
1590 1934 1791 1973 conciliet.

378 1985 471 2026 Hoc
489 1987 553 2025 illi
573 1989 758 2037 gratulor
778 1989 885 2038 quod
906 1991 1073 2028 tantum
1095 1990 1220 2028 habet
1238 1990 1378 2028 locum
1398 1989 1506 2038 apud
1529 1989 1923 2028 reuerendissimum

323 2040 583 2080 Cardinalem
612 2055 748 2081 suum.
808 2043 936 2093 Spero
960 2043 1047 2082 fore
1076 2046 1122 2082 vt
1151 2044 1267 2082 illius
1294 2044 1482 2082 numinis
1507 2044 1625 2082 fauor
1654 2043 1922 2093 iniquitatem

322 2095 513 2134 fortunae
534 2097 710 2147 corrigat
730 2112 738 2145 3
769 2111 872 2148 quae
892 2098 998 2136 solet
1018 2100 1063 2136 in
1079 2112 1149 2137 eos
1164 2111 1252 2136 esse
1265 2099 1444 2147 pessima
1457 2099 1694 2148 quicunque
1707 2099 1924 2136 merentur

286 2164 299 2194 .'
322 2150 492 2198 optima,
533 2153 574 2189 et
608 2154 809 2201 tanquam
842 2153 998 2191 litteris
1032 2165 1076 2190 ac
1109 2153 1338 2191 virtutibus
1368 2152 1574 2199 inuidens,
1610 2152 1801 2190 indoctos
1837 2152 1922 2191 fere

321 2206 442 2254 atque
461 2204 672 2254 improbos
691 2206 902 2245 beneficiis
920 2207 1007 2245 suis
1021 2207 1206 2245 euehere.
1265 2207 1423 2245 Verum
1437 2206 1666 2245 Oardinalis
1677 2206 1758 2254 (cui
1773 2206 1924 2245 beandi

322 2260 512 2307 quemuis
530 2262 617 2298 tam
638 2260 770 2299 facilis
790 2262 874 2300 fere
894 2274 1020 2311 quam
1041 2262 1121 2311 ipsi
1140 2261 1329 2299 fortunae
1358 2261 1532 2299 facultas
1552 2261 1631 2310 est)
1647 2261 1811 2299 homini
1830 2260 1918 2308 tali,

322 2326 446 2361 quem
483 2313 593 2351 inter
626 2315 911 2364 penitissimos
943 2316 1132 2363 adsciuit,
1172 2316 1239 2353 cui
1272 2317 1439 2353 tantum
1469 2314 1717 2353 eruditionis
1745 2314 1924 2353 eximiae

322 2371 418 2416 (qua
433 2380 545 2406 nunc
564 2368 675 2406 haud
696 2369 819 2418 paulo
839 2369 989 2408 clarius
1015 2383 1141 2420 quam
1167 2370 1257 2419 ipso
1286 2369 1504 2418 dignitatis
1527 2369 1690 2418 fulgore
1717 2369 1923 2419 splendet)

322 2423 536 2470 acceptum
566 2423 656 2470 fert,
686 2436 773 2461 non
802 2424 1023 2473 insigniter
1052 2437 1140 2462 esse
1168 2423 1368 2461 benificus
1397 2437 1531 2473 neque
1561 2437 1635 2473 pro
1664 2423 1822 2473 insigni
1848 2435 1922 2462 sua

323 2475 506 2514 bonitate
526 2476 648 2524 volet,
673 2491 808 2527 neque
827 2478 918 2516 sine
946 2478 1100 2528 insigni
1123 2478 1231 2528 apud
1261 2480 1447 2527 posteros
1474 2490 1637 2528 quoque
1662 2477 1922 2516 traductione

321 2530 469 2577 potest.

362 2622 414 2652 51.
440 2616 524 2644 aH:
551 2618 817 2655 consequentur
832 2621 868 2647 F.
969 2628 1022 2656 54.
1050 2620 1101 2649 H:
1128 2618 1274 2649 vocabat
1289 2630 1319 2649 α.
1437 2628 1489 2657 71.
1513 2622 1564 2650 F:
1588 2618 1706 2650 solent
1721 2631 1752 2650 α.
1867 2628 1916 2657 72.

321 2657 448 2687 afferre
464 2657 553 2688 alios
569 2660 620 2688 H:
645 2661 770 2690 afferat
787 2660 879 2691 alius
895 2673 925 2694 α.
1114 2663 1167 2692 82.
1197 2662 1542 2693 reuerendissimum
1560 2673 1619 2694 om.
1638 2666 1681 2694 H.
1863 2663 1916 2695 86.

318 2700 469 2730 euehere
485 2704 532 2731 F:
558 2702 731 2734 inuehere
748 2715 778 2736 α.
914 2705 968 2744 89.
994 2705 1159 2745 splendet
1175 2707 1229 2736 H:
1253 2705 1441 2745 splendore
1458 2717 1489 2737 α.

361 2811 413 2848 64.
442 2811 481 2840 in
520 2811 880 2855 Pseudodialecticos]
920 2815 984 2845 See
1025 2814 1086 2854 Ep.
1142 2816 1350 2855 parugingly
1365 2817 1472 2848 ofthe
1485 2817 1675 2848 scholastic
1688 2818 1914 2858 philosophy.

325 2855 418 2884 1108.
438 2864 493 2892 7n.
1141 2858 1192 2889 Of.
1232 2859 1307 2890 also
1343 2861 1411 2891 LB.
1448 2861 1539 2901 App.
1575 2870 1650 2900 513,
1688 2863 1768 2901 1897
1781 2871 1871 2901 D-99
1884 2872 1913 2902 c,

361 2899 413 2937 69.
439 2898 515 2937 ipse
553 2907 694 2929 mecum
734 2900 838 2941 olim]
886 2901 982 2932 More
1020 2910 1092 2932 was
1142 2901 1213 2932 and
1238 2903 1295 2933 his
1319 2903 1427 2934 letter
1447 2904 1487 2934 of
1507 2915 1550 2944 29
1578 2904 1700 2935 March
1729 2904 1856 2948 (1518)
1881 2908 1916 2937 to

318 2940 501 2972 doubtless
516 2941 689 2981 thinking
704 2944 743 2973 of
762 2944 849 2974 such
871 2954 1033 2985 passages
1054 2954 1093 2976 as
1141 2945 1274 2976 Oxford
1291 2947 1503 2987 Univcrsity
1518 2948 1556 2989 (J
1560 2948 1654 2978 ortin
1672 2949 1710 2978 ii.
1726 2949 1863 2988 662-7).

319 2984 399 3015 that
416 2985 454 3015 in
472 2985 533 3015 the
554 2987 663 3022 Vtopz'a
677 2986 748 3025 (pp.
763 2988 860 3027 61-3,
873 2988 927 3019 ed.
939 2989 1089 3028 Froben,
1186 2989 1237 3028 83.
1265 2990 1510 3032 Cardinalem]
1535 2991 1629 3021 Wm.
1644 2991 1736 3031 Croy
1751 3002 1758 3029 3
1779 3001 1834 3022 sec
1850 2993 1913 3032 Ep.

321 3028 440 3058 March
478 3028 588 3068 1518),
625 3029 742 3059 where
775 3031 819 3061 he
857 3031 984 3071 speaks
1022 3032 1091 3063 dis·
1142 3033 1206 3070 647
1224 3033 1370 3072 introd„
1389 3035 1459 3064 and
1479 3034 1522 3064 cf.
1542 3035 1605 3074 Ep.
1628 3036 1720 3066 1108.
1743 3044 1770 3065 1.
