1990 3353
571 123 688 162 THE
727 122 912 163 HEINE
952 124 1302 164 COLLECTION
1655 126 1734 166 629

136 236 222 272 tam
238 233 386 272 leuiter
401 246 477 272 nos
491 246 576 272 esse
591 233 774 272 eruditos
790 236 994 284 quantum
1009 235 1215 285 Apologia
1229 234 1448 284 significat.
1489 235 1734 286 Quanquam

136 301 220 326 non
240 288 317 326 hoc
346 288 484 326 solum
513 288 557 326 in
586 287 710 326 illum
737 288 948 336 molimur,
978 289 1046 327 sed
1077 291 1118 327 et
1146 289 1227 328 alia
1256 289 1424 328 maioris
1453 291 1656 329 momenti
1685 303 1735 328 ex

134 342 286 392 quibus
313 341 457 380 lectori
482 344 742 392 perspectum
771 354 858 381 esse
886 343 1050 392 poterit,
1073 356 1158 381 non
1186 344 1409 382 Erasmum
1435 343 1563 382 istum
1590 345 1662 394 qui
1686 344 1736 383 ab

134 397 256 435 annis
280 396 364 434 iam
391 396 538 435 multis
563 409 636 446 per
662 398 801 435 totum
829 396 970 435 orbem
998 398 1230 447 perstrepit,
1263 398 1321 435 rei
1350 397 1573 436 litterariae
1600 411 1735 437 arcem
1755 416 1795 447 30

136 450 333 497 obtinere,
356 449 464 500 quod
484 449 692 498 nonnulli,
716 463 818 500 quae
837 450 1060 490 hominum
1080 453 1141 490 est
1164 451 1370 501 imperitia
1388 454 1430 490 et
1449 451 1731 501 hallucinatio,

136 505 226 543 sine
245 504 371 543 dubio
391 504 604 553 putabant.

189 558 268 597 Sed
290 558 340 597 de
359 558 426 597 his
445 558 572 596 nimis
591 558 764 597 fortasse
783 558 928 598 multa.
989 559 1298 598 Annotationes
1318 558 1416 597 Laei
1444 559 1609 610 perlegi,
1634 573 1736 611 opus

134 613 346 651 eruditum
367 625 460 651 meo
480 612 635 651 iudicio
660 625 706 651 ac
735 612 900 651 dicendi
928 612 1131 662 elegantia
1159 626 1245 652 non
1275 614 1445 652 omnino
1475 613 1735 654 destitutum.

135 667 279 717 Neque
297 667 454 705 mirum
481 666 517 704 si
544 667 660 705 illius
685 666 866 705 editione
893 667 1092 706 Erasmus
1115 667 1241 705 fuerit
1267 670 1511 716 commotus,
1536 681 1630 707 cum
1650 671 1738 707 tam
1758 684 1796 716 35

134 723 275 772 aperte
294 723 358 760 tot
377 720 477 759 locis
497 721 777 760 crassissimae
797 721 1027 771 cuiuspiam
1047 721 1234 760 inscitiae
1264 721 1315 760 ab
1343 721 1425 759 Leo
1453 722 1732 762 conuincatur.

137 775 228 814 Hoc
257 777 320 814 est
349 775 472 822 enim,
508 776 556 813 vt
587 788 661 825 ego
693 775 880 823 arbitror,
915 775 1025 825 quod
1059 775 1166 814 male
1199 775 1346 814 habuit
1379 775 1616 824 Erasmum,
1654 790 1738 815 non

136 832 339 869 venenata
358 829 456 868 Laei
483 829 651 879 spicula,
676 830 784 880 quod
811 829 964 868 litteris
989 829 1211 880 significas.
1271 829 1413 879 Neque
1441 830 1547 868 mihi
1574 831 1738 870 Erasmi

135 884 185 923 ad
207 884 329 923 illum
355 883 560 934 Apologia
586 897 755 934 prorsus
784 884 996 933 satisfacit,
1019 897 1114 923 cum
1144 884 1189 923 in
1218 897 1265 923 ea
1293 883 1402 922 nihil
1430 883 1545 923 aliud
1576 887 1737 935 captare

134 938 327 978 videatur
345 938 471 977 homo
491 938 617 987 vafer,
641 938 724 977 nisi
743 941 790 977 vt
815 938 975 988 prolixa
997 938 1245 988 loquacitate
1271 938 1555 977 aduersarium
1576 939 1735 978 obruat.
1756 954 1798 984 40

136 993 251 1041 Quod
284 992 488 1043 peculiare
517 992 691 1031 Erasmo
721 992 793 1031 isti
822 995 896 1040 est,
923 993 990 1032 cui
1017 1006 1102 1032 non
1131 995 1298 1031 tantum
1328 994 1389 1031 est
1420 1005 1538 1031 curae
1565 994 1737 1032 assertio

134 1047 368 1093 veritatum,
393 1048 598 1096 quantum
616 1060 668 1085 ne
688 1047 739 1086 ab
758 1060 804 1086 ea
823 1048 942 1086 cadat
962 1047 1157 1097 opinione
1179 1061 1257 1098 qua
1271 1047 1388 1097 vulgi
1407 1047 1587 1086 stultitia
1601 1061 1738 1087 cense-

135 1104 213 1140 tur.
274 1102 335 1140 De
355 1102 478 1140 tertia
496 1115 594 1140 vero
614 1101 779 1140 Erasmi
799 1102 980 1140 editione
999 1102 1044 1140 in
1065 1101 1234 1140 Nouum
1255 1101 1571 1140 Testamentum
1591 1102 1640 1140 ad
1662 1115 1738 1141 nos

136 1155 344 1195 mittenda
363 1155 471 1194 nihil
491 1158 554 1194 est
574 1155 684 1206 quod
705 1155 876 1203 labores,
902 1169 997 1195 cum
1018 1169 1064 1195 eo
1084 1156 1245 1195 facilius
1265 1169 1287 1193 e
1308 1155 1471 1194 Basilea
1496 1157 1578 1194 huc
1603 1157 1737 1206 possit

134 1210 283 1258 afferri,
308 1223 388 1259 quo
408 1209 585 1249 vicinior
602 1223 649 1249 ea
669 1210 815 1249 ciuitas
835 1213 897 1249 est
927 1210 1073 1250 Italiae
1103 1223 1227 1260 quam
1253 1209 1454 1260 Belgicae.
1513 1211 1736 1261 Reliquum
1753 1226 1794 1258 45

135 1264 371 1303 Erasmicae
399 1265 630 1314 Apologiae
659 1265 709 1303 ad
740 1265 911 1312 Laeum,
941 1268 988 1303 vt
1020 1265 1173 1303 litteris
1208 1265 1294 1303 tuis
1330 1263 1547 1314 polliceris,
1579 1266 1628 1304 ad
1660 1278 1736 1304 nos

135 1319 295 1358 curabis
322 1319 721 1357 transmittendum:
763 1318 987 1369 Dialogum
1016 1322 1221 1369 praeterea
1249 1318 1415 1358 Latomi
1444 1320 1487 1358 in
1515 1320 1734 1358 Erasmum

135 1386 228 1411 cum
250 1373 415 1411 Erasmi
434 1373 485 1411 ad
504 1373 682 1412 eundem
702 1373 917 1423 Apologia.

189 1427 458 1466 Itinerarium
471 1429 662 1466 nostrum
679 1441 728 1466 ex
742 1428 893 1478 oppido
909 1427 1196 1477 Complutensi
1211 1428 1261 1466 ad
1277 1428 1446 1476 Vrbem,
1464 1431 1503 1467 et
1519 1427 1736 1478 epistolam

134 1495 258 1533 quam
278 1482 480 1532 proximis
500 1482 645 1520 diebus
664 1482 714 1520 ad
735 1495 891 1521 nouum
912 1481 1161 1521 Pontificem
1176 1482 1429 1531 scripsimus,
1448 1483 1614 1521 mittere
1628 1483 1678 1520 ad
1695 1485 1736 1521 te
1755 1496 1798 1527 50

134 1537 263 1584 volui,
284 1536 394 1575 haud
422 1536 616 1575 dubitans
644 1536 855 1586 probanda
883 1536 1007 1574 isthic
1037 1537 1123 1575 fore
1153 1550 1255 1587 quae
1287 1537 1330 1575 in
1360 1537 1437 1576 hoc
1464 1538 1597 1575 totius
1625 1537 1736 1575 orbis

133 1594 338 1629 terrarum
374 1590 605 1641 spectaculo
641 1591 831 1629 omnium
863 1590 1033 1629 calculis
1068 1591 1307 1641 probantur.
1365 1590 1582 1630 Mittemus
1610 1604 1737 1640 prope

133 1646 245 1683 diem
265 1647 307 1683 et
326 1645 518 1683 libellum
539 1646 730 1683 nostrum
757 1657 1062 1695 praecursorem
1084 1645 1127 1683 in
1149 1645 1227 1683 tria
1250 1645 1322 1684 illa
1349 1645 1566 1684 volumina
1585 1645 1737 1695 quibus

134 1700 368 1738 Erasmicas
395 1699 633 1749 impietates
652 1712 698 1738 ac
717 1699 996 1748 blasphemias
1022 1700 1288 1738 confutamus
1305 1714 1313 1747 ;
1348 1700 1420 1750 qui
1440 1700 1664 1750 quominus
1684 1700 1734 1738 ad

133 1758 174 1792 te
193 1767 306 1792 nunc
325 1754 561 1801 defferatur,
582 1754 829 1804 typographi
849 1756 946 1792 sunt
961 1755 1006 1792 in
1023 1767 1157 1801 causa,
1173 1754 1366 1793 homines
1382 1755 1430 1792 de
1447 1768 1488 1792 re
1505 1753 1735 1803 quamlibet
1755 1770 1794 1801 55

108 1809 218 1848 ,leui
238 1811 460 1847 cessatores
486 1821 532 1846 ac
560 1807 727 1846 mirifici
756 1821 973 1858 operarum
1002 1808 1380 1858 procrastinatores.
1442 1808 1569 1847 Hunc
1597 1808 1734 1847 subse·

134 1866 282 1913 quetur
302 1867 344 1901 et
369 1862 474 1901 alter
501 1861 669 1901 libellus
696 1863 806 1912 ipsas
828 1862 996 1901 Erasmi
1015 1863 1250 1912 impietates
1277 1876 1373 1901 cum
1400 1863 1571 1912 prologo
1592 1865 1735 1901 nostro

133 1917 269 1956 solum
301 1917 529 1955 continens.
589 1916 690 1955 Post
728 1917 805 1955 hos
835 1917 1017 1966 prodibit
1048 1916 1340 1956 recriminatio.
1401 1917 1512 1956 Huic
1545 1917 1736 1956 succedet

132 1972 397 2021 impietatum
426 1970 673 2020 redargutio,
707 1984 810 2020 opus
839 1971 968 2009 Leoni
996 1984 1023 2009 x
1052 1970 1176 2010 Pont.
1210 1971 1318 2010 Max.
1352 1971 1453 2009 olim
1478 1972 1708 2021 perlectum
1724 1985 1734 2018 ;

134 2027 335 2076 quodque,
361 2026 443 2064 nisi
472 2025 521 2063 de
550 2025 688 2064 medio
719 2026 755 2063 is
783 2028 891 2064 esset
920 2026 1120 2072 sublatus,
1143 2026 1187 2064 in
1218 2038 1367 2064 manus
1400 2026 1621 2064 hominum
1650 2025 1733 2064 iam
1752 2032 1794 2065 60

132 2081 293 2130 pridem
332 2079 574 2119 deuenisset.
634 2079 839 2128 Quintum
876 2079 1038 2118 tenebit
1068 2080 1205 2118 locum
1245 2079 1281 2117 is
1314 2080 1418 2118 liber
1455 2093 1534 2130 quo
1570 2079 1734 2118 Erasmi

133 2134 294 2174 somnia
307 2147 353 2173 ac
368 2134 510 2185 lapsus
528 2134 764 2184 turpissimi
784 2147 834 2172 ex
853 2133 1022 2172 scholiis
1033 2133 1078 2171 in
1094 2134 1184 2172 diui
1200 2133 1508 2183 Hiero<nymi>
1527 2133 1735 2183 Epistolas

131 2203 154 2228 a
173 2188 294 2227 nobis
313 2188 567 2227 adnotantur
586 2202 595 2226 :
627 2202 708 2238 quo
735 2188 874 2227 labore
893 2188 938 2226 in
964 2188 1196 2237 praesentia
1222 2188 1488 2236 distinemur,
1508 2191 1553 2226 vt
1574 2189 1732 2238 expedi-

132 2244 259 2282 tiores
278 2244 448 2282 tandem
471 2242 738 2281 inueniamur
756 2243 806 2281 ad
827 2243 1202 2292 expectatissimam
1228 2242 1353 2281 istam
1375 2244 1540 2282 tertiam
1567 2243 1733 2281 Erasmi

132 2298 358 2337 editionem
396 2297 440 2335 in
477 2297 644 2335 Nouum
679 2297 997 2335 Testamentum
1034 2296 1337 2336 excutiendam.
1400 2296 1490 2345 Quo
1528 2297 1573 2335 in
1612 2310 1733 2346 opere
1751 2308 1792 2349 65

131 2355 335 2402 quantum
350 2351 394 2389 in
410 2351 486 2390 hoc
502 2351 739 2390 litterarum
755 2364 919 2401 genere,
932 2351 1038 2401 quod
1055 2351 1133 2390 sibi
1147 2354 1234 2389 tam
1249 2351 1516 2402 impudenter
1531 2351 1733 2390 Erasmus

132 2409 304 2456 arrogat,
330 2405 505 2453 valeam,
535 2405 617 2444 nisi
645 2419 711 2443 me
738 2406 904 2444 animus
930 2405 1098 2455 decipit,
1120 2405 1266 2443 lectori
1292 2408 1493 2444 testatum
1523 2405 1730 2444 faciemus.

132 2460 339 2510 Epistolas
358 2460 459 2498 noui
484 2459 703 2498 Pontificis
724 2473 772 2498 ex
800 2459 1007 2510 Hispania
1033 2473 1166 2510 nuper
1192 2459 1242 2498 ad
1268 2459 1426 2498 Vrbem
1453 2459 1600 2498 allatas
1619 2460 1668 2498 ad
1692 2463 1732 2497 te

131 2516 258 2554 etiam
279 2514 499 2553 mittimus.
558 2514 622 2553 Tu
641 2514 677 2553 si
698 2514 797 2564 quid
819 2515 897 2552 erit
918 2514 1053 2552 isthuc
1075 2513 1175 2552 noui
1196 2514 1303 2563 quod
1325 2513 1390 2552 vel
1408 2516 1548 2553 nostra
1565 2514 1732 2552 intersit

132 2570 234 2608 scire
272 2568 339 2607 vel
378 2568 566 2616 delectet,
603 2581 676 2618 pro
706 2571 779 2607 tuo
811 2568 943 2607 officio
976 2568 1107 2606 facere
1138 2581 1215 2606 nos
1247 2568 1440 2606 certiores
1471 2581 1731 2618 nequaquam
1751 2587 1791 2620 70

130 2623 445 2674 praetermittes.
501 2622 613 2661 Vale.

186 2678 338 2716 Romae
360 2676 427 2715 vii.
453 2677 619 2715 Calend.
639 2677 800 2726 Aprilis
824 2689 938 2723 1522.

1357 2731 1470 2769 Tuus
1491 2732 1672 2769 Stunica.

186 2813 241 2851 Al
262 2826 361 2862 muy
383 2813 607 2851 reuerendo
627 2815 746 2851 senor
766 2813 803 2851 el
825 2813 967 2850 doctor
986 2812 1176 2861 Vergara,
1202 2813 1403 2861 canonigo
1431 2813 1479 2850 de
1499 2812 1654 2851 Alc-ala.
1677 2825 1726 2850 en

131 2867 319 2906 Flandes.
