1990 3353
85 143 207 197 1061]
584 144 736 183 FROM
775 143 1032 182 EDWARD
1069 142 1179 181 LEE
1601 145 1678 183 165

137 255 244 294 ΕΒΑ.
280 257 332 294 Et
345 257 438 303 fieri
462 257 608 302 poterat
636 257 671 292 ct
695 265 871 291 sanamus
895 253 1092 300 Pontifex,
1113 252 1335 291 admiratus
1356 253 1460 291 istud
1480 253 1679 302 ‘inyeoze‘um

72 321 174 358 pene
194 311 388 355 (bittinum,
409 310 479 348 tibi,
499 310 645 347 tradita
662 308 814 356 vit-‘qula
830 308 951 346 totius
964 308 1066 345 orbis
1080 317 1282 345 censuram
1294 306 1364 344 tibi
1375 307 1503 354 fuerit
1518 310 1679 346 manda-

82 367 194 403 turus
205 377 224 409 ;
252 375 321 402 nec
348 366 423 402 iam
442 364 540 402 vll-ns
557 363 653 402 liber
669 365 740 401 aut
757 363 958 400 (lederetur
974 364 1045 399 aut
1065 362 1257 409 leym-etur,
1279 361 1360 398 rcisz‘
1379 361 1474 399 Leei
1491 362 1681 411 suffrayio

73 419 271 466 probatus,
292 419 409 457 totius
427 419 481 456 rei
499 417 697 455 literariae
716 415 952 455 Aristarchi.

137 471 238 511 Eno.
272 471 338 510 Sic
359 471 438 510 tibi
456 471 589 521 placet
609 470 734 520 (quod
755 468 975 518 consuesti)
995 469 1130 507 ridere
1148 481 1225 506 me.
1283 468 1371 518 Ego
1399 469 1472 519 qui
1491 469 1680 508 conscius

81 539 176 564 sum
195 526 300 564 mihi
318 539 443 575 quam
463 524 572 563 nihil
591 538 696 571 sum,
718 537 786 562 me
804 524 882 562 hoc
901 523 1059 561 honore
1073 536 1158 560 non
1179 522 1337 572 dignor,
1361 525 1409 562 vt
1429 524 1508 561 sim
1538 536 1562 562 a
1588 537 1680 562 con·

80 580 188 619 siliis
209 580 417 618 Pontifici.
477 579 569 618 Scio
589 592 715 629 quam
735 578 790 616 sit
807 577 915 616 mihi
936 579 1051 616 curta
1070 577 1296 626 suppellex.
1355 577 1415 615 At
1435 577 1528 627 quis
1547 578 1680 617 nescit

81 634 264 684 teipsum
295 634 369 672 has
397 634 476 672 tibi
502 636 641 683 partes
668 632 735 671 vel
765 634 837 670 tua
859 634 1007 682 sponte
1033 631 1117 670 iam
1145 631 1246 669 olim
1269 633 1604 682 praesumpsisse,
1632 635 1679 671 vt

81 689 211 727 totius
229 689 288 727 rei
314 687 517 727 literariae
540 688 597 726 sis
623 687 903 731 Aristarchus,
922 686 992 737 qui
1017 699 1093 724 nec
1119 685 1331 724 veteribus
1358 699 1433 724 nec
1461 687 1678 725 neotericis

80 756 248 793 parcas3
277 743 348 793 qui
375 755 590 781 censuram
620 742 663 780 in
687 753 834 779 omnes
858 740 990 779 veluti
1018 752 1115 778 cum
1144 739 1319 789 imperio
1345 752 1391 778 ac
1418 740 1679 779 cathedratus

80 810 204 846 agas;
233 798 304 847 qui
325 797 497 835 damnes
516 796 640 834 etiam
664 809 712 834 ea
735 808 838 845 quae
857 795 930 834 vix
950 807 1135 844 vnquam
1163 794 1339 843 gustasti
1356 808 1366 841 ;
1397 795 1470 844 qui
1488 797 1677 834 veterum

80 851 276 902 dogmata
296 852 516 899 conuellas,
536 850 608 901 qui
627 863 703 889 nec
722 848 1012 888 Ecclesiastica
1031 849 1193 887 decreta
1211 848 1380 898 patiaris
1399 862 1487 887 esse
1506 849 1677 888 inteme—

80 909 193 954 rata;
223 906 295 956 qui
323 905 625 944 haereticorum
651 904 810 943 deliriis
833 904 879 941 in
905 904 1039 953 specie
1065 916 1151 941 non
1177 902 1285 940 mihi
1310 904 1477 942 tantum
1500 903 1678 942 videaris

80 961 354 1010 patrocinari,
382 960 454 1010 qui
475 959 592 1009 quasi
610 958 677 998 ius
696 958 775 997 tibi
794 958 838 996 in
857 957 1110 1007 theologiam
1122 957 1317 996 vendices
1336 972 1345 1005 ;
1374 957 1444 1007 qui
1458 963 1618 1008 praeter
1636 960 1677 996 te

80 1027 228 1053 omnes
256 1016 525 1053 contemnas:
555 1014 596 1052 id
627 1013 735 1063 quod
766 1012 872 1051 mihi
901 1011 1162 1062 exploratum
1191 1014 1254 1049 est
1281 1011 1331 1049 de
1354 1012 1601 1061 quibusdam
1630 1013 1674 1051 in

77 1069 297 1119 theologia,
316 1068 361 1107 ni
379 1068 512 1114 fallor,
532 1067 844 1117 doct<i>oribus
863 1070 902 1104 te
923 1068 1024 1116 ipso.
1066 1067 1154 1115 Ego
1175 1066 1231 1104 sic
1250 1065 1413 1104 insanio
1430 1068 1476 1105 vt
1495 1067 1676 1105 ambiam

79 1123 193 1162 hunc
231 1124 386 1171 locum,
424 1123 588 1173 quando
628 1125 674 1160 tu
713 1122 769 1160 sic
808 1122 1110 1171 praeoccupas?
1167 1121 1337 1170 Semper
1373 1120 1481 1159 colui
1519 1121 1674 1160 doctos.

81 1177 258 1216 Nullum
286 1177 353 1216 vel
386 1178 552 1215 triuiale
581 1190 684 1227 opus
713 1175 934 1215 cuiuslibet
961 1175 1149 1214 authoris
1174 1187 1359 1224 vnquam
1382 1175 1530 1224 spreui.
1590 1175 1676 1214 Nec

79 1234 201 1270 tuum
227 1234 333 1270 certe
356 1245 516 1281 sperno,
539 1231 665 1269 etiam
689 1230 724 1268 si
751 1230 970 1280 aliquoties
989 1229 1200 1268 dissentio.
1260 1229 1456 1267 Studium
1482 1232 1603 1268 tuum
1630 1230 1675 1268 in

78 1286 156 1325 hac
189 1300 231 1324 re
261 1299 478 1336 nunquam
511 1285 757 1335 improbaui.
817 1285 1000 1322 Tantum
1035 1284 1080 1322 in
1118 1286 1158 1322 te
1196 1283 1397 1333 desydero
1435 1284 1675 1333 plusculum

77 1341 318 1391 diligentiae
345 1354 390 1378 ac
409 1340 642 1387 modestiae,
665 1342 707 1378 et
724 1339 830 1377 forte
851 1338 896 1376 in
923 1338 1173 1388 quibusdam
1193 1337 1295 1376 locis
1321 1337 1475 1376 iudicii.
1536 1339 1676 1377 Satius

77 1394 225 1433 fuisset
241 1408 326 1433 non
345 1395 477 1433 facere
497 1407 620 1445 quam
635 1393 911 1432 tumultuarie
922 1406 968 1431 ac
987 1392 1306 1443 praecipitanter
1322 1392 1675 1442 dormitanterque

78 1450 222 1488 facere.
283 1450 397 1499 Opus
427 1449 516 1487 orbi
554 1448 821 1495 scribebatur,
856 1449 896 1485 et
927 1460 1042 1497 opus,
1076 1447 1120 1485 ni
1153 1459 1226 1496 par
1260 1459 1346 1485 esse
1379 1459 1531 1496 posses,
1572 1447 1675 1497 peri-

77 1503 294 1542 culosum:
324 1506 370 1542 vt
390 1503 570 1553 impium
594 1516 720 1553 prope
746 1501 872 1540 fuerit
897 1515 982 1539 non
1003 1501 1199 1539 omnibus
1218 1500 1347 1540 oculis
1366 1500 1575 1550 vigilasse,
1600 1515 1675 1540 nec

77 1559 162 1596 tuis
182 1558 330 1604 solum,
353 1559 423 1597 sed
444 1560 485 1596 et
505 1557 666 1596 alienis.

133 1612 238 1652 Em.
274 1614 392 1652 Nunc
417 1612 591 1660 plerique
622 1612 759 1650 dicunt
791 1614 824 1649 te
852 1612 921 1649 hoc
948 1610 1108 1649 consilio
1127 1621 1303 1658 premere
1322 1611 1551 1657 praeclaras
1581 1611 1676 1649 istas

77 1666 377 1712 Annotationes,
399 1671 438 1706 vt
463 1679 522 1705 me
538 1667 642 1714 fatis
659 1665 801 1713 functo
827 1668 908 1703 tum
935 1664 1089 1703 demum
1115 1664 1233 1702 aedas
1249 1676 1263 1707 ,·
1291 1664 1408 1713 ἐρήμη
1427 1665 1609 1710 victurus,
1632 1665 1676 1702 id
1696 1676 1730 1707 2:

75 1725 134 1762 est
155 1722 358 1771 ingloriam
376 1723 577 1760 victoriam
595 1722 876 1768 reportaturus,
899 1731 1018 1768 quum
1037 1730 1145 1757 nemo
1164 1719 1215 1756 sit
1234 1718 1300 1766 qui
1319 1722 1452 1756 contra
1470 1721 1591 1757 certet.

134 1776 233 1814 Eoo.
267 1775 385 1814 Nihil
411 1775 519 1814 mihi
544 1788 640 1813 cum
665 1774 813 1812 vmbra
838 1775 921 1820 tua,
945 1786 1059 1823 quae,
1083 1785 1179 1810 cum
1205 1772 1317 1810 Deus
1345 1773 1457 1810 volet
1483 1775 1524 1811 et
1550 1773 1675 1811 saluti

78 1833 173 1869 tuae
193 1831 294 1869 hora
313 1829 369 1868 sit
389 1830 617 1876 commoda,
642 1842 715 1878 per
733 1841 800 1866 me
821 1828 1004 1878 quiescet
1022 1827 1067 1865 in
1093 1840 1202 1876 pace.
1255 1826 1375 1864 Certe
1394 1840 1467 1876 ego
1493 1829 1674 1866 mortem

77 1887 194 1923 tuam
221 1898 307 1923 non
336 1885 539 1934 optarim;
573 1884 676 1933 quin
704 1896 800 1922 vero
830 1883 967 1920 Deum
995 1894 1244 1931 superosque
1271 1881 1458 1919 obtestor
1484 1884 1529 1920 vt
1555 1881 1676 1920 bonis

77 1939 210 1978 literis
229 1939 385 1977 multos
404 1951 536 1977 annos
556 1937 759 1988 supersis:
791 1936 827 1975 si
853 1938 995 1974 tamen
1022 1936 1058 1974 is
1083 1948 1172 1975 esse
1197 1935 1302 1973 velis
1328 1948 1451 1984 quem
1477 1937 1676 1985 expetunt

77 1996 170 2032 tum
190 1994 290 2032 haec
309 1996 432 2041 aetas,
456 1995 549 2031 tum
569 1994 731 2042 praeter
749 1990 1034 2031 Christianum
1055 1990 1236 2028 officium
1257 1989 1408 2038 duplex
1436 1989 1504 2027 hic
1532 1990 1604 2040 qui
1630 1989 1674 2027 in

76 2050 117 2087 te
136 2050 199 2087 est
219 2047 329 2086 ordo.

132 2102 259 2141 Emis.
289 2101 378 2140 Alii
389 2102 622 2149 praedicant
641 2100 795 2139 interim
815 2100 979 2148 rudique
999 2102 1154 2146 captare
1174 2102 1207 2136 te
1231 2099 1324 2145 quid
1349 2099 1508 2146 quisque
1533 2099 1676 2136 calum-

78 2159 141 2195 nir
144 2161 223 2205 tur,
241 2169 310 2195 nec
330 2160 442 2194 tuum
461 2168 556 2203 opus
574 2156 684 2193 aliud
694 2156 886 2202 futurum
905 2166 1024 2201 quam
1043 2153 1368 2201 ali<en>arumz
1336 2154 1677 2201 sycophantiarmn

78 2187 334 2260 rhapsodiam,
358 2212 401 2249 irc
422 2223 499 2259 qua
517 2211 683 2249 minima
693 2210 825 2258 portio
845 2210 895 2247 sit
915 2208 973 2246 tui
991 2208 1150 2245 Manis.

133 2265 235 2304 Eoo.
270 2264 313 2303 Si
339 2264 433 2315 quis
458 2264 503 2302 in
529 2264 631 2302 meis
657 2262 1013 2301 Annotationibus
1039 2274 1134 2299 suas
1159 2261 1326 2310 plumas
1355 2263 1558 2309 agnoscet,
1581 2260 1677 2298 licet

78 2322 247 2370 repetat.
305 2319 393 2369 Ego
422 2331 474 2356 ne
501 2332 634 2356 vnum
663 2318 831 2367 quidem
860 2317 998 2355 locum
1028 2315 1153 2353 didici
1182 2315 1232 2353 ab
1256 2315 1343 2352 vllo
1370 2315 1673 2365 theologor.u1n

79 2375 121 2413 Si
156 2387 270 2412 secus
302 2374 368 2420 sit,
405 2372 484 2411 sim
518 2372 626 2422 apud
660 2372 764 2410 istos
796 2371 988 2409 mendax.
1050 2370 1133 2407 Nec
1167 2371 1267 2418 puto
1302 2372 1389 2407 tam
1417 2369 1558 2407 felices
1589 2382 1676 2407 esse

78 2431 240 2467 nostras
259 2427 566 2466 Annotationes
584 2429 631 2464 vt
651 2429 806 2464 certare
828 2426 876 2463 de
896 2425 964 2463 his
989 2425 1208 2474 quisquam
1228 2423 1352 2462 volet.

134 2483 237 2520 Em.
268 2483 338 2521 Ita
355 2482 573 2529 periculum
598 2484 653 2520 est
678 2491 725 2518 ne
745 2482 834 2528 fiat,
865 2492 985 2528 quum
1011 2480 1081 2516 tibi
1106 2480 1277 2526 speraris
1306 2479 1473 2525 opimam
1505 2478 1673 2525 lcucdem,
1698 2497 1710 2517 2
1741 2496 1755 2526 ,-

78 2539 211 2576 minus
244 2549 288 2574 ea:
318 2539 382 2575 tuo
416 2537 514 2574 libro
548 2536 694 2584 referas
724 2536 869 2584 ylorz’ae
897 2546 1014 2581 qnam
1046 2533 1238 2571 Latomus
1266 2534 1414 2570 rettulit
1442 2545 1488 2570 eat
1514 2545 1583 2571 suo
1614 2534 1677 2572 illo

67 2592 221 2640 friyiclo
241 2592 415 2640 Dialoyo,
443 2591 484 2628 in
504 2602 576 2637 quo
586 2588 727 2636 ferunt
747 2592 867 2627 totam
888 2589 1141 2637 tlzeoloyorum
1161 2588 1349 2626 cohortem
1373 2587 1585 2626 desudasse.

122 2710 194 2739 225.
223 2700 288 2729 tibi
305 2704 373 2729 ante
390 2699 498 2729 fuerit
515 2700 588 2728 (ιιῑά.
607 2709 638 2728 α.
777 2697 849 2727 226.
878 2696 937 2726 Lei
957 2699 994 2727 E.
1132 2704 1206 2734 249.
1233 2695 1359 2726 dicunt
1377 2706 1396 2724 α
1414 2707 1420 2725 :
1448 2695 1616 2725 dictitant
1635 2698 1673 2725 E.

79 2754 153 2784 250.
180 2743 280 2783 ἐρήμῃ
297 2745 334 2773 E.
490 2751 562 2780 251.
583 2751 694 2781 quum
713 2752 752 2771 a:
778 2750 857 2770 cum
877 2742 916 2770 E.
1081 2748 1158 2778 259.
1183 2739 1383 2769 alienarum
1396 2742 1446 2769 E:
1472 2739 1623 2769 aliarum
1643 2751 1672 2769 α.

79 2791 153 2826 265,
181 2796 290 2826 quum
308 2797 350 2816 a:
375 2793 413 2816 vt
432 2795 513 2816 cum
530 2788 569 2815 E.

121 2908 196 2937 230.
219 2895 423 2937 supp<llex]
449 2895 500 2927 Cf.
521 2895 617 2926 Pers.
637 2907 666 2933 4.
684 2904 740 2933 52.
903 2893 1015 2922 ·lv‹·s
1039 2892 1129 2922 from
1148 2892 1301 2923 seculare
1325 2893 1370 2932 by
1387 2892 1448 2922 the
1471 2891 1674 2931 duplic-ital

123 2952 197 2981 245
221 2939 474 2980 tumultu-iric]
492 2939 544 2970 Cf.
563 2947 589 2976 1,
606 2948 637 2978 p.
658 2940 745 2977 3-6-
752 2948 799 2969 11.
906 2937 1013 2967 title·
1025 2936 1270 2975 C·111011ici1eg
1263 2935 1414 2966 ulares’.
1451 2936 1502 2966 Cf.
1520 2945 1558 2966 11.
1575 2935 1677 2973 65,6;

121 2987 196 3025 256.
221 2984 354 3023 duplex
379 3007 387 3014 .
415 3006 422 3013 .
451 3007 459 3014 .
483 2981 581 3023 mdo]
610 2982 684 3012 The
715 2981 847 3012 Austiu
907 2981 993 3020 1:an
1012 2990 1086 3018 447
1108 2980 1188 3018 189-
1172 2990 1246 3018 -90
1251 2961 1334 3018 718.
1355 2990 1395 3017 4-
1400 2989 1429 3018 5
1445 2979 1580 3017 838.1;
1605 2978 1675 3007 md

80 3026 438 3067 (1an0ns,xvl1ol1ke‹1
453 3030 489 3057 to
502 3026 636 3065 disting³
629 3026 720 3055 uish
735 3025 849 3056 thmn
906 3025 968 3054 the
986 3023 1169 3062 Colloquy,
1188 3026 1226 3052 I’
1214 3026 1395 3060 erewz'nata'o
1413 3022 1497 3063 (LB.
1519 3022 1539 3052 i.
1564 3022 1676 3061 7160)-

1699 322 1760 354 225

1699 591 1761 624 230

1698 863 1757 896 235

1697 1137 1759 1167 240

1697 2215 1758 2247 260
