1990 3353
233 269 297 301 425

314 143 396 183 228
781 143 1036 183 LETTERS
1075 144 1144 183 OF
1182 144 1447 184 ERASMUS

1791 144 1923 199 [1520-

317 254 460 293 nullus
488 253 614 303 lupus
642 267 829 303 vnquam
858 254 938 293 fuit
968 255 1169 293 deteriore
1197 254 1408 301 memoria,
1440 254 1557 293 nulla
1586 254 1741 305 pluma,
1773 256 1917 295 nullus

316 310 469 347 ventus
488 309 621 358 magis
641 311 879 346 constanter
892 309 1146 347 inconstans.

234 541 299 571 450

234 807 296 838 435

235 1079 299 1109 440

236 1352 297 1382 445

235 1629 299 1660 450

234 1894 296 1925 455

235 2160 299 2200 460

234 2425 297 2467 465

371 363 465 401 Iam
485 363 592 413 quod
614 364 671 400 ait
692 376 735 401 se
757 365 830 401 tuo
852 363 1025 401 consilio
1051 364 1180 402 fuisse
1206 363 1451 412 pariturum,
1475 362 1557 402 nisi
1582 363 1689 402 liber
1714 364 1797 402 iam
1824 367 1916 403 tum

316 417 463 455 fuisset
492 418 535 455 in
565 417 759 455 manibus
793 417 1066 467 typographi;
1106 418 1287 456 demiror
1320 417 1556 464 admodum,
1591 431 1721 466 quum
1754 420 1915 457 tantam

316 471 405 509 vim
427 471 610 509 obtineat
630 471 738 520 apud
759 471 882 509 illum
903 472 970 510 vel
991 472 1103 510 solus
1122 476 1251 510 nutus
1272 472 1526 519 Erasmicus,
1541 474 1628 510 tam
1648 472 1738 510 leue
1752 473 1918 521 pondus

317 524 511 564 habuisse
549 525 818 563 monitoriam
855 525 1086 575 epistolam,
1123 528 1169 564 vt
1202 526 1340 575 potius
1378 539 1497 563 suam
1537 526 1693 564 famam
1729 529 1915 576 pergeret

317 579 518 617 infamare
553 582 640 617 tam
669 579 825 618 furioso
859 580 1014 628 libello,
1046 580 1287 630 praesertim
1322 580 1560 618 siticulosus
1592 580 1759 630 gloriae,
1792 594 1916 631 quam

318 634 506 682 perderet
533 633 766 683 pauxillum
792 634 1011 684 pecuniae:
1042 634 1167 672 homo
1197 633 1275 681 cui,
1302 636 1349 672 vt
1377 633 1509 684 ipsius
1534 634 1674 672 verbis
1696 636 1800 682 vtar,
1831 648 1915 673 non

316 688 452 726 victus
479 689 550 726 aut
577 688 754 726 vestitus
783 688 921 736 modo,
954 689 1024 727 sed
1060 688 1318 727 famulitium
1354 701 1516 738 quoque
1549 690 1673 739 atque
1708 690 1917 738 equitatus

316 741 496 792 insuper,
519 745 559 780 et
580 756 776 780 crumena
795 742 973 793 denique
993 756 1154 791 semper
1172 755 1263 780 aere
1283 742 1422 792 grauis
1441 743 1626 781 abundet
1642 757 1652 790 ;
1681 743 1747 781 cui
1767 743 1918 782 domus

317 796 403 834 sint
426 798 468 835 et
482 796 650 844 hortuli,
670 797 714 834 in
735 810 837 846 quos
854 797 1004 846 Apollo
1024 810 1069 835 ac
1085 797 1227 835 Musae
1247 810 1401 845 omnes,
1422 797 1503 834 nisi
1518 797 1686 835 Brixius
1702 798 1916 846 pessulum

317 849 441 890 obdat
461 850 611 899 hostio,
635 851 803 900 cupiant
825 851 967 890 relicto
988 851 1172 889 Parnaso
1197 864 1365 900 prorsus
1390 851 1638 900 immigrare.
1699 851 1754 890 Et
1772 853 1917 890 tamen

318 904 448 943 miror
467 905 501 943 si
521 905 600 943 tibi
620 905 766 944 fuisset
785 906 1002 955 pariturus,
1027 905 1100 955 qui
1117 919 1162 943 re
1181 905 1315 943 adhuc
1336 905 1496 955 integra
1515 905 1638 943 toties
1665 906 1914 953 admonitus,

317 972 450 1009 neque
479 959 648 998 Budaeo
676 973 810 1010 neque
841 960 1017 998 Beraldo
1047 972 1178 1009 neque
1207 959 1372 998 Lascari
1401 972 1534 1009 neque
1568 959 1745 998 Deloino
1773 973 1917 1010 parere

317 1014 462 1059 voluit,
491 1027 624 1063 neque
653 1014 998 1052 reuerendissimo
1030 1014 1250 1061 Cardinali,
1285 1013 1355 1063 qui
1388 1026 1521 1063 nuper
1552 1014 1655 1053 obiit
1687 1014 1734 1052 in
1765 1013 1913 1053 Gallia.

318 1068 535 1107 Caeterum
568 1070 615 1107 vt
646 1068 847 1106 bonitatis
878 1068 1006 1107 fuisse
1043 1068 1197 1106 iudicat
1235 1068 1344 1117 quod
1383 1067 1602 1106 Antimori
1640 1068 1918 1107 dehortareris

317 1121 554 1169 editionem,
582 1123 641 1160 ita
671 1123 754 1160 nisi
780 1123 965 1172 probaris
992 1122 1161 1170 editam,
1188 1121 1310 1172 plane
1338 1122 1421 1160 iam
1451 1124 1492 1160 te
1520 1125 1660 1161 censet
1686 1121 1915 1161 iniustum:

318 1176 385 1226 qui
411 1176 523 1215 aliud
551 1178 615 1215 ius
641 1176 705 1214 illi
732 1190 844 1215 nunc
871 1177 979 1215 dicas
1006 1177 1051 1214 in
1079 1190 1158 1223 me,
1180 1177 1293 1215 aliud
1319 1177 1364 1214 in
1390 1176 1571 1215 Fabrum
1597 1176 1699 1215 olim
1722 1177 1915 1220 statueris

318 1229 407 1269 tibi.
468 1230 552 1269 Nec
581 1231 726 1269 dubito
756 1231 857 1281 quin
886 1231 966 1269 sibi
998 1230 1189 1269 videatur
1222 1232 1367 1269 acutus
1400 1230 1625 1269 admodum
1658 1231 1839 1278 Brixius‚
1873 1233 1916 1269 et

317 1284 474 1334 peritus
492 1284 749 1333 iudiciorum,
775 1285 847 1335 qui
866 1287 907 1324 te
927 1287 1013 1324 tam
1034 1285 1151 1335 graui
1170 1286 1348 1335 stringat
1367 1285 1630 1334 praeiudicio,
1654 1287 1702 1323 vt
1720 1285 1765 1324 ni
1783 1286 1917 1324 videri

317 1338 422 1379 velis
441 1339 632 1386 iniustus,
655 1340 854 1378 aduersus
873 1353 969 1378 eum
991 1339 1264 1390 pronunciare
1284 1352 1369 1377 non
1387 1339 1531 1389 possis.

372 1394 472 1444 Ego,
504 1394 563 1432 mi
597 1395 779 1442 Emsme,
812 1394 936 1444 (quod
976 1394 1097 1432 sicuti
1134 1394 1241 1444 apud
1282 1406 1427 1432 omnes
1464 1393 1672 1442 profiteor,
1711 1393 1770 1432 sic
1807 1394 1916 1443 apud

319 1447 532 1486 neminem
552 1448 751 1486 libentius
770 1448 966 1498 profiteor
986 1461 1112 1498 quam
1130 1448 1239 1498 apud
1263 1450 1328 1495 te3
1357 1448 1477 1486 cuius
1503 1447 1691 1486 animum
1717 1448 1795 1486 hac
1819 1461 1919 1487 sane

316 1504 434 1553 parte
464 1503 645 1552 comperi
674 1502 842 1552 penitus
875 1504 1109 1552 conspirare
1142 1515 1238 1541 cum
1271 1503 1380 1552 meo)
1413 1501 1610 1540 Iacobum
1644 1501 1826 1540 Fabrum
1859 1503 1917 1541 sic

317 1556 503 1605 obseruo,
536 1557 727 1606 suspicio,
760 1570 946 1605 veneror,
977 1557 1182 1607 quomodo
1210 1557 1351 1595 virum
1381 1556 1507 1594 debeo
1536 1569 1616 1605 quo
1646 1569 1730 1594 non
1759 1557 1916 1606 aliquot

318 1613 415 1649 ante
435 1610 610 1649 saeculis
631 1611 771 1649 extitit
788 1611 1008 1661 quisquam
1034 1610 1165 1650 literis
1192 1624 1238 1649 ac
1264 1611 1420 1649 virtute
1444 1610 1743 1649 venerabilior:
1773 1611 1844 1661 qui
1864 1624 1915 1649 an

316 1665 413 1714 plus
439 1665 609 1703 adnisus
636 1666 706 1711 sit,
729 1668 776 1703 vt
803 1668 963 1715 praeter
990 1679 1196 1704 sacrarum
1222 1665 1438 1704 literarum
1465 1665 1664 1714 studium,
1694 1665 1739 1702 in
1765 1665 1917 1715 quibus

317 1719 578 1758 illustrandis
611 1720 770 1757 vtiliter
804 1722 865 1758 est
897 1722 1097 1768 versatus,
1131 1719 1291 1758 scholas
1324 1719 1546 1773 aliquando
1579 1719 1630 1757 ab
1662 1719 1805 1769 inepta
1837 1719 1917 1758 ista

316 1773 558 1823 garrulitate
587 1776 709 1823 atque
736 1774 927 1812 absurdis
955 1773 1130 1824 argutiis
1159 1774 1210 1812 ad
1239 1773 1417 1812 sobriam
1447 1786 1493 1811 ac
1522 1786 1712 1812 seueram
1741 1773 1917 1822 philoso-

315 1827 459 1877 phiam
493 1830 617 1878 atque
651 1829 701 1866 ad
736 1828 946 1878 neglectas
980 1828 1137 1867 iamdiu
1178 1827 1419 1877 disciplinas
1456 1827 1699 1874 traduceret,
1737 1828 1912 1878 ambigo.

318 1882 428 1931 Quae
462 1895 528 1920 res
560 1883 660 1920 adeo
694 1883 737 1920 in
772 1883 959 1921 confesso
992 1885 1066 1930 est,
1100 1884 1146 1921 vt
1180 1882 1212 1919 ii
1245 1895 1406 1932 quoque
1444 1895 1640 1931 perquam
1675 1881 1918 1920 honorificis

316 1936 483 1975 calculis
501 1937 566 1974 illi
585 1939 835 1975 attestentur
854 1937 897 1975 in
918 1950 1092 1984 summa,
1116 1936 1187 1987 qui
1206 1937 1257 1974 ab
1278 1950 1323 1974 eo
1347 1936 1588 1986 longissime
1614 1936 1659 1973 in
1685 1949 1768 1974 vno
1794 1938 1917 1986 atque

317 1990 445 2029 altero
483 1991 695 2029 interdum
735 1992 844 2029 dicto
882 1991 1164 2038 dissentiunt3
1208 2004 1282 2029 nec
1315 1990 1396 2028 alia
1435 2004 1478 2028 re
1510 1990 1725 2040 prouocati
1759 1992 1912 2037 tamen,

318 2058 440 2095 quam
462 2045 570 2095 quod
593 2045 724 2083 Faber
744 2045 957 2094 quaedam,
976 2047 1023 2084 vt
1042 2045 1207 2084 videtur
1225 2044 1382 2091 multis,
1401 2057 1502 2094 quae
1519 2044 1627 2083 dicta
1646 2058 1692 2082 ac
1709 2043 1917 2094 disputata

316 2100 566 2138 moderatius
585 2099 855 2138 offendissent
875 2100 1098 2148 neminem,
1122 2100 1248 2137 nimis
1273 2098 1484 2149 aliquanto
1505 2098 1667 2136 fortiter
1689 2101 1911 2146 asseueret‚

316 2167 360 2192 ac
380 2154 534 2192 maiore
555 2167 680 2203 quam
700 2167 773 2204 par
793 2154 847 2192 sit
868 2154 1133 2192 contentione
1154 2152 1323 2191 definiat
1340 2167 1348 2191 :
1378 2153 1434 2192 ita
1453 2153 1582 2191 bonos
1607 2153 1721 2191 viros
1746 2153 1915 2203 plerun-

318 2221 396 2257 que
416 2208 583 2257 longius
603 2209 697 2257 pius
718 2208 888 2258 quidam
908 2209 1047 2246 feruor
1065 2208 1244 2246 abducit.

371 2262 527 2300 Verum
557 2275 681 2312 quam
711 2262 822 2300 nihil
855 2262 1005 2301 habeat
1035 2261 1171 2300 simile
1199 2264 1272 2299 tua
1301 2261 1484 2299 defensio
1515 2273 1609 2298 cum
1639 2261 1742 2299 istac
1775 2261 1915 2299 absur-

318 2316 489 2354 dissima
523 2316 689 2366 querela
722 2316 868 2364 Brixii,
905 2316 1065 2354 nemini
1104 2318 1237 2366 potest
1277 2328 1365 2353 esse
1403 2315 1588 2360 dubium,
1626 2314 1708 2352 nisi
1747 2315 1813 2353 cui
1851 2328 1914 2353 res

316 2383 484 2420 prorsus
505 2371 582 2409 erit
606 2371 761 2420 ignota.
823 2371 1102 2420 Quamobrem
1128 2369 1349 2408 consilium
1374 2382 1457 2406 non
1485 2371 1548 2407 est
1574 2369 1686 2407 hunc
1711 2368 1915 2419 explicare

317 2425 466 2471 locum,
485 2426 525 2462 et
544 2438 711 2463 causam
733 2438 829 2463 cum
851 2438 979 2472 causa,
998 2424 1162 2463 libellos
1182 2437 1278 2462 cum
1298 2423 1454 2462 libellis
1473 2422 1669 2471 conferre,
1693 2423 1809 2473 quasi
1829 2436 1913 2461 non

969 2517 1044 2556 438.
1070 2516 1223 2547 Baraldo
1240 2528 1271 2546 α.

1149 2598 1300 2636 Fecump
1328 2606 1432 2635 1505;
1458 2596 1664 2627 Councillor
1687 2596 1726 2626 of
1747 2596 1809 2626 the
1835 2596 1915 2626 Par-

360 2609 432 2638 425.
463 2599 580 2639 lupus]
605 2600 655 2629 As
679 2600 740 2629 the
766 2601 848 2639 type
874 2599 912 2629 of
933 2599 1080 2639 iugrati-

1149 2642 1302 2671 liament
1345 2642 1383 2671 at
1427 2640 1551 2670 Rouen
1593 2649 1701 2678 15073
1746 2639 1837 2678 Abp.
1880 2639 1920 2669 of

318 2643 422 2673 tude:
449 2642 491 2673 cf.
509 2645 612 2681 Adasy.
637 2644 729 2673 1086.

360 2696 434 2725 427.
460 2686 553 2724 quod
571 2686 638 2725 ait]
666 2687 727 2726 Ep.
748 2696 840 2725 1045.
859 2687 956 2717 20-6.

359 2739 433 2768 432.
461 2729 594 2770 verbis]
621 2731 682 2769 Ep.
702 2739 794 2768 1045.
816 2730 951 2768 118-24.

360 2783 432 2812 437.
460 2773 685 2813 admonitus]
710 2774 762 2804 On
780 2774 818 2803 f0.
840 2772 879 2804 C*
895 2776 933 2803 v⁰
961 2773 999 2803 of
1020 2772 1082 2803 the

316 2819 503 2847 Autimorus
527 2817 670 2847 Brixius
693 2817 836 2856 appoals
860 2817 913 2847 for
936 2818 1083 2855 support-

318 2863 353 2891 to
371 2860 432 2890 the
450 2860 636 2900 authority
649 2861 685 2891 of
699 2860 874 2900 Budaeus,
891 2860 1083 2899 Deloynes,

317 2903 387 2934 and
406 2904 574 2934 Lasearis.

361 2957 435 2986 439.
462 2947 667 2988 cardinali]
700 2947 850 2985 Antony
881 2946 1017 2977 Bohier
1049 2945 1087 2976 of

318 2991 444 3022 Issoire
455 2991 493 3021 in
506 2991 694 3030 Auvergne
711 3001 718 3029 3
741 2990 859 3020 Abbot
873 2989 910 3020 of
919 2990 970 3021 St.
983 2990 1083 3020 Ouen

317 3037 353 3065 at
371 3034 494 3065 Rouen
516 3043 714 3074 1492-1515‚
733 3033 770 3064 of
788 3034 918 3064 Issoire
938 3043 1030 3073 1499,
1051 3033 1088 3063 of

1149 2685 1305 2723 Bourges
1334 2692 1437 2722 1515;
1462 2683 1631 2714 Cardinal
1652 2693 1665 2713 1
1684 2683 1787 2722 April
1809 2692 1914 2721 15173

1150 2729 1172 2763 †
1186 2737 1225 2766 27
1253 2728 1338 2758 Nov.
1372 2737 1466 2766 1519,
1486 2729 1523 2757 at
1543 2727 1650 2757 Blois.
1700 2726 1763 2757 See
1784 2726 1852 2757 GC.
1873 2727 1909 2756 ii.

1149 2782 1205 2810 94,
1221 2780 1296 2810 359,
1314 2772 1359 2802 xi.
1385 2780 1455 2809 153,
1476 2780 1548 2808 213.
1585 2771 1616 2800 A
1634 2770 1793 2800 member
1805 2770 1844 2800 of
1857 2769 1914 2800 his

1150 2814 1347 2845 household
1360 2824 1431 2844 was
1450 2814 1510 2845 the
1525 2813 1645 2844 future
1661 2814 1754 2852 poet,
1768 2813 1914 2844 Salmon

1151 2858 1296 2897 Macrin,
1309 2858 1390 2888 who
1403 2867 1474 2887 was
1488 2858 1655 2888 intimate
1665 2857 1756 2886 with
1770 2856 1916 2886 Brixius

1151 2901 1221 2932 and
1254 2901 1482 2932 contributed
1514 2910 1608 2931 some
1636 2909 1752 2930 verses
1785 2901 1820 2930 to
1854 2899 1913 2930 the

1150 2947 1336 2975 Amimorus
1351 2956 1357 2975 z
1381 2955 1437 2975 see
1454 2943 1542 2975 ΒΕ*
1558 2954 1590 2983 p.
1609 2944 1691 2974 88n.

1195 2999 1269 3026 440.
1299 2988 1447 3027 iudicat]
1468 2989 1529 3027 Ep.
1552 2996 1644 3025 1045.
1667 2995 1781 3024 14-20.

1195 3043 1266 3070 442.
1293 3032 1392 3062 aliud
1411 3030 1479 3071 ius]
1506 3031 1557 3062 Cf.
1577 3031 1638 3071 Ep.
1661 3040 1754 3069 1045.
1771 3030 1866 3068 65-6.
