1990 3353
112 126 234 180 1233]
566 128 636 166 TO
674 126 941 165 WILLIAM
981 125 1255 165 BUDAEUS
1636 125 1715 163 577

109 238 271 285 medici,
295 237 366 288 qui
395 250 541 287 corpus
568 236 649 275 sibi
678 236 882 275 traditum
911 237 1095 286 primum
1125 235 1331 284 inaniunt,
1354 248 1451 273 mox
1472 234 1650 284 implent
1672 248 1715 273 ac

110 294 330 342 vegetant:
360 305 436 330 nec
469 291 614 329 dubito
647 291 750 341 quin
782 291 898 329 Moro
938 293 1080 329 nostro
1110 290 1251 329 simile
1284 289 1496 339 quippiam
1526 289 1716 328 acciderit
1738 300 1777 330 45

110 347 323 385 hactenus.
384 346 493 394 Quid
512 345 590 383 tibi
609 345 772 383 venerit
793 357 880 392 vsu,
905 347 995 383 tute
1016 344 1168 383 melius
1188 345 1310 383 nosti.
1370 344 1424 381 Et
1445 346 1585 381 tamen
1607 343 1718 381 illius

111 400 416 450 benignitatem
436 402 659 439 senserunt
679 399 856 448 ingenia,
880 412 1011 449 quum
1038 399 1139 437 adeo
1166 412 1249 436 non
1276 398 1503 436 abundaret
1525 397 1588 435 illi
1609 398 1716 447 quod

110 455 341 504 largiretur,
365 456 411 492 vt
430 467 521 492 aere
541 456 782 503 grauaretur
801 453 948 491 alieno.

167 509 252 547 Nec
280 509 355 546 hac
384 510 502 557 parte
531 508 667 546 solum
697 509 817 545 ornat
845 507 991 554 studia,
1015 507 1124 556 quod
1149 507 1236 556 ipse
1263 506 1526 544 doctissimus
1547 506 1719 544 candide

111 563 223 602 fauet
252 562 384 601 doctis
413 562 619 611 omnibus,
651 562 925 600 verumetiam
954 561 1062 610 quod
1094 561 1333 599 vniuersam
1362 560 1566 598 familiam
1596 560 1719 598 hone·
1740 570 1782 602 50

112 617 312 656 stissimis
332 617 548 655 literarum
569 616 722 655 studiis
750 615 1018 654 excolendam
1048 618 1175 661 curat,
1200 628 1310 652 nouo
1331 615 1499 663 quidem
1520 615 1720 652 hactenus

112 671 311 721 exemplo,
346 671 416 709 sed
457 671 565 720 quod
597 670 716 708 breui
746 670 901 720 plures,
937 669 1018 707 nisi
1055 669 1190 716 fallor,
1226 668 1311 707 sint
1345 668 1576 706 imitaturi:
1621 669 1720 706 adeo

113 726 293 764 feliciter
325 726 517 764 succedit.
578 724 718 763 Habet
752 724 859 762 filias
892 724 1002 770 treis,
1035 736 1210 773 quarum
1246 723 1429 760 maxima
1467 726 1583 770 natu,
1618 723 1721 761 Mar-

111 782 263 831 gareta,
287 779 370 818 iam
390 781 520 828 nupta
539 782 602 817 est
628 778 785 826 iuueni,
811 779 997 828 plimum
1017 777 1148 823 beato,
1172 777 1319 815 deinde
1338 776 1526 815 moribus
1545 754 1721 826 11119891·-

113 835 234 872 rimis
250 848 296 872 ac
312 834 638 896 modestissimis,
656 836 867 882 postremo
887 846 971 871 non
991 833 1127 870 alieno
1147 845 1170 870 a
1190 831 1345 870 nostris
1360 831 1521 869 studiis.
1565 831 1757 869 Omnes·
1741 839 1780 870 05

113 902 136 927 a
156 888 312 927 teneris
330 888 454 926 annis
473 888 636 926 curauit
656 887 905 926 imbuendas
927 887 1114 937 primum
1135 886 1259 924 castis
1280 898 1325 924 ac
1346 885 1500 923 sanctis
1519 885 1718 924 moribus

114 943 263 981 deinde
279 942 544 992 politioribus
560 942 705 981 literis.
751 942 935 980 Filiabus
954 941 1088 979 tribus
1110 943 1299 990 quartam
1321 939 1511 978 adiunxit
1526 939 1721 989 puellam.

114 1011 239 1047 quam
262 996 533 1046 benignitatis
562 997 693 1046 gratia
720 996 806 1045 alit,
830 998 877 1035 vt
905 995 987 1034 illis
1018 996 1072 1033 sit
1101 995 1266 1034 sodalis.
1327 993 1466 1032 Habet
1484 994 1721 1044 priuignam

113 1052 221 1090 mira
257 1051 393 1089 forma
425 1064 598 1101 raroque
631 1051 802 1100 ingenio
839 1050 1032 1100 puellam,
1066 1062 1198 1087 annos
1231 1049 1316 1087 iam
1349 1048 1509 1098 aliquot
1547 1050 1721 1097 nuptam

113 1106 256 1144 iuueni
272 1119 357 1144 non
374 1106 553 1152 indocto,
571 1105 641 1144 sed
658 1105 776 1144 cuius
796 1105 983 1143 moribus
1005 1103 1109 1142 nihil
1131 1104 1186 1142 sit
1206 1103 1340 1153 magis
1356 1116 1539 1140 aureum.
1584 1102 1723 1140 Habet
1741 1107 1784 1139 60

113 1160 249 1198 filium
269 1173 319 1198 ex
339 1173 463 1198 vxore
482 1160 629 1210 priore,
655 1162 803 1198 natum
832 1172 964 1198 annos
993 1159 1089 1208 plus
1116 1160 1258 1196 minus
1278 1157 1486 1203 tredecim,
1511 1170 1560 1194 ex
1581 1157 1722 1195 liberis

113 1216 218 1252 natu
237 1214 477 1252 minimum.

169 1269 282 1307 Ante
317 1281 475 1306 annum
506 1269 644 1306 visum
683 1270 748 1307 est
781 1268 897 1306 Moro
931 1268 1038 1305 mihi
1076 1267 1285 1316 specimen
1318 1265 1482 1315 aliquod
1515 1265 1721 1311 exhibere,

116 1325 321 1373 quantum
351 1323 397 1361 in
426 1323 559 1361 literis
587 1323 868 1373 profecissent.
931 1321 1059 1360 Iussit
1079 1326 1123 1360 vt
1152 1334 1298 1359 omnes
1321 1321 1371 1358 ad
1396 1334 1462 1358 me
1483 1320 1722 1366 scriberent,

65 1382 78 1393 ⁴
115 1380 157 1416 et
178 1378 347 1428 quidem
373 1391 447 1416 suo
472 1377 648 1427 quisque
660 1377 810 1427 Marte.
870 1376 954 1414 Nec
985 1378 1278 1426 algumentum
1309 1377 1370 1413 est
1397 1375 1721 1424 suppeditatum,
1744 1379 1784 1420 65

70 1442 74 1445 ’
115 1445 191 1470 1190
212 1432 257 1469 111
284 1445 474 1471 sermone
504 1432 726 1482 quicquam
756 1433 816 1470 est
847 1434 1088 1469 cor·.1ectum
1145 1429 1317 1468 Etenim
1348 1442 1443 1467 cum
1470 1429 1535 1467 1111
1555 1429 1725 1467 schedas

116 1486 368 1525 obtulissent
387 1486 495 1536 patri
515 1486 785 1536 castigandas,
810 1486 883 1524 ille
903 1486 1020 1524 velut
1040 1486 1222 1524 offensus
1242 1484 1505 1522 incommoda
1524 1484 1726 1532 scriptura

114 1540 237 1579 iussit
255 1543 302 1579 vt
322 1541 465 1579 eadem
485 1541 714 1579 accuratius
733 1554 778 1579 ac
800 1540 944 1590 purius
964 1540 1254 1578 describerent.
1314 1538 1364 1576 Id
1385 1538 1456 1576 vbi
1475 1539 1630 1576 factum
1651 1539 1723 1584 est,

115 1608 169 1633 ne
201 1595 362 1645 syllaba
399 1595 568 1644 quidem
606 1597 766 1633 mutata
796 1595 937 1632 literas
971 1594 1205 1644 obsignatas
1234 1593 1285 1631 ad
1314 1606 1381 1630 me
1410 1592 1536 1630 misit.
1598 1592 1726 1630 Crede

116 1649 236 1696 mihi,
259 1649 437 1698 Budaee,
468 1649 578 1688 nihil
608 1663 734 1699 aeque
767 1662 862 1687 sum
892 1649 1133 1687 admiratus.
1194 1647 1246 1684 In
1278 1647 1469 1685 sensibus
1500 1646 1609 1683 nihil
1640 1649 1726 1684 erat
1747 1656 1786 1688 70

117 1704 307 1753 ineptum
328 1705 399 1742 aut
419 1703 601 1753 puellare
618 1718 627 1750 ;
655 1717 792 1742 sermo
812 1703 908 1742 talis
929 1706 974 1742 vt
1003 1703 1177 1741 sentires
1204 1715 1292 1740 esse
1313 1701 1498 1751 quotidie
1518 1700 1726 1750 proficien-

117 1760 237 1797 tium.
288 1758 414 1796 Hunc
434 1759 610 1797 chorum
630 1758 853 1797 amabilem
873 1771 954 1796 vna
974 1771 1068 1795 cum
1089 1756 1253 1806 sponsis
1273 1756 1433 1794 duobus
1454 1755 1566 1793 domi
1587 1755 1723 1793 hahet.

117 1813 289 1851 Nullam
309 1812 397 1851 illic
412 1813 575 1852 videbis
594 1813 786 1859 ociosam,
804 1811 969 1850 nullam
989 1812 1158 1861 ineptiis
1178 1810 1451 1848 muliebribus
1472 1812 1723 1858 occupatam.

117 1867 212 1906 Illis
232 1867 278 1906 T.
299 1866 446 1905 Liuius
472 1870 536 1906 est
565 1867 610 1905 in
639 1867 840 1906 manibus.
901 1866 1010 1904 Nam
1041 1880 1088 1904 eo
1118 1877 1355 1915 progressae
1381 1866 1479 1902 sunt
1500 1866 1544 1901 vt
1564 1865 1727 1901 autores

116 1921 360 1960 huiusmodi
381 1922 520 1971 legant
541 1925 581 1960 et
601 1921 840 1971 intelligant
860 1921 963 1959 citra
982 1921 1262 1970 interpretem,
1286 1918 1367 1956 nisi
1388 1918 1423 1956 si
1444 1918 1551 1968 quod
1573 1918 1727 1955 incidat
1749 1929 1787 1961 75

117 1976 292 2015 verbum
320 1977 429 2025 quod
460 1989 527 2014 me
556 1989 718 2025 quoque
746 1976 935 2014 fortassis
966 1977 1036 2013 aut
1067 1975 1150 2013 mei
1179 1973 1363 2012 similem
1391 1973 1526 2010 fuerat
1554 1985 1728 2010 remora-

115 2032 271 2068 turum.

173 2084 288 2122 onr
315 2085 486 2134 ingenio
513 2085 649 2134 magis
677 2098 723 2123 ac
752 2097 893 2123 rerum
919 2097 997 2122 vsu
1026 2096 1152 2134 quam
1181 2082 1414 2121 eruditione
1439 2080 1596 2127 v‚alens
1623 2080 1728 2118 mira

119 2138 365 2177 dexteritate
384 2139 624 2177 moderatur
643 2152 768 2177 omne
797 2138 1030 2187 collegium,
1054 2138 1296 2197 ἐργοὸιωκτου
1315 2135 1545 2185 cuiuspiam
1566 2135 1727 2173 vicibus

119 2193 310 2242 fungens,
342 2206 519 2243 pensum
553 2194 702 2244 cuique
734 2193 1017 2253 praescribens
1050 2195 1174 2242 atque
1211 2203 1389 2241 exigens,
1421 2203 1554 2239 neque
1585 2189 1727 2228 sinens
1748 2192 1790 2223 80

120 2260 273 2286 cessare
292 2261 531 2298 quenquam
551 2262 625 2286 nec
644 2248 807 2286 friuolis
827 2246 1028 2308 occupari.

175 2301 292 2341 Soles
321 2302 366 2340 in
395 2302 532 2341 literis
560 2303 644 2341 tuis
673 2301 852 2341 subinde
885 2301 1002 2351 queri
1036 2301 1145 2351 quod
1178 2303 1251 2339 tua
1285 2312 1406 2338 causa
1434 2298 1542 2336 male
1571 2297 1728 2336 audiret

121 2355 358 2406 philologia,
384 2370 487 2406 quae
515 2356 594 2395 tibi
624 2358 706 2396 duo
735 2356 846 2395 mala
874 2356 1144 2404 conciliasset,
1171 2353 1424 2393 valetudinis
1452 2365 1496 2391 ac
1526 2352 1584 2390 rei
1613 2353 1728 2390 fami-

165 2499 217 2529 57.
244 2488 420 2530 puellam]
453 2488 629 2528 Margaret
661 2488 787 2527 Giggs;
832 2496 889 2517 see
1005 2495 1054 2523 74.
1084 2484 1223 2526 Liuius]
1251 2483 1318 2514 For
1345 2493 1362 2513 a
1390 2485 1509 2513 recent
1534 2482 1682 2519 edition,
1710 2491 1726 2511 a

123 2533 185 2572 Ep-
204 2543 279 2572 999·
300 2542 397 2571 17411-
862 2574 868 2579 ,

144 2578 197 2616 58.
226 2575 449 2618 priuignam]
466 2575 579 2615 Alice,
599 2574 755 2606 married
780 2576 816 2605 to
834 2574 891 2605 Sn·

122 2620 230 2660 Gyles
247 2620 423 2660 Alington
441 2631 448 2658 ;
471 2630 529 2650 see
545 2620 610 2650 her
628 2619 732 2649 letter
748 2620 785 2648 to
799 2618 891 2648 Mar·

122 2666 220 2704 garet
244 2664 371 2704 Roper,
391 2673 428 2702 17
446 2664 536 2703 Aug.
557 2671 651 2702 1534,
677 2661 826 2702 printed
851 2663 890 2691 in

123 2707 251 2739 More's
268 2707 417 2747 English
439 2709 572 2744 Workes,
596 2715 688 2745 1557,
707 2715 741 2745 p.
759 2715 852 2743 1433.

165 2752 219 2782 61.
245 2751 431 2791 tredecim]
469 2751 523 2782 On
563 2750 638 2781 this
676 2749 891 2780 calculation

122 2794 220 2825 John
251 2794 347 2825 More
377 2803 451 2825 was
480 2795 567 2824 born
601 2804 628 2824 e.
666 2794 760 2832 1508.
821 2793 892 2823 But

124 2839 305 2869 Erasmus’
316 2847 477 2877 memory
487 2837 542 2868 for
555 2836 684 2876 figures
694 2846 766 2867 was
778 2836 894 2874 weak;

123 2883 165 2913 cf.
185 2882 248 2921 Ep.
270 2883 354 2920 1098
372 2881 503 2913 introd.

168 2935 219 2964 72·
245 2924 400 2965 sponsis]
422 2925 649 2965 Apparently
664 2924 760 2955 Wm.
778 2923 893 2962 Roper

123 2969 196 3000 and
234 2969 353 3000 either
387 2968 482 2999 Wm.
523 2968 669 2999 Daunce
715 2977 754 2998 or
795 2967 894 2998 Giles

125 3013 273 3050 Heron;
297 3013 340 3044 cf.
360 3013 424 3053 Ep.
440 3021 771 3052 999.174n,175nn,
792 3012 892 3048 18711.

187 3079 262 3101 45²4

961 2539 1049 2569 copy
1078 2528 1116 2558 of
1143 2527 1264 2557 which
1293 2527 1460 2557 Erasmus
1493 2525 1608 2565 might
1640 2525 1730 2555 have

960 2575 1067 2614 given
1086 2574 1123 2602 to
1142 2572 1247 2609 More,
1267 2581 1324 2601 see
1342 2571 1405 2610 Ep.
1423 2580 1499 2609 919.

1005 2627 1055 2655 79.
1074 2613 1303 2655 ἑργοδιώκτου]
1313 2614 1387 2644 The
1396 2614 1610 2653 Septuamnt
1617 2612 1713 2642 word
1726 2623 1732 2649 ς

959 2659 1159 2691 translated
1182 2659 1385 2688 ‘overseer
1405 2667 1443 2688 or
1463 2657 1728 2688 ‘·tiskmasttr.

961 2705 1032 2735 But
1070 2704 1241 2734 Erasmus
1281 2701 1363 2732 took
1402 2701 1462 2732 the
1501 2700 1600 2731 word
1639 2702 1690 2730 iro
1685 2710 1727 2729 »m

961 2748 1090 2787 Origcn
1109 2747 1189 2776 who
1213 2755 1293 2775 uses
1317 2746 1346 2776 it
1370 2744 1409 2775 of
1430 2745 1601 2775 Ambrose
1624 2743 1726 2783 (pres.

962 2794 998 2822 to
1023 2791 1091 2822 vol.
1120 2800 1142 2819 v
1167 2789 1205 2819 of
1224 2789 1321 2819 John
1348 2789 1504 2828 Evang.:
1536 2788 1656 2826 Migne
1682 2787 1726 2816 iv.

963 2834 1027 2865 col.
1040 2834 1113 2873 185)
1133 2844 1140 2871 ;
1157 2843 1213 2863 see
1225 2833 1404 2863 Erasmus'
1418 2835 1499 2862 note
1514 2842 1560 2862 on
1574 2831 1726 2864 Jerome,

963 2880 1021 2915 Ep.
1041 2879 1093 2908 60.
1110 2887 1122 2906 1
1140 2877 1224 2917 (vol.
1244 2877 1265 2915 i,
1285 2886 1317 2916 p.
1338 2877 1390 2916 28,
1411 2877 1448 2906 in
1468 2876 1525 2906 his
1543 2875 1676 2905 edition
1696 2874 1733 2903 of

966 2931 1068 2961 1524:
1096 2921 1210 2951 notin
1232 2921 1343 2958 1516).

1006 2966 1058 2995 82.
1085 2965 1122 2994 in
1157 2962 1288 3002 Iltcris]
1322 2963 1373 2994 Cf.
1404 2963 1489 3002 Epp.
1523 2971 1598 3001 435.
1631 2961 1726 2999 57-8,

967 3018 1125 3048 100-133,
1147 3009 1220 3047 583.
1239 3016 1378 3046 95-115.

892 3079 960 3114 ΡΙ)
