1990 3353
286 107 368 148 248
751 112 1002 153 LETTERS
1041 114 1112 153 or
1150 114 1414 155 ERASMUS
1757 113 1885 168 [1520

289 219 539 269 displiceres.
601 221 661 260 Ne
682 222 782 271 quid
803 222 941 271 igitur,
962 223 1149 272 Erasme,
1169 225 1482 271 commouearis,
1501 225 1537 263 si
1563 223 1697 263 inuidi
1725 227 1766 262 et
1785 236 1882 262 vere

288 273 431 312 miseri
461 275 652 314 homines
682 276 837 325 seipsos
865 278 1093 326 torqueant,
1127 280 1169 316 et
1206 293 1280 317 suo
1319 279 1546 328 fungantur
1578 279 1721 326 officio,
1758 278 1883 327 idque

287 327 440 367 faciant
467 330 574 379 quod
602 343 817 379 nunquam
845 343 927 369 non
957 331 1126 371 faciunt.
1184 333 1299 371 Talia
1326 334 1440 371 enim
1469 347 1589 372 verae
1608 331 1779 371 virtutis
1803 331 1882 369 tibi

288 382 393 421 iacta
412 385 511 422 sunt
530 384 813 432 fundamenta,
836 384 961 424 talem
980 387 1198 435 probitatis
1218 389 1258 425 et
1278 387 1526 426 eruditionis
1546 388 1824 437 consequutus
1839 398 1884 424 es

209 452 270 475 110
289 436 654 485 existimationem,
678 440 724 476 vt
748 451 838 477 eam
864 440 1007 478 nullus
1035 440 1153 487 liuor,
1184 441 1375 491 quamuis
1402 442 1514 488 edax,
1537 441 1675 479 valeat
1700 440 1876 479 abolere.

287 491 442 529 Tantos
476 492 653 541 denique
684 505 730 531 ac
761 492 863 531 tales
893 494 1075 544 vndique
1111 495 1188 533 tibi
1218 495 1447 534 conciliasti
1477 495 1640 542 amicos,
1675 497 1723 534 vt
1752 494 1880 532 etiam

289 547 448 583 tacente
481 547 523 584 te
555 546 772 584 defendere
801 549 843 585 et
872 560 896 585 a
925 548 1219 588 sceleratorum
1250 550 1488 589 rabularum
1519 549 1684 588 iniuriis
1712 550 1754 587 et
1785 561 1881 587 con-

288 599 472 638 tumeliis
492 600 700 639 vindicare
719 601 880 650 possint
901 605 941 640 et
960 603 1150 641 audeant.

342 653 422 692 Sed
457 656 497 692 te
531 655 696 693 laudare
725 655 924 705 desinam,
957 669 1010 695 ne
1039 657 1148 696 Leus
1178 660 1397 708 rumpatur
1426 657 1612 702 inuidia;
1643 656 1709 695 cui
1737 669 1880 706 precor

209 719 268 751 115
287 706 451 746 lentum
482 721 526 747 ac
561 709 733 760 longum
767 710 952 757 exitium,
990 724 1070 760 quo
1101 712 1373 761 dignissimus
1406 715 1497 751 est:
1531 713 1567 750 si
1597 714 1737 749 tamen
1764 711 1883 760 prius

288 775 612 801 commemoraro
633 777 656 801 a
675 777 757 814 quo
784 764 956 803 crimine
982 767 1023 803 te
1050 779 1184 815 nuper
1213 767 1483 804 defenderim.
1542 767 1883 805 Conueneramus

288 816 483 867 plerique,
506 831 551 856 ac
577 818 688 856 inter
713 820 870 857 caetera
896 819 946 857 de
976 822 1016 858 te
1039 833 1174 858 sermo
1198 820 1355 859 incidit.
1416 820 1602 870 Cumque
1629 818 1823 858 nonnulli
1841 821 1882 857 te

288 872 441 920 tuaque
466 873 644 910 summis
670 872 918 911 extulissent
944 873 1149 922 laudibus,
1180 874 1468 913 sanctissimus
1494 875 1662 925 quidam
1692 874 1765 923 qui
1788 874 1879 911 tum

287 924 393 963 forte
414 926 565 974 aderat,
585 940 635 964 ex
656 927 943 965 mendicorum
963 941 1112 978 genere
1133 928 1360 979 theologus,
1379 929 1523 967 laudes
1542 932 1636 967 tuas
1655 927 1882 966 admodum

209 992 269 1015 120
287 980 458 1019 moleste
496 980 664 1027 ferebat,
705 994 750 1019 ac
788 981 965 1020 subinde
1003 982 1242 1022 concutiens
1280 986 1402 1033 caput
1436 983 1572 1021 nescio
1606 982 1704 1032 quid
1742 995 1884 1021 secum

287 1033 584 1073 cornicabatur.
645 1035 695 1073 Id
728 1036 927 1084 sentiens,
962 1050 1060 1087 rogo
1090 1037 1281 1087 nunquid
1314 1039 1422 1076 esset
1452 1037 1560 1087 quod
1592 1037 1637 1075 in
1672 1039 1712 1075 te
1741 1035 1884 1075 minus

287 1087 491 1136 probaret.
549 1089 608 1127 At
627 1089 695 1127 ille
715 1089 836 1128 vultu
857 1090 905 1128 ad
927 1091 1175 1140 grauitatem
1195 1092 1435 1141 composito,
1457 1091 1589 1130 multa
1608 1103 1698 1130 esse
1717 1103 1884 1140 respon-

288 1142 348 1180 dit
368 1156 472 1192 quae
492 1143 586 1193 quis
606 1143 755 1182 merito
776 1144 819 1181 in
841 1146 881 1182 te
902 1145 1234 1194 reprehenderet.
1293 1146 1399 1185 Cum
1431 1146 1541 1195 adigi
1565 1159 1650 1183 non
1676 1146 1816 1194 posset
1835 1147 1881 1183 vt

287 1210 417 1234 vnum
444 1198 652 1247 proferret,
690 1198 859 1236 tandem
889 1198 1206 1249 importunitate
1235 1213 1328 1238 mea
1357 1200 1552 1239 subactus
1584 1200 1790 1238 ‘Tametsi
1817 1199 1885 1236 de·

208 1266 244 1288 12
251 1267 268 1299 5
288 1263 498 1289 creueram
512 1251 522 1266 '
543 1251 680 1302 inquit
711 1254 720 1271 ‘
734 1252 864 1299 silere,
888 1255 1026 1291 tamen
1050 1255 1212 1304 quando
1233 1267 1300 1292 me
1318 1268 1450 1304 vrges,
1476 1267 1529 1292 ne
1558 1254 1652 1304 quis
1675 1266 1742 1291 me
1765 1256 1884 1303 putet

287 1304 448 1344 inuidia
476 1307 740 1345 stimulatum
768 1306 920 1345 dixisse
947 1308 1055 1357 quod
1083 1308 1180 1354 dixi,
1210 1309 1410 1347 Erasmus
1436 1309 1508 1346 ille
1527 1311 1664 1347 vester
1690 1309 1732 1346 et
1759 1320 1884 1357 quem

288 1359 419 1398 tantis
433 1361 588 1399 effertis
609 1361 823 1410 preconiis,
840 1361 1019 1400 libenter
1033 1363 1212 1401 comedit
1226 1363 1401 1413 gallinas
1418 1378 1433 1411 :¹
1457 1363 1581 1413 idque
1598 1375 1683 1401 non
1702 1361 1883 1400 aliorum

289 1413 432 1463 relatu,
456 1415 528 1453 sed
550 1429 643 1453 cum
664 1415 879 1453 hominem
901 1415 1086 1455 Basileae
1108 1419 1405 1467 cognouissem,
1429 1418 1591 1456 duobus
1616 1417 1728 1455 hisce
1754 1416 1885 1454 oculis

288 1469 484 1518 conspexi
501 1471 521 1507 ³.
580 1470 689 1507 Tum
710 1483 796 1519 ego,
832 1470 1101 1510 ‘Furtiuasne
1119 1485 1172 1509 an
1198 1473 1391 1521 emptas?
1405 1472 1413 1486 ’
1470 1474 1480 1491 ‘
1499 1472 1673 1521 Emptas
1688 1471 1697 1486 ²
1720 1471 1779 1509 ait
1799 1470 1882 1508 ille.

208 1536 270 1568 130
291 1524 299 1540 ⁶
316 1522 481 1573 Longe'
507 1523 679 1572 inquam
714 1524 1002 1573 ‘perniciosior
1029 1527 1092 1563 est
1115 1526 1334 1575 vulpecula
1359 1526 1433 1564 illa
1461 1525 1755 1565 scelestissima
1781 1538 1886 1574 quae

291 1577 397 1615 mihi
418 1577 599 1627 quotidie
620 1591 641 1615 e
661 1581 772 1616 corte
791 1578 966 1627 gallinas
986 1580 1103 1628 rapit,
1126 1593 1200 1618 nec
1220 1593 1402 1630 vnquam
1430 1580 1633 1630 persoluit
1658 1579 1842 1629 precium
1861 1579 1885 1618 '.

290 1630 504 1681 Rogabam
521 1645 623 1670 num
637 1633 746 1671 vesci
762 1632 929 1682 gallinis
943 1636 1115 1682 poneret
1132 1634 1243 1672 inter
1258 1634 1424 1684 flagitia.
1477 1635 1677 1673 ‘Maxime
1693 1635 1702 1649 '
1721 1634 1860 1684 inquit
1876 1648 1885 1680 ;

287 1744 390 1784 longe
416 1748 528 1786 magis
552 1748 742 1779 virulentis
769 1752 943 1780 ornarunt
965 1750 1137 1781 conuiciis
1159 1759 1267 1791 quam
1291 1753 1319 1782 si
1353 1760 1435 1782 eum
1457 1751 1514 1782 vel
1539 1751 1583 1782 ad
1609 1750 1747 1781 coelum
1773 1760 1883 1791 Vsque

290 1791 660 1822 contumeliosissimis
684 1794 757 1823 suis
773 1793 989 1825 extulissent
1006 1794 1171 1825 laudibus
1188 1806 1217 1825 α.
1369 1797 1441 1826 106.
1466 1795 1553 1834 quid
1570 1797 1634 1825 add
1649 1796 1683 1829 β.
1794 1805 1887 1825 coni-

290 1835 468 1865 mouearis
483 1836 506 1868 β
522 1846 528 1866 :
569 1836 701 1875 optime,
719 1838 897 1867 monearis
912 1849 941 1869 α.
1123 1848 1193 1877 107.
1219 1839 1328 1878 idque
1345 1862 1353 1871 .
1372 1863 1379 1870 .
1401 1863 1408 1870 .
1429 1839 1500 1870 108.
1526 1839 1625 1869 enim
1649 1839 1696 1873 B:
1718 1839 1885 1878 quodque

289 1886 430 1916 semper
442 1878 556 1909 facere
573 1882 851 1919 consueuerunt,
862 1881 1003 1912 assidue
1017 1881 1159 1913 faciant.
1211 1882 1304 1913 Nam
1320 1882 1407 1914 talia
1424 1894 1454 1913 a.
1594 1892 1663 1920 109.
1690 1884 1728 1913 vt
1745 1882 1808 1913 illa
1820 1892 1885 1913 nee

288 1920 383 1950 liuor
401 1922 476 1961 ipse
493 1924 655 1953 euertere
672 1925 779 1962 queat
790 1927 859 1961 post
875 1923 1113 1956 fundamenta
1128 1937 1148 1955 α
1163 1937 1169 1957 z
1195 1937 1254 1957 om.
1274 1927 1307 1960 β.
1416 1936 1429 1956 1
1440 1937 1488 1958 10.
1516 1925 1640 1956 nullus
1656 1948 1664 1955 .
1681 1948 1688 1955 .
1705 1948 1713 1955 .
1733 1926 1823 1956 edax
1839 1928 1862 1960 β
1878 1937 1886 1957 ε

289 1973 355 1994 nec
380 1974 483 1996 omne
507 1975 637 1997 aeuum
663 1978 694 1998 α.
848 1977 917 2000 111.
943 1968 1144 2000 conciliasti
1167 1971 1215 2004 B:
1245 1970 1417 2009 peperisti
1441 1982 1470 2000 α.
1595 1971 1633 2000 vt
1655 1972 1730 2000 aF:
1756 1971 1811 2000 tot
1835 1969 1884 2004 13².

292 2016 362 2038 112.
386 2010 409 2043 β
425 2020 431 2040 :
456 2010 636 2041 tacentem
653 2022 684 2042 α.
777 2020 849 2050 114.
876 2012 944 2043 Sed
962 2014 997 2043 te
1015 2036 1024 2044 .
1040 2036 1047 2043 .
1068 2035 1076 2043 .
1099 2022 1172 2053 117.
1196 2013 1365 2044 nonnulli
1380 2015 1403 2047 β
1422 2014 1511 2054 (116.
1528 2011 1622 2047 βῙΓε
1648 2022 1887 2044 commemoro

288 2050 342 2091 W)
359 2062 366 2082 :
397 2052 706 2092 Quemadmodum
730 2064 846 2094 nuper
869 2066 889 2086 a
913 2066 968 2086 me
996 2056 1131 2087 factum
1160 2058 1324 2089 memini.
1378 2058 1467 2088 Cum
1494 2058 1592 2087 enim
1620 2056 1659 2086 in
1688 2057 1884 2088 multorum

289 2095 578 2128 doctissimorum
596 2100 778 2129 conuentu
794 2099 847 2129 tui
865 2101 1003 2130 mentio
1020 2100 1214 2141 incidisset,
1235 2111 1273 2132 ac
1290 2101 1453 2140 plerique
1470 2114 1500 2132 α.
1615 2101 1685 2132 118.
1710 2103 1789 2132 tum
1806 2100 1865 2136 “13²
1879 2113 1886 2132 ε

286 2149 347 2170 om.
364 2138 402 2173 β1
412 2143 448 2172 F.
615 2151 684 2181 119.
709 2142 801 2172 forte
817 2166 824 2172 .
847 2166 854 2174 .
871 2167 879 2174 .
903 2153 972 2174 120.
997 2146 1102 2184 caput
1118 2145 1141 2178 β
1158 2155 1165 2175 ε
1189 2143 1312 2175 aderat
1329 2144 1514 2183 theologus
1531 2154 1571 2174 ex
1587 2144 1834 2175 mendicorum
1851 2147 1886 2176 et

287 2193 329 2213 eo
346 2183 471 2214 ordine
488 2185 548 2223 qui
565 2185 671 2224 vulgo
694 2185 854 2225 perdocti
878 2188 1066 2227 habentur,
1085 2187 1154 2218 sibi
1175 2188 1262 2227 ipsis
1278 2198 1359 2218 vero
1375 2188 1428 2218 nil
1445 2188 1618 2218 videntur
1634 2186 1807 2228 ignorare,
1827 2189 1886 2219 ad-

289 2226 436 2258 modum
451 2228 598 2259 moleste
614 2229 678 2260 has
698 2229 821 2260 laudes
837 2230 974 2261 ferebat
991 2241 1029 2262 ac
1046 2233 1211 2270 quassato
1226 2232 1339 2271 capite
1357 2246 1384 2263 α.
1539 2241 1611 2262 121.
1636 2232 1888 2263 cornicabatur

288 2272 335 2303 βε
360 2272 676 2302 submurmurabat
700 2284 730 2304 a.
846 2274 890 2305 Id
913 2276 1074 2305 sentiens
1099 2285 1180 2315 rogo
1203 2276 1251 2309 βε
1273 2275 1363 2306 'rum
1388 2285 1450 2315 ego
1472 2275 1612 2313 quesiui
1637 2289 1665 2307 ιι.
1816 2285 1887 2307 122.

286 2315 503 2352 grauitatem
519 2316 542 2349 β
558 2327 566 2345 :
588 2317 819 2348 seueritatem
837 2332 865 2349 α.
958 2327 1031 2358 123.
1056 2319 1095 2348 in
1113 2320 1147 2349 te
1163 2321 1235 2351 add.
1255 2320 1287 2352 β.
1357 2319 1445 2350 Cum
1464 2341 1471 2348 .
1491 2343 1498 2348 .
1520 2343 1527 2349 .
1555 2327 1626 2357 124.
1652 2318 1825 2358 proferret
1842 2322 1888 2354 B:

288 2357 384 2388 inter
400 2360 537 2389 caetera
553 2369 636 2389 vero
662 2361 814 2399 pessimo
836 2363 870 2392 et
894 2361 991 2392 haud
1014 2363 1160 2393 ferendo
1176 2362 1311 2402 flagitio
1328 2364 1363 2393 te
1380 2372 1455 2392 esse
1474 2362 1678 2393 obnoxium.
1727 2362 1886 2402 Cumque

288 2409 350 2440 ego
373 2402 624 2433 vehementius
648 2404 821 2435 instarem
846 2407 885 2435 vt
909 2407 982 2435 tam
1006 2405 1228 2437 horrendum
1253 2405 1367 2436 scelus
1391 2406 1568 2444 elicerem,
1594 2405 1657 2436 ille
1674 2416 1758 2436 vero
1781 2409 1888 2446 perti—

290 2444 431 2475 naciter
454 2448 626 2486 negasset,
646 2448 799 2478 forsitan
816 2450 855 2479 vt
873 2448 1083 2480 detractoris
1099 2450 1241 2489 culpam
1258 2450 1419 2488 euitaret,
1440 2463 1467 2480 α.
1623 2459 1693 2488 125.
1720 2449 1885 2481 decreue-

290 2497 366 2518 ram
384 2512 392 2519 .
412 2512 419 2519 .
437 2512 444 2520 .
466 2491 535 2520 126.
563 2490 639 2520 dixi
655 2491 677 2524 β
696 2491 783 2531 (125.
812 2492 932 2531 inquit
947 2495 1021 2523 add.
1040 2492 1099 2526 B²z
1137 2492 1278 2523 ‘silere'
1297 2494 1417 2531 inquit
1432 2496 1474 2532 F)
1489 2503 1498 2523 ε
1531 2494 1648 2523 tacere
1663 2493 1670 2505 '
1688 2493 1810 2532 inquit
1827 2497 1835 2510 ‘
1847 2504 1886 2525 a(-

290 2533 365 2562 tam
381 2532 501 2563 imane
524 2532 663 2564 facinus
681 2535 838 2566 oeultare
855 2537 1124 2576 constitueram,
1140 2547 1220 2567 cum
1244 2538 1366 2567 tamen
1391 2537 1441 2567 ita
1465 2546 1521 2566 me
1546 2546 1657 2576 vrges,
1676 2537 1774 2568 haud
1790 2537 1884 2568 vltra

289 2575 394 2605 silere
418 2575 478 2606 sed
495 2577 688 2607 veritatem
705 2578 822 2609 dicere
840 2580 1032 2619 compellor
1048 2591 1078 2610 α.
1215 2581 1287 2611 126.
1314 2580 1375 2610 ille
1392 2604 1399 2610 .
1418 2604 1424 2610 .
1443 2604 1450 2611 .
1471 2589 1542 2619 127.
1567 2579 1744 2619 preconiis
1760 2583 1836 2612 add.
1853 2584 1886 2615 β.

293 2619 362 2648 128.
389 2618 499 2649 didici
512 2624 581 2657 post
596 2620 710 2651 relatu
728 2634 746 2651 α
763 2633 770 2653 :
797 2633 856 2655 om.
872 2625 905 2657 β.
996 2622 1133 2654 duobus
1154 2623 1249 2654 hisce
1266 2623 1376 2654 oculis
1393 2626 1415 2657 β
1430 2634 1437 2653 ε
1467 2624 1608 2661 gemino
1625 2624 1691 2654 hoe
1707 2625 1833 2655 obtutu
1851 2636 1882 2656 α.

293 2671 365 2700 129.
395 2663 403 2679 ‘
415 2662 627 2694 Furtiuasne
646 2687 655 2695 .
672 2687 680 2695 .
698 2687 707 2696 .
730 2675 799 2703 130.
817 2666 1051 2705 perniciosior
1065 2668 1087 2701 β
1104 2678 1112 2698 ;
1138 2667 1407 2698 ‘Suffuratusne
1428 2670 1490 2697 aut
1507 2668 1713 2707 coemptas?
1725 2667 1733 2679 '
1757 2668 1806 2699 At
1824 2668 1885 2699 ille

295 2704 464 2745 ‘Emptas
478 2705 486 2717 ’
510 2707 571 2738 ait.
622 2708 630 2722 ‘
646 2708 764 2747 Longe
792 2709 922 2749 igitur’
949 2711 1099 2749 inquam
1118 2713 1126 2727 ‘
1153 2710 1307 2741 deterior
1335 2724 1363 2741 α.
1499 2719 1569 2749 131.
1596 2720 1615 2740 e
1641 2713 1735 2742 corte
1762 2712 1785 2746 β
1800 2721 1809 2743 ε
1843 2722 1884 2742 ex

289 2748 377 2779 villa
395 2760 424 2781 α.
529 2759 601 2788 132.
626 2751 803 2790 Rogabam
821 2776 828 2783 .
851 2776 858 2783 .
876 2777 884 2785 .
906 2762 976 2792 135.
1003 2754 1103 2784 omni
1119 2755 1142 2787 β
1160 2764 1168 2785 ε
1192 2754 1260 2784 Sed
1277 2753 1321 2784 ad
1339 2754 1404 2784 hoc
1422 2754 1604 2794 responde,
1620 2755 1772 2795 obsecro,
1790 2755 1885 2786 Num

291 2793 387 2822 inter
401 2794 544 2832 peccata
560 2796 725 2825 censetur
740 2796 872 2835 galinis
888 2799 979 2828 vesci
992 2798 1008 2828 ⁴?
1022 2796 1030 2809 '
1055 2798 1100 2828 Et
1117 2796 1178 2828 ille
1193 2807 1202 2828 ε
1227 2797 1403 2828 ‘Maxime
1420 2807 1500 2828 cum
1517 2809 1536 2828 a
1553 2798 1694 2829 deuotis
1710 2798 1752 2829 fit
1768 2799 1884 2830 homi-

337 2913 349 2933 1
360 2903 408 2934 18.
430 2902 593 2943 quidam]
621 2904 638 2934 1
655 2907 788 2936 cannot
799 2906 965 2945 identify.
994 2906 1050 2937 He
1166 2915 1238 2945 127.
1253 2908 1409 2938 comedit
1422 2908 1589 2948 gallinas]
1603 2908 1670 2939 For
1683 2908 1767 2944 this,
1783 2918 1821 2939 as
1836 2918 1881 2939 an

289 2945 361 2976 had
379 2948 454 2977 met
471 2946 640 2977 Erasmus
656 2950 692 2978 at
710 2948 813 2979 Basle
834 2949 873 2989 (1.
896 2951 981 2990 128).
1119 2951 1280 2990 example
1304 2951 1343 2981 of
1362 2952 1439 2981 rich
1467 2952 1589 2991 living,
1608 2951 1650 2982 cf.
1676 2952 1759 2983 Eov.
1778 2953 1800 2982 1.
1821 2964 1880 2991 44:

337 2999 406 3020 121.
434 2990 697 3031 cornicabatur]
715 2992 766 3022 Cf.
788 2992 881 3023 Pers.
903 3003 931 3031 5.
954 3003 1002 3024 12.
1122 2995 1218 3024 ‘oum
1238 2995 1365 3025 multis
1382 2995 1526 3035 gallinis
1542 3000 1578 3026 et
1597 2995 1699 3026 bonis
1713 2996 1816 3027 rebus
1829 2997 1846 3026 ³.
