1990 3353
311 141 364 179 26
776 143 1025 182 LETTERS
1064 143 1132 182 OF
1168 143 1434 184 ERASMUS
1780 144 1846 199 [15
1857 160 1901 196 ¹9

311 250 509 300 Cypriani
529 252 579 290 ad
601 250 851 299 Cornelium,
869 252 1109 290 Rhomanae
1122 252 1236 290 vrbis
1249 253 1514 302 Episcopum,
1534 255 1729 303 extitisse,
1747 268 1841 294 cum
1858 254 1902 293 in

310 306 468 344 nostris
494 305 705 344 codicibus
723 306 931 352 vndecim,
960 306 1005 343 ni
1034 306 1163 350 fallor,
1188 307 1428 354 habeantur,
1462 307 1552 346 fieri
1580 311 1717 358 potest
1739 311 1786 347 vt
1813 321 1899 347 non

309 372 456 398 omnes
477 360 744 408 peruenerint
763 360 808 398 in
829 373 978 398 manus
999 360 1249 409 Hieronymi
1267 375 1276 409 ;
1305 363 1386 409 aut,
1406 362 1603 411 quoniam
1620 363 1667 401 fit
1683 362 1900 413 aliquoties

308 415 354 451 vt
388 414 433 451 in
468 414 615 453 iisdem
649 415 811 452 diuersa
841 416 1070 452 tractentur
1102 418 1356 464 argumenta.
1392 417 1578 466 singulae
1609 418 1828 467 quaepiam
1855 416 1900 454 in

250 483 288 515 55
309 467 428 506 binas
449 468 644 507 dissectae
665 469 752 506 sint
770 483 778 506 :
808 468 848 506 id
871 469 978 518 quod
1000 482 1076 507 nos
1095 468 1140 507 in
1161 482 1242 507 vna
1262 472 1369 508 certe
1389 470 1545 509 factum
1566 473 1606 510 et
1632 470 1900 521 deprehendi-

309 535 403 560 mus
432 524 472 560 et
501 522 790 561 indicauimus.
850 523 980 561 Porro
1010 536 1105 561 cum
1135 523 1236 561 olim
1265 524 1409 562 Africa
1441 526 1670 573 permultos
1703 525 1901 564 aediderit

309 577 545 626 eloquentia
574 577 843 626 doctrinaque
875 577 1063 624 celebres,
1097 577 1206 615 inter
1226 591 1328 628 quos
1359 582 1457 616 sunt
1487 579 1531 617 in
1561 580 1710 629 primis
1739 578 1900 618 Tertul-

309 629 446 669 lianus
479 633 519 668 et
553 631 827 681 Augustinus,
860 634 998 669 tamen
1031 632 1101 670 vix
1129 632 1207 669 vlli
1237 632 1410 681 contigit
1435 633 1676 672 Rhomanae
1704 633 1900 672 dictionis

308 697 503 733 germana
516 685 674 734 puritas
686 688 974 735 praeterquam
987 685 1204 735 Cypriano.
1255 686 1316 724 De
1328 687 1598 735 scriptoribus
1611 687 1899 726 ecclesiasticis

249 743 291 775 60
308 737 454 787 loquor
472 753 480 786 ;
509 739 665 789 alioqui
686 740 930 778 Lactantius
950 740 994 777 in
1014 740 1161 789 primis
1180 743 1266 778 erat
1282 740 1558 791 excipiendus.
1621 742 1728 780 Nam
1742 741 1898 780 Tertul-

308 792 447 831 lianus
465 792 563 831 licet
583 794 737 832 densus
757 796 798 832 et
819 797 989 844 argutus
1009 795 1065 832 sit
1085 795 1129 832 in
1150 795 1379 842 sententiis,
1403 808 1539 834 sermo
1559 798 1700 834 tamen
1719 795 1897 834 difficilis

307 849 370 884 est
404 849 445 884 et
485 848 687 886 obscurus
723 850 846 898 atque
884 849 1011 886 etiam
1042 849 1315 897 incomptior;
1360 850 1712 898 quemadmodum
1744 850 1899 889 iudicat

309 901 597 951 Hieronymus
627 903 671 940 in
703 902 877 952 epistola
908 903 957 941 ad
997 901 1236 950 Paulinum,
1278 904 1469 942 videlicet
1508 904 1713 943 Lactantii
1745 903 1897 942 iudicio

307 955 581 994 subscribens.

248 1014 288 1055 65
364 1010 455 1048 Iam
475 1010 518 1047 in
539 1011 778 1060 Augustino
798 1010 974 1049 subinde
987 1011 1183 1050 lectorem
1199 1012 1370 1050 offendit
1386 1011 1629 1061 perplexum
1645 1013 1780 1051 nescio
1797 1011 1896 1062 quid

309 1065 350 1102 et
370 1063 620 1114 impeditum
641 1067 764 1114 atque
790 1065 1023 1112 obscurum,
1046 1066 1155 1115 quod
1176 1065 1220 1103 in
1241 1065 1428 1115 epistolis
1448 1066 1512 1104 illi
1532 1066 1672 1105 obiicit
1692 1070 1733 1105 et
1752 1066 1897 1104 Hiero-

307 1131 473 1167 nymus.
531 1119 591 1157 At
610 1122 781 1170 vterque
800 1119 1006 1169 cypriano
1026 1132 1214 1158 summas
1230 1120 1490 1169 eloquentiae
1507 1121 1622 1159 dotes
1637 1121 1786 1159 tribuit
1802 1134 1811 1168 ;
1840 1121 1898 1159 sic

308 1171 422 1210 enim
442 1172 584 1211 scribit
604 1173 890 1223 Hieronymus
908 1173 953 1211 in
968 1173 1142 1223 epistola
1154 1174 1204 1212 ad
1220 1174 1457 1223 Paulinum,
1478 1176 1485 1193 ‘
1502 1175 1655 1214 Beatus
1668 1175 1899 1225 Cyprianus

307 1227 440 1264 instar
458 1227 587 1266 fontis
607 1228 820 1277 purissimi
841 1228 973 1266 dulcis
992 1228 1146 1266 incedit
1165 1231 1205 1266 et
1221 1228 1406 1277 placidus
1421 1230 1441 1268 ⁵.
1501 1229 1742 1268 Lactantius
1756 1231 1897 1267 autem

250 1296 290 1331 70
308 1279 354 1318 in
374 1281 628 1329 praefatione
648 1282 747 1320 libri
767 1281 906 1331 quinti
926 1282 988 1320 De
1008 1282 1274 1321 institutione
1295 1283 1508 1332 religionis
1529 1284 1787 1322 Christianae
1810 1295 1895 1321 non

309 1334 444 1373 solum
469 1335 534 1373 illi
564 1336 711 1375 tribuit
736 1335 993 1382 facilitatem,
1023 1337 1338 1383 iucunditatem,
1360 1337 1712 1387 perspicuitatem,
1735 1337 1895 1387 copiam

308 1401 353 1426 ac
366 1389 559 1437 nitorem,
576 1403 721 1429 verum
738 1390 864 1429 etiam
884 1391 971 1428 vim
991 1403 1035 1429 ac
1056 1405 1205 1429 neruos
1220 1391 1264 1428 in
1279 1392 1561 1440 persuadendo
1579 1407 1587 1430 :
1622 1395 1630 1411 ‘
1644 1393 1744 1431 Erat
1759 1392 1872 1430 enim
1892 1391 1902 1405 ’

308 1442 503 1492 inquiens
529 1444 720 1494 ‘ingenio
742 1445 865 1490 facili,
883 1446 1056 1495 copioso,
1073 1445 1192 1484 suaui
1212 1448 1252 1483 et
1272 1448 1389 1496 (quae
1409 1447 1614 1484 sermonis
1633 1448 1817 1485 maxima
1837 1448 1904 1484 est

312 1497 462 1546 virtus)
483 1501 639 1547 aperto,
660 1501 705 1537 vt
725 1500 958 1538 discernere
978 1513 1156 1550 nequeas
1176 1502 1316 1538 vtrum
1337 1500 1520 1538 ornatior
1545 1500 1590 1538 in
1614 1501 1819 1550 loquendo
1845 1513 1898 1538 an

249 1561 290 1596 75
313 1551 473 1590 facilior
492 1552 537 1590 in
558 1553 805 1603 explicando
823 1567 876 1592 an
904 1555 1116 1603 potentior
1134 1554 1179 1592 in
1199 1554 1484 1604 persuadendo
1504 1554 1725 1604 quisquam
1747 1553 1901 1593 fuerit.’

312 1607 450 1656 Atque
465 1607 627 1645 vtinam
638 1608 760 1646 diuus
773 1608 1047 1657 Augustinus,
1063 1611 1109 1647 vt
1120 1608 1223 1646 Afer
1240 1608 1402 1656 Afrum,
1419 1608 1635 1658 episcopus
1648 1609 1898 1658 episcopum,

311 1673 486 1699 numero
526 1662 792 1700 voluminum
830 1663 1067 1711 praecurrit,
1110 1663 1169 1701 ita
1215 1663 1409 1701 dictionis
1449 1663 1650 1713 elegantia
1697 1663 1897 1713 potuisset

311 1716 473 1764 assequi
490 1717 498 1754 l
526 1716 770 1766 vtinamque
799 1716 987 1766 linguam
1026 1716 1152 1755 huius
1185 1718 1273 1755 tam
1310 1716 1486 1755 feliciter
1524 1720 1630 1756 esset
1667 1718 1898 1756 aemulatus

311 1781 434 1818 quam
454 1770 626 1808 candide
645 1771 819 1808 miratur
839 1784 884 1809 ac
910 1770 1140 1820 praedicati
1198 1771 1413 1821 Siquidem
1440 1772 1475 1810 is
1498 1771 1604 1810 libro
1631 1771 1690 1810 De
1714 1771 1898 1810 doctrina

250 1827 291 1857 80
311 1822 548 1862 Christiana
577 1826 721 1874 quarto
752 1838 801 1863 ex
821 1825 945 1863 huius
967 1825 1252 1864 voluminibus
1274 1825 1540 1875 potissimum
1565 1826 1669 1875 petit
1694 1825 1892 1875 exempla,

311 1877 461 1926 quibus
483 1878 738 1918 demonstret
755 1879 917 1917 nullam
935 1879 1194 1929 eloquentiae
1214 1881 1376 1930 partem
1396 1880 1440 1917 in
1461 1880 1713 1919 Christianis
1731 1880 1896 1930 scripto-

310 1931 425 1970 ribus
451 1932 711 1982 desyderari;
739 1933 851 1971 hunc
879 1947 974 1972 cum
995 1934 1220 1972 Ambrosio
1247 1933 1422 1972 subinde
1449 1936 1673 1982 conferens,
1701 1933 1898 1984 quemad-

310 1986 482 2024 modum
504 1987 654 2026 Fabius
670 1987 857 2026 Marcum
870 1988 1059 2026 Tullium
1075 2001 1170 2026 cum
1187 1988 1467 2026 Demosthene
1482 1989 1720 2027 committit.
1779 1987 1897 2027 Idem

309 2040 352 2077 in
382 2041 757 2080 conflictationibus
784 2055 879 2080 cum
909 2042 1143 2092 Pelagianis
1173 2055 1217 2080 ac
1240 2042 1472 2081 Donatistis
1500 2043 1635 2082 multa
1663 2055 1759 2081 cum
1785 2055 1896 2081 reue-

247 2098 286 2140 85
309 2095 443 2132 rentia
463 2095 563 2134 citat
582 2096 707 2134 huius
727 2096 962 2134 sententias.

364 2148 457 2187 Non
496 2162 665 2199 possum
703 2151 895 2200 equidem
932 2150 1093 2188 inficias
1129 2151 1188 2188 ire
1228 2150 1330 2200 quin
1369 2150 1470 2188 olim
1503 2150 1616 2189 inter
1647 2150 1896 2189 orthodoxos

307 2202 526 2252 scriptores
564 2205 720 2253 primas
759 2204 978 2243 tribuerim
1016 2205 1298 2254 Hieronymo:
1338 2217 1484 2243 verum
1521 2205 1592 2243 vbi
1626 2205 1894 2255 Cyprianum,

309 2269 433 2306 quem
453 2258 567 2307 prius
582 2261 622 2296 et
637 2259 815 2308 carptim
831 2260 872 2296 et
887 2260 1064 2297 oscitans
1077 2259 1267 2308 legeram,
1283 2259 1454 2309 propius
1469 2272 1562 2297 sum
1576 2258 1895 2309 contemplatus,

309 2323 475 2359 prorsus
495 2312 626 2350 animi
646 2313 795 2351 dubius
812 2313 961 2352 reddor
974 2316 1116 2351 vtrum
1131 2312 1214 2350 vtri
1227 2313 1452 2362 praeferam
1468 2327 1477 2360 ;
1506 2313 1607 2352 adeo
1622 2313 1710 2352 suis
1721 2316 1895 2363 vterque

247 2378 290 2409 90
310 2364 536 2404 virtutibus
565 2379 756 2405 summus
785 2367 975 2405 occurrit.
1035 2367 1153 2416 Quod
1182 2366 1218 2405 si
1246 2367 1324 2405 hoc
1353 2367 1522 2405 nomine
1550 2368 1640 2406 iure
1667 2368 1895 2417 praefertur

310 2417 623 2467 Demosthenes,
660 2421 768 2470 quod
800 2421 968 2471 propius
997 2421 1209 2460 accesserit
1241 2421 1291 2458 ad
1321 2434 1468 2459 verum
1498 2421 1603 2460 illud
1632 2435 1678 2460 ac
1708 2420 1894 2460 naturale

308 2471 469 2512 dicendi
489 2487 618 2524 genus
637 2478 678 2513 et
698 2475 865 2525 longius
880 2475 987 2514 absit
1003 2475 1054 2513 ab
1069 2475 1216 2513 vmbra
1231 2475 1537 2522 declamatoria,
1549 2475 1671 2526 longe
1685 2475 1894 2526 praecellit

350 2585 401 2615 59.
428 2576 479 2607 De
503 2576 734 2616 scriptoribus
752 2600 760 2608 .
778 2601 785 2608 .
808 2601 815 2608 .
834 2578 887 2608 60.
911 2577 1143 2618 excipiendus
1168 2580 1241 2608 add.
1266 2578 1292 2609 δ.
1398 2579 1453 2608 62.
1477 2578 1609 2609 iudicat
1632 2589 1677 2609 a:
1709 2579 1844 2610 indicat
1868 2580 1895 2610 δ.

307 2628 358 2657 79.
386 2620 476 2651 libro
491 2632 510 2650 α
530 2623 604 2651 LB:
629 2620 688 2651 lib.
707 2621 730 2654 β
746 2632 751 2650 :
778 2620 910 2652 librum
927 2624 1023 2653 Lond.
1159 2621 1211 2660 83.
1238 2621 1339 2652 Idem
1355 2644 1363 2652 .
1384 2646 1389 2651 .
1408 2646 1415 2653 .
1436 2622 1487 2660 85.
1515 2622 1715 2653 sententias
1731 2625 1807 2654 adel.
1823 2623 1848 2655 δ.

350 2749 402 2778 52.
427 2740 611 2781 vndecim]
631 2741 758 2772 Haitel
777 2744 833 2773 too
847 2742 911 2773 has
927 2743 1069 2781 elevem
1176 2744 1228 2774 66.
1256 2743 1519 2785 Hieronymus]
1539 2747 1596 2782 Ep.
1619 2754 1690 2775 112.
1714 2754 1762 2784 15.

305 2783 371 2814 but
387 2783 431 2813 he
449 2783 568 2813 marks
580 2786 652 2815 two
665 2785 702 2815 of
715 2785 816 2816 them
835 2788 925 2825 (nos.
942 2797 994 2825 49,
1008 2796 1066 2826 5ο)
1176 2788 1228 2818 68.
1256 2787 1520 2829 Hieronymus]
1537 2791 1595 2825 Ep.
1618 2789 1671 2827 58.
1694 2798 1742 2819 10.

307 2836 344 2857 as
361 2827 507 2857 written
525 2827 572 2866 by
589 2827 774 2859 Cornelius
791 2832 826 2859 to
844 2829 1012 2869 Cyprian.
1176 2831 1229 2869 69.
1258 2831 1483 2871 Lactantius]
1501 2834 1581 2862 Inst.
1598 2841 1628 2871 5.
1650 2841 1675 2862 1.
1695 2841 1747 2869 25.

349 2871 401 2908 56.
430 2869 688 2912 indicauimus]
716 2881 762 2902 on
789 2872 828 2903 1'0.
857 2871 899 2911 21⁵,
933 2873 972 2904 of
998 2876 1068 2903 two
1178 2883 1228 2912 79.
1255 2874 1418 2905 doctrina
1433 2874 1656 2916 Christiana]
1675 2887 1706 2913 4.
1725 2884 1776 2905 21.

308 2913 431 2945 letters
469 2915 505 2943 to
544 2914 694 2954 Magnus
733 2925 778 2945 on
817 2925 872 2955 pp.
904 2926 957 2954 24,
994 2925 1065 2955 132.
1177 2917 1230 2957 87.
1257 2917 1494 2959 Hieronymo]
1515 2917 1567 2950 Cf.
1592 2917 1682 2958 Epp.
1704 2927 1776 2957 149.
1795 2918 1895 2956 62-4‚

311 2957 436 2988 Hartel
453 2959 592 2996 accepts
609 2957 669 2988 the
681 2958 892 2990 unification
912 2961 983 2995 (no.
997 2961 1066 2999 69).
1135 2960 1208 2999 844.
1232 2961 1377 3000 119267
1397 2972 1404 2999 ;
1427 2961 1499 2992 and
1521 2960 1575 2992 for
1592 2961 1772 2993 Erasmus’
1797 2961 1895 3000 early

348 3002 401 3040 63.
428 2999 687 3042 Hieronymus]
704 3003 763 3039 Ep.
781 3003 833 3041 58.
854 3012 900 3034 10.
1135 3004 1285 3035 interest
1304 3005 1341 3035 in
1359 3004 1500 3036 Jerome
1517 3014 1574 3036 see
1592 3005 1655 3044 Ep.
1668 3006 1732 3045 396
1749 3004 1880 3036 introd.
