1990 3353
325 135 410 174 224.
795 133 1045 173 LETTERS
1084 132 1154 172 OF
1191 132 1457 173 ERAsMUs
1802 132 1931 187 [1520

378 251 445 290 Ita
472 249 643 289 Brixius
672 249 873 288 eiusmodi
902 248 988 287 fere
1015 247 1123 287 ludit
1150 247 1297 287 ironiis
1326 250 1371 287 vt
1399 247 1549 287 misere
1577 251 1737 288 metuat
1767 250 1846 289 sibi
1877 263 1932 289 ne

247 322 309 353 290
327 319 430 356 quas
458 305 562 345 velit
595 304 722 354 accipi
756 317 829 352 per
860 303 998 342 iocum
1031 302 1161 341 dictas
1193 302 1351 347 laudes,
1380 315 1521 341 earum
1554 303 1768 354 plerasque
1803 305 1930 343 multi

327 361 553 410 agnoscant
579 372 652 409 pro
678 358 811 397 veris:
841 357 958 396 cuius
982 356 1156 407 periculi
1184 370 1269 396 non
1297 356 1408 395 aliud
1436 356 1542 396 vidit
1571 358 1774 408 effugium
1803 371 1930 409 quam

328 417 375 454 vt
406 414 603 463 εἷρωνεύειν
632 426 674 451 se
700 413 1002 462 protestaretur
1026 411 1247 461 marginali
1271 411 1528 461 glossemate.
1570 411 1783 451 Nimirum
1803 412 1934 452 homo

328 471 471 508 cautus
490 468 549 506 ita
567 468 678 506 cauit
699 467 789 514 sibi,
814 479 865 504 ne
885 478 958 504 sua
984 467 1196 504 teneretur
1220 465 1467 516 syngrapha,
1488 466 1605 515 quasi
1630 479 1698 505 me
1723 466 1931 506 laudasset

327 536 377 561 ex
395 522 547 562 animo.
603 521 697 560 Vno
718 521 806 559 loco
832 522 1000 558 tantum
1024 520 1188 569 putauit
1214 532 1299 558 non
1329 533 1494 558 necesse
1522 532 1609 558 esse
1633 522 1679 559 vt
1709 521 1932 571 marginali

247 588 308 621 295
328 579 425 615 nota
453 590 529 614 nos
557 576 798 614 admoneret
826 574 983 613 ironiae
1012 586 1120 621 suae,
1148 573 1250 613 adeo
1278 574 1432 613 fidebat
1460 574 1548 613 eius
1576 574 1655 613 loci
1683 575 1928 625 elegantiae:

329 643 459 682 quum
479 631 522 668 in
542 630 688 676 indice,
710 631 757 669 vt
778 628 849 666 ille
868 628 961 667 vult
979 628 1124 676 videri,
1142 641 1332 667 meorum
1351 630 1593 675 erratorum,
1609 630 1656 668 vt
1674 642 1740 667 res
1760 629 1929 677 indicat,

327 685 557 725 calumniae
593 688 717 734 atque
756 682 945 722 inscitiae
979 695 1087 731 suae,
1128 682 1336 721 meminit.
1411 683 1533 721 Ridet
1569 684 1614 721 in
1651 684 1802 733 Vtopia
1839 697 1934 723 mea

327 739 539 789 dialogum
559 738 604 777 in
625 752 705 789 quo
724 737 969 776 fraterculus
990 749 1086 776 cum
1109 736 1293 775 morione
1320 736 1543 787 disceptat:
1577 737 1643 776 ‘in
1670 737 1773 788 quo'
1793 737 1934 789 inquit

328 794 507 841 Brixius,
530 793 714 843 ‘dialogo
733 792 961 831 enarrando
981 791 1299 841 exornandoque
1318 791 1461 830 Morus
1480 791 1640 841 ingenii
1659 792 1724 830 sui
1744 805 1935 840 acumen,

246 866 310 896 300
328 848 523 898 phraseos
559 848 647 886 vim
685 860 730 886 ac
768 846 909 885 iudicii
947 845 1234 895 integritatem
1271 845 1391 884 facile
1437 845 1640 895 explicat.’
1711 846 1928 896 Equidem,

329 903 501 942 Erasme
521 901 772 948 doctissime,
798 914 881 939 non
903 901 1134 950 vsqueadeo
1154 901 1375 938 contemno
1395 899 1597 948 Brixium,
1621 900 1693 939 aut
1713 900 1819 939 mihi
1844 903 1933 939 tam

329 957 517 1008 impense
549 956 700 1007 placeo,
739 955 841 1005 quin
874 954 992 994 facile
1024 954 1153 994 fatear
1185 967 1319 1004 neque
1353 953 1584 1004 elegantem
1616 955 1937 997 fraterculorum

330 1011 499 1062 phrasin
520 1024 652 1060 neque
667 1012 807 1049 acutas
822 1009 1026 1047 morionis
1042 1009 1228 1059 argutias
1243 1010 1329 1047 tam
1345 1008 1453 1047 belle
1468 1021 1652 1059 vnquam
1668 1021 1735 1047 me
1750 1009 1939 1058 potuisse

329 1066 571 1116 exprimere,
604 1078 728 1115 quam
757 1063 807 1102 ad
836 1077 984 1102 verum
1013 1076 1058 1102 ac
1087 1063 1234 1102 viuum
1263 1063 1445 1112 potuerit
1473 1062 1722 1112 expressisse
1751 1063 1931 1103 Brixius,

247 1132 308 1164 305
330 1121 446 1159 Adeo
468 1119 609 1158 efficax
628 1132 694 1157 res
718 1120 781 1157 est
808 1118 962 1156 talibus
981 1117 1180 1156 orationis
1200 1116 1354 1156 delitiis
1373 1129 1616 1165 assuescere,
1642 1118 1683 1155 et
1709 1118 1758 1157 ad
1789 1118 1938 1156 morio·

329 1187 424 1213 nem
456 1187 540 1212 non
575 1173 745 1212 nomine
774 1172 899 1222 (quod
934 1175 1021 1211 tam
1056 1171 1238 1210 ciuiliter
1271 1173 1359 1210 tam
1392 1184 1511 1221 saepe
1545 1171 1715 1210 Brixius
1748 1172 1938 1211 concedit

329 1229 449 1274 mihi)
487 1228 558 1267 sed
598 1230 746 1266 natura
783 1228 878 1277 (quo
917 1226 1039 1265 illum
1084 1238 1158 1265 suo
1200 1226 1277 1265 sibi
1316 1226 1405 1264 iure
1443 1226 1633 1264 vendicat
1670 1226 1940 1275 Antimorus)

328 1284 528 1322 accedere.

384 1337 526 1385 Porro,
562 1336 670 1387 quod
706 1336 754 1374 de
786 1335 940 1374 iudicio
973 1335 1085 1383 dicit,
1117 1348 1198 1385 quo
1232 1334 1435 1373 nimirum
1468 1334 1675 1384 significat
1708 1334 1937 1374 absurdum

247 1405 310 1435 310
329 1405 416 1431 esse
436 1393 652 1430 barbaram
673 1390 849 1429 fratrum
875 1389 1048 1440 phrasin
1074 1389 1113 1427 ei
1136 1389 1278 1428 libello
1304 1389 1498 1437 inserere,
1525 1402 1649 1439 quem
1677 1389 1820 1439 cupias
1847 1402 1938 1428 esse

331 1447 528 1485 Latinum
558 1448 615 1492 (vt
646 1446 839 1483 omittam
873 1444 1045 1483 interim
1073 1446 1114 1482 et
1144 1444 1321 1483 Graecos
1351 1443 1511 1482 Latin1s
1539 1443 1734 1482 barbaros
1763 1456 1862 1492 esse,
1896 1446 1937 1481 et

330 1501 501 1540 Latinos
540 1499 718 1547 Graecis,
758 1512 936 1549 quorum
977 1511 1212 1537 sermonem
1256 1511 1349 1536 cum
1386 1497 1507 1536 laude
1544 1511 1706 1548 quoque
1745 1498 1938 1536 Romano

331 1556 517 1594 sermoni
545 1555 765 1603 scriptores
795 1566 939 1591 omnes
968 1555 1055 1591 tam
1084 1552 1321 1602 frequenter
1347 1552 1624 1601 interserunt),
1652 1565 1738 1590 non
1767 1555 1937 1602 expecto

329 1612 386 1657 vt,
408 1623 492 1648 non
523 1609 613 1647 dico
642 1621 734 1647 mea
763 1608 894 1646 oratio
920 1607 980 1657 (in
1009 1620 1088 1657 qua
1117 1606 1286 1645 Brixius
1305 1606 1485 1657 vndique
1514 1608 1601 1645 tam
1630 1606 1939 1645 manifestarios

250 1676 310 1708 315
330 1664 596 1703 soloecismos
612 1676 658 1701 ac
672 1662 959 1710 barbarismos,
976 1662 1047 1700 sed
1062 1661 1347 1700 manifestaria
1360 1661 1640 1711 sycophantia,
1651 1661 1938 1699 manifestaria

330 1717 600 1769 deprehendit
620 1716 799 1765 inscitia)
821 1716 891 1754 sed
913 1729 988 1754 nec
1014 1716 1145 1765 ipsius
1168 1715 1302 1754 Brixii
1328 1715 1409 1767 (cui
1430 1716 1611 1754 Veneres
1640 1728 1784 1754 omnes
1812 1717 1936 1765 atque

330 1785 475 1811 omnes
494 1784 664 1822 prorsus
685 1771 848 1809 Gratias
867 1772 986 1820 putat
999 1770 1149 1809 affusas
1165 1769 1345 1818 Brixius)
1358 1769 1408 1808 ad
1425 1769 1696 1808 Latinitatem
1712 1769 1938 1819 aliquando

330 1827 386 1866 sit
406 1828 656 1876 peruentura
678 1825 943 1864 Plautinam:
974 1825 1045 1875 qui
1071 1837 1145 1863 nee
1174 1825 1351 1863 absurde
1380 1825 1522 1862 tamen
1550 1823 1631 1862 sibi
1659 1823 1792 1862 facere
1820 1824 1938 1863 visus

331 1883 403 1930 est,
427 1894 501 1919 nec
523 1881 761 1919 Romanum
781 1892 1015 1917 sermonem
1037 1879 1319 1926 dehonestare,
1342 1891 1471 1928 quum
1492 1878 1537 1916 in
1557 1877 1768 1916 comoedia
1788 1877 1936 1916 Latina

251 1946 313 1977 320
331 1935 521 1974 Poenum
548 1935 759 1972 interdum
788 1934 938 1972 faceret
966 1934 1206 1984 loquentem
1235 1933 1403 1972 Punice.
1463 1934 1503 1970 A
1523 1945 1603 1982 quo
1629 1931 1817 1982 exemplo
1847 1945 1934 1971 non

332 1990 528 2037 multum,
569 1989 730 2038 opinor,
763 1988 891 2036 abest,
927 1987 963 2026 si
998 1988 1092 2038 quis
1129 1988 1174 2026 in
1212 2001 1259 2026 eo
1296 1987 1438 2037 scripti
1477 1999 1624 2036 genere
1664 1986 1773 2036 quod
1811 2000 1938 2036 prope

330 2044 487 2083 accedit
506 2044 555 2082 ad
577 2044 794 2090 comicum,
818 2043 989 2081 fratrem
1009 2042 1051 2080 id
1072 2054 1203 2092 genus
1223 2042 1421 2092 producat
1441 2041 1486 2079 in
1506 2041 1768 2090 proscenium
1791 2040 1938 2090 lingua

330 2098 569 2149 loquentem
608 2111 693 2146 sua,
728 2097 805 2135 hoc
844 2099 906 2135 est
940 2096 1291 2135 Latino-barbara.
1352 2096 1407 2133 Et
1444 2097 1585 2134 tamen
1623 2094 1703 2133 scis
1740 2094 1839 2145 ipse,
1877 2095 1937 2133 mi

332 2154 513 2200 Erasme,
555 2164 680 2202 quam
719 2164 802 2189 non
841 2151 960 2190 valde
998 2150 1107 2188 mihi
1143 2149 1346 2200 placuerit
1383 2149 1455 2188 ille
1493 2149 1691 2199 dialogus,
1733 2161 1940 2199 quamque

253 2218 312 2249 325
334 2207 512 2245 libenter
531 2207 682 2244 fuerim
704 2205 945 2253 emissurus
968 2205 1051 2243 nisi
1072 2217 1196 2254 supra
1216 2217 1340 2254 quam
1361 2203 1449 2242 dico
1472 2204 1693 2253 placuisset
1712 2203 1809 2251 illis,
1832 2216 1936 2253 quos

334 2274 467 2311 neque
491 2260 625 2299 literis
648 2274 778 2310 neque
805 2260 958 2298 iudicio
985 2259 1206 2309 quisquam
1232 2258 1319 2308 (qui
1349 2257 1517 2308 quidem
1545 2257 1687 2296 literas
1714 2257 1862 2296 habeat
1892 2270 1939 2296 ac

334 2315 550 2364 iudicium)
571 2328 657 2353 non
676 2316 766 2353 tam
785 2315 907 2364 longe
926 2315 1150 2363 anteponat
1171 2313 1326 2360 Brixio,

472 2385 661 2434 Quantus
689 2385 740 2423 ad
770 2386 1009 2424 aethereum
1038 2387 1151 2434 patet
1180 2385 1278 2424 hinc-
1308 2385 1524 2433 suspectus
1553 2383 1792 2432 Olympum.

474 2489 547 2527 306.
574 2488 667 2527 quod
685 2490 757 2519 tam
775 2490 893 2519 Lenda
920 2487 1013 2528 quod
1030 2487 1102 2519 iam
1117 2499 1148 2519 α.
1324 2496 1398 2526 307.
1426 2496 1497 2526 quo
1515 2498 1533 2516 α
1552 2497 1558 2516 :
1583 2488 1599 2517 ἱ)
1615 2486 1803 2526 quomodo.

380 2602 453 2631 292.
482 2592 710 2633 glossemate]
745 2596 940 2631 Antimorch,
981 2591 1016 2622 ff.
1058 2590 1102 2621 132
1213 2591 1286 2630 296.
1315 2590 1448 2630 indice]
1483 2593 1677 2626 Antc'morus.
1709 2590 1748 2622 fo·
1781 2588 1833 2630 ΕΒ,
1862 2592 1937 2620 Tko—

336 2638 387 2675 v⁰,
405 2635 448 2666 13³
466 2640 514 2675 νο,
534 2637 559 2668 C
576 2639 625 2675 νο,
643 2636 698 2667 D3.
1169 2645 1238 2665 mae
1269 2636 1361 2664 Μωνί
1390 2637 1499 2671 lapsus
1531 2637 1749 2664 inexcusabiles
1779 2637 1813 2664 in
1843 2636 1936 2671 sylla-

379 2689 452 2719 294.
481 2681 558 2710 Vno
590 2680 681 2719 loco]
719 2683 915 2719 Antimorus,
957 2677 996 2708 f0.
1034 2677 1102 2708 D⁴:
1171 2681 1281 2709 barum
1305 2681 1497 2715 quantitate:
1532 2678 1571 2708 f0.
1592 2678 1631 2707 Ὲ2
1655 2681 1703 2716 v0,
1728 2680 1820 2708 Mauri
1843 2679 1935 2708 soloe·

337 2723 444 2754 Haud
466 2728 586 2754 tamen
615 2724 754 2753 i11iici‹·r
781 2734 892 2762 genus
917 2732 993 2752 esse
1019 2722 1101 2761 Epi·
1170 2724 1261 2752 cismi
1275 2732 1311 2751 ac
1329 2724 1517 2751 barbarismi
1533 2723 1844 2758 aliquotfoedissimi.

421 2768 630 2806 grammatis
647 2767 683 2796 iu
702 2777 781 2806 quo,
1215 2775 1288 2804 297.
1317 2764 1461 2804 Vtopia]
1487 2774 1544 2804 pp.
1568 2765 1663 2804 72—8‚
1682 2765 1737 2795 ed.
1768 2764 1934 2804 Lupton3
1989 2775 1990 2778 ¹

335 2810 372 2841 Si
401 2810 590 2849 quisquam
620 2812 744 2841 vatum
773 2810 816 2840 de
843 2819 958 2849 grege,
988 2809 1097 2847 ere,
1170 2809 1251 2839 who
1267 2808 1384 2838 shows
1401 2808 1482 2838 that
1496 2808 1558 2838 the
1570 2810 1709 2847 greater
1724 2809 1805 2847 part
1823 2807 1861 2838 of
1874 2808 1937 2839 the

425 2854 545 2892 valcs3
1170 2854 1266 2891 story
1284 2861 1355 2881 was
1379 2851 1565 2891 expunged
1590 2851 1634 2891 by
1653 2851 1714 2881 the
1740 2852 1853 2882 Index
1879 2860 1936 2881 ex—

337 2897 510 2937 referring
541 2900 576 2927 to
609 2897 670 2927 the
702 2906 818 2927 versos
841 2906 886 2926 on
913 2897 1042 2935 Hom-y
1067 2896 1105 2926 of
1169 2895 1406 2935 purgatorius.

335 2941 527 2980 Abingdon
545 2941 584 2979 (l.
602 2940 724 2980 831111),
741 2940 860 2969 which
879 2940 918 2970 in
936 2941 993 2970 his
1010 2949 1102 2970 com·
1214 2939 1288 2977 298.
1315 2937 1451 2978 inquit]
1477 2941 1674 2976 Antz‘morus,
1694 2937 1734 2968 f0.
1753 2936 1797 2968 G²
1813 2940 1863 2968 v⁰.

336 2987 503 3024 mental-y
535 2984 679 3015 Brixius
711 2984 889 3013 describes
918 2994 955 3013 as
987 2983 1101 3014 ‘eri
1214 2983 1288 3020 306.
1316 2981 1480 3022 nomine]
1500 2981 1549 3012 Cf.
1570 2982 1631 3021 Ep.
1655 2990 1749 3020 1045.
1769 2988 1808 3011 10
1824 2990 1895 3019 seq.

338 3028 531 3059 ridiculum
556 3026 793 3067 epigramma'
818 3027 871 3067 (ΥΟ.
900 3026 947 3057 11³
965 3028 1031 3066 νο).
1214 3027 1286 3064 328.
1315 3024 1495 3065 Quantus]
1521 3025 1571 3056 Cf.
1590 3025 1688 3065 Verg.
1709 3027 1747 3054 Α.
1769 3026 1799 3055 6.
1820 3033 1893 3064 579.
