1990 3353
291 141 369 180 168
759 137 1009 178 LETTERS
1047 138 1117 178 OF
1155 137 1418 177 ERASMUS

1757 135 1885 190 [15²0

208 268 272 301 350
288 252 394 290 bone
426 251 520 290 vir‘?
533 251 542 267 ⁹
582 250 695 289 Num
729 253 770 288 te
804 250 932 299 pudet
967 252 1052 287 tam
1088 248 1259 298 puerilis
1293 261 1340 286 ac
1373 246 1533 286 ridiculi
1568 247 1806 286 scommatis
1838 247 1885 286 in
1905 249 1909 254 ’

289 308 455 356 gentem
476 305 697 355 Anglicam
720 317 805 342 non
824 304 931 342 male
951 303 1000 341 de
1021 305 1062 341 te
1078 303 1271 341 meritam
1284 303 1304 341 ⁶?
1333 315 1461 352 quum
1478 300 1603 339 etiam
1628 301 1755 350 probe
1782 301 1886 340 scias

291 374 379 398 rem
400 373 516 398 secus
536 359 696 397 habere.
755 358 800 396 Si
821 357 917 395 haec
937 359 1010 395 tua
1029 357 1230 395 modestia
1248 359 1321 404 est,
1332 359 1453 394 .vtere
1475 368 1522 393 ea
1543 367 1638 403 erga
1657 354 1785 394 alios:
1811 369 1885 406 ego

290 414 417 453 talem
461 413 706 451 modestiam
749 425 830 450 non
877 414 984 462 opto.
1060 411 1166 449 Mihi
1204 411 1326 459 paulo
1368 410 1499 448 satius
1542 408 1670 447 fuerit
1709 409 1887 448 aliorum

291 468 558 518 improbitate
586 467 729 505 lacessi
759 479 884 516 quam
918 465 993 504 tali
1026 465 1229 503 modestia
1262 463 1496 503 demulceri.
1557 462 1651 501 Non
1684 463 1887 513 potuisset

209 539 272 572 355
291 523 379 572 ipsa
413 522 638 572 procacitas
672 520 904 570 procaciora
937 519 1099 558 dixisse.
1159 519 1275 566 Quod
1310 519 1345 557 si
1377 518 1530 557 vellem
1563 517 1651 566 pari
1685 517 1887 556 modestia

291 579 429 615 tecum
450 579 616 618 certare,
638 588 767 624 quum
788 587 871 612 non
892 574 999 612 desit
1019 573 1183 619 occasio,
1205 573 1348 611 minus
1366 572 1473 611 forte
1493 572 1652 610 deesset
1673 572 1856 610 materia.

345 630 425 668 Sed
446 643 529 668 non
549 629 742 667 imitabor
760 631 812 667 te.
871 628 987 666 Nihil
1007 630 1174 666 acturus
1193 640 1287 665 sum
1307 629 1422 665 extra
1447 637 1622 672 causam,
1646 639 1775 675 quum
1801 639 1886 664 non

290 685 344 724 sit
378 685 483 722 mihi
516 685 654 722 tecum
688 683 738 721 de
772 682 967 722 conuitiis
999 685 1224 728 certamen,
1256 682 1327 719 sed
1356 681 1406 719 de
1435 680 1572 718 sacris.
1632 679 1718 718 Nec
1746 682 1888 718 tamen

291 739 495 777 destituor
513 738 672 776 viribus
694 737 844 787 quibus
862 736 1106 775 virulentias
1125 739 1218 774 tuas
1244 738 1493 784 tuorumque
1517 746 1719 782 superem.
1779 733 1888 773 Nam

209 800 273 841 360
290 805 456 843 prorsus
484 794 773 830 contemnam:
807 804 882 829 nec
911 793 972 829 est
995 804 1069 829 cur
1095 790 1171 839 pili
1196 789 1344 827 faciam
1371 789 1480 839 quod
1501 789 1584 826 iam
1612 801 1736 838 prope
1762 788 1888 837 vulgo

290 847 442 886 iactata
470 846 525 885 sit
551 846 761 896 prouerbii
790 846 879 883 loco
908 844 1123 883 Erasmica
1151 844 1354 882 modestia
1381 844 1425 881 in
1455 843 1642 881 rabulam
1669 842 1742 892 qui
1768 842 1890 880 furiis

292 901 531 952 quempiam
551 914 597 938 ac
616 900 830 938 dicacitate
850 899 1020 938 lacessit.
1072 899 1181 946 Quin
1202 900 1243 936 et
1264 897 1343 935 fide
1363 897 1518 947 passim
1540 898 1680 935 carent
1699 896 1891 934 crimina·

293 957 427 994 tiones
446 958 552 1003 tuae,
577 954 685 1004 quod
706 954 902 992 omnibus
925 953 980 992 sit
1006 953 1265 1002 exploratum
1291 953 1434 990 odium
1462 964 1610 1001 parum
1641 963 1735 989 vera
1759 950 1886 1000 loqui.

292 1010 349 1048 Et
369 1012 508 1048 tamen
529 1012 627 1047 sunt
648 1009 719 1059 qui
738 1011 778 1046 te
798 1008 1014 1046 honestius
1034 1009 1233 1045 excusant
1254 1007 1362 1056 quod
1382 1005 1654 1044 rethoricaris.

210 1073 272 1115 3⁶5
349 1064 439 1102 Iam
459 1064 631 1113 puderet
650 1063 832 1112 proferre
850 1062 1024 1100 alteram
1043 1060 1391 1108 criminationem,
1416 1060 1522 1110 quod
1550 1062 1638 1098 tam
1665 1072 1812 1109 spurca
1837 1060 1891 1098 sit

293 1120 444 1168 tanque
480 1118 631 1155 foeteat
668 1117 856 1166 podicem
895 1116 1021 1164 olem,
1061 1116 1142 1154 nisi
1181 1115 1288 1164 quod
1329 1115 1427 1152 haec
1464 1114 1643 1153 alterum
1680 1113 1890 1162 specimen

293 1173 485 1222 praebeat
505 1171 707 1210 Erasmici
726 1171 906 1220 pudoris.
966 1170 1079 1208 Haec
1101 1169 1227 1218 igitur
1245 1171 1308 1207 est
1328 1167 1588 1207 huiusmodi:

351 1226 528 1276 ὁ<Α1Ὄη>
562 1225 670 1274 Quid
692 1224 967 1263 emolumenti
987 1225 1166 1262 afferunt
1186 1223 1329 1261 literae
1349 1224 1492 1261 inanes
1508 1224 1529 1261 ⁶?

348 1282 469 1320 CHRI.
490 1280 636 1318 Podici
646 1280 843 1329 tergendo
853 1276 988 1332 [sunt]
997 1278 1344 1325 vtiles,scombris
1356 1276 1626 1315 obuoluendis
1635 1276 1805 1314 idoneae
1813 1278 1889 1314 etc.

349 1336 458 1374 Ave.
488 1334 693 1385 Equidem
715 1334 814 1372 noui
835 1333 1040 1383 quendam
1061 1333 1179 1371 cuius
1199 1331 1344 1381 lingua
1363 1331 1507 1369 malim
1528 1331 1577 1369 ad
1596 1331 1675 1369 hoc
1693 1329 1820 1369 abuti.

351 1389 520 1428 CHRIST.
573 1389 632 1427 At
662 1401 736 1438 ego
770 1389 870 1426 noui
901 1384 1143 1439 [quendam]
1176 1387 1292 1424 cuius
1326 1386 1472 1435 lingua
1503 1385 1635 1424 nihilo
1671 1384 1804 1423 tutius
1838 1383 1894 1422 sit

295 1443 479 1492 abstergi
497 1455 622 1493 quam
642 1442 797 1481 aconiti
816 1442 938 1480 foliis.

350 1499 458 1536 Avo.
490 1498 576 1536 Iste
597 1497 725 1547 igitur
744 1497 895 1546 dignus
914 1499 976 1534 est
995 1495 1067 1545 qui
1082 1494 1293 1533 aconitum
1313 1494 1405 1533 edat
1425 1493 1613 1532 ardeleo‚’

352 1552 443 1590 Iam
464 1565 562 1602 rogo
582 1554 634 1599 te,
659 1551 843 1599 Erasme,
866 1551 1032 1588 heccine
1053 1550 1152 1588 sunt
1180 1550 1304 1587 verba
1329 1551 1370 1586 te
1398 1548 1555 1598 digna?
1583 1546 1654 1597 qui
1678 1545 1811 1586 videri
1831 1546 1896 1584 vis

215 1619 277 1654 375
297 1605 410 1645 solus
430 1606 647 1656 theologus
666 1619 710 1644 ac
731 1618 876 1643 censor
895 1605 1017 1643 orbis.
1077 1604 1185 1652 Quid
1206 1604 1344 1653 potuit
1364 1602 1448 1640 dici
1473 1602 1671 1651 spurcius,
1697 1599 1891 1646 odiosius,

296 1661 574 1700 virulentius‘?
603 1662 690 1698 Aut
704 1660 796 1709 quis
810 1659 967 1703 rabula,
981 1658 1072 1709 quis
1084 1671 1234 1699 scurra,
1250 1657 1342 1706 quis
1356 1657 1523 1704 mimus,
1535 1656 1629 1705 quis
1640 1654 1896 1698 latrinarius,

298 1717 386 1754 tam
405 1715 526 1753 foeda
545 1715 810 1764 expurgasset
830 1714 874 1751 in
896 1725 1147 1762 quemquam
1160 1713 1180 1751 i>
1226 1711 1283 1749 Vt
1304 1713 1457 1750 caetera
1477 1711 1669 1748 omittam
1689 1722 1793 1759 quae
1812 1721 1896 1747 non

298 1772 385 1808 tam
420 1768 694 1817 contemptim
724 1768 867 1805 haberi
897 1767 1093 1817 oportuit,
1125 1767 1190 1804 vel
1222 1766 1347 1804 huius
1381 1764 1599 1803 sacerdotii
1628 1764 1733 1802 ratio
1762 1763 1896 1802 fuerat

298 1823 487 1862 habenda
507 1823 594 1871 tibi,
619 1836 699 1872 quo
720 1835 772 1860 ne
792 1835 860 1860 me
881 1821 1084 1860 christum
1105 1820 1266 1859 domini
1286 1821 1371 1870 ipse
1390 1819 1515 1858 etiam
1537 1817 1716 1857 christus
1737 1816 1897 1856 domini

299 1880 385 1916 tam
408 1877 573 1916 sordide
593 1877 794 1915 foedares.

353 1932 430 1970 Sed
452 1945 518 1969 me
539 1931 672 1980 magis
691 1931 861 1969 miseret
882 1930 944 1968 tui
964 1943 1089 1979 quam
1108 1930 1154 1968 vt
1174 1928 1314 1966 lubeat
1341 1929 1564 1978 quicquam
1591 1925 1759 1975 grauius
1785 1925 1830 1962 in
1855 1928 1896 1962 te

298 1987 545 2036 retorquere,
567 1985 730 2034 quando
751 1988 797 2023 tu
817 1985 998 2034 teipsum
1019 1984 1083 2023 vel
1103 1983 1239 2021 indice
1259 1983 1410 2032 prodis,
1430 1982 1555 2031 fingis
1574 1980 1793 2030 pingisque
1812 1979 1898 2017 tuis

299 2041 433 2090 ipsius
452 2040 666 2079 coloribus.
725 2039 852 2077 Absit
871 2051 969 2077 vero
985 2052 1008 2076 a
1027 2052 1095 2076 me
1114 2038 1156 2076 id
1178 2038 1286 2087 quod
1315 2050 1478 2086 semper
1503 2035 1719 2073 abhorruit
1744 2048 1767 2072 a
1793 2033 1899 2072 meis

299 2094 496 2137 moribus,
538 2095 585 2132 vt
622 2107 859 2143 quenquam
902 2093 1130 2143 publicitus
1167 2091 1393 2129 traducam.
1472 2089 1579 2128 Nam
1625 2089 1732 2138 quod
1777 2087 1899 2126 toties

267 2169 278 2175 -
299 2149 548 2187 virulentiae
587 2162 655 2186 me
693 2161 811 2186 reum
849 2147 964 2191 facis,
1001 2147 1042 2185 id
1080 2148 1188 2185 certe
1233 2145 1334 2184 facis
1371 2144 1551 2183 nimium
1595 2142 1899 2193 suspicionibus

212 1352 277 1386 370

215 1885 279 1924 380

490 2279 563 2308 377.
590 2271 814 2308 expurcasset
834 2279 865 2299 α.
912 2270 1010 2297 Haud
1025 2277 1121 2306 secus,
1141 2269 1172 2296 in
1191 2269 1304 2296 Annos.
1326 2265 1405 2305 ΒΗ,
1425 2266 1668 2305 expurcatum.

346 2388 420 2418 350.
448 2378 668 2419 scommatis]
695 2377 872 2409 Medieval
896 2376 1068 2407 tradition

303 2425 341 2453 in
374 2423 507 2453 France
537 2422 697 2454 asserted
723 2422 804 2452 that
832 2420 1070 2460 Englishmen

301 2476 395 2496 were
420 2465 532 2497 tailed
558 2465 696 2507 (coue):
722 2475 779 2496 see
803 2464 841 2496 Ο.
868 2465 914 2495 Η.
941 2463 1071 2494 Prior's

301 2510 441 2540 edition
459 2510 497 2540 of
514 2507 680 2540 Caxton’s
697 2511 837 2539 Mirrour
852 2510 887 2545 os
906 2511 952 2538 tlte
969 2510 1072 2538 World

307 2553 445 2593 (EETS.
466 2563 517 2591 cx,
540 2563 631 2593 1913,
650 2562 707 2592 pp.
730 2553 829 2591 xviii,
848 2551 936 2591 xix).
956 2552 1071 2581 trans-

1129 2376 1159 2406 is
1184 2376 1349 2415 repeated
1367 2377 1404 2406 in
1430 2375 1623 2418 <Hutten’s
1634 2373 1671 2416 2³>
1695 2376 1899 2404 Hochscrams

1129 2430 1229 2450 ouans
1248 2421 1304 2460 (cf.
1318 2419 1383 2459 Ep.
1406 2420 1496 2457 1083.
1524 2419 1621 2458 2311),
1643 2421 1658 2455 ξ
1677 2418 1718 2447 82
1736 2430 1743 2448 z
1768 2416 1899 2448 cf.;1ls‹›

1130 2464 1231 2494 BRE.
1256 2465 1326 2494 162.
1375 2463 1441 2493 For
1457 2472 1501 2492 an
1520 2462 1775 2501 investigation
1787 2461 1824 2491 of
1838 2460 1899 2491 the

1131 2516 1273 2537 sources
1288 2507 1325 2537 of
1346 2507 1409 2537 the
1430 2506 1569 2546 legend,
1587 2505 1706 2535 which
1728 2505 1758 2534 is
1779 2504 1899 2535 traced

1131 2551 1218 2581 back
1242 2552 1279 2580 to
1303 2550 1381 2589 xii⁰‚
1409 2559 1465 2580 see
1491 2550 1532 2580 G.
1557 2548 1715 2587 Neilson,
1742 2550 1901 2578 Cazcdatns

304 2597 402 2627 lated
426 2597 518 2627 from
544 2597 605 2627 the
632 2599 735 2633 lmaye
760 2598 803 2626 dn
832 2598 952 2626 Monde.
998 2594 1072 2624 The

305 2646 404 2679 story
421 2641 451 2670 is
468 2641 506 2670 in
524 2640 587 2670 the
609 2640 771 2679 original,
793 2640 857 2669 but
875 2638 904 2668 is
920 2638 1071 2669 omitted

305 2685 352 2723 by
371 2684 504 2714 Caxton
523 2683 577 2713 for
594 2683 653 2714 the
670 2683 783 2713 credit
801 2683 838 2713 of
859 2682 916 2711 his:
934 2682 1069 2712 nation.

306 2727 373 2757 ch
387 2727 424 2757 in
438 2728 495 2757 his
506 2730 729 2757 Αηηοὶαίῖοηεε
743 2727 798 2765 (f0.
815 2726 868 2756 CC
880 2726 932 2766 νο)
947 2725 1073 2764 speaks

304 2773 345 2800 of
373 2771 435 2800 the
456 2770 527 2809 jcst
551 2780 588 2800 as
617 2771 822 2809 ‘vulgatum
851 2769 911 2799 sed
941 2768 1073 2798 ridicu-

306 2814 382 2844 111111
397 2812 415 2845 ’.
469 2814 522 2844 Its
552 2814 735 2844 character
765 2822 829 2842 can
863 2814 904 2842 be
937 2811 1072 2851 gauged

308 2859 397 2888 from
416 2856 592 2888 Erasmus'
611 2858 791 2886 reference
816 2858 851 2886 to
876 2856 948 2886 this
971 2856 1073 2894 point

309 2902 343 2931 in
372 2901 433 2931 the
458 2903 607 2938 Apoloyia
633 2910 693 2937 qna
718 2903 872 2936 respondet
895 2900 943 2939 (ff.
966 2898 1006 2928 F²
1021 2901 1070 2938 νο,

310 2943 370 2982 κ“3;
393 2944 514 2974 Jortin
537 2944 573 2975 ii.
597 2943 688 2982 520).
738 2943 792 2973 He
817 2945 946 2973 asscrts
971 2942 1073 2972 there

308 2988 389 3018 that
406 2989 435 3017 it
452 2989 547 3018 must
563 2987 653 3017 have
672 2987 757 3016 been
780 2986 939 3016 inserted
958 2986 996 3016 in
1013 2985 1074 3015 the

308 3034 379 3063 (ull.
405 3034 505 3062 For-m.
534 3031 579 3069 by
595 3040 759 3061 3011101111(ἱ
781 3030 862 3060 else.
910 3029 983 3059 The
1004 3028 1075 3067 jest

1131 2596 1292 2633 Anqlicus,
1318 2594 1421 2632 1896:
1447 2592 1631 2632 reprinted
1656 2592 1747 2622 from
1770 2594 1853 2622 Proc.
1872 2592 1908 2627 of

1134 2640 1271 2675 Glasyow
1306 2639 1553 2674 Arclcaeoloyz'cal
1592 2639 1672 2674 Soc,
1703 2645 1742 2665 21
1778 2634 1899 2666 March

1135 2682 1226 2720 1895.

1175 2725 1249 2762 367.
1279 2722 1504 2764 huiusmodi]
1536 2722 1622 2752 This
1655 2723 1800 2760 extract,
1828 2720 1900 2751 like

1132 2768 1194 2798 the
1212 2767 1404 2806 preceding
1417 2767 1457 2807 (l.
1467 2766 1586 2806 33411),
1598 2766 1626 2796 is
1639 2765 1748 2795 taken
1762 2764 1901 2803 mainly

1132 2811 1223 2841 from
1253 2811 1421 2841 Mat-tons*
1451 2810 1578 2840 second
1607 2809 1746 2840 edition
1771 2808 1809 2838 of
1835 2807 1899 2837 the

1134 2857 1202 2884 Coll.
1230 2857 1402 2892 Fut-mulae,
1430 2854 1464 2884 ff.
1491 2852 1528 2883 b⁴
1544 2855 1592 2891 νο,
1619 2863 1658 2883 c:
1692 2852 1815 2882 where
1838 2851 1900 2881 the

1133 2898 1247 2927 words
1267 2900 1412 2927 scombris
1435 2899 1629 2927 obuoluendis
1645 2895 1715 2926 and
1733 2894 1770 2926 ll.
1794 2903 1902 2933 37o-3

1133 2950 1263 2980 appear
1291 2941 1343 2971 for
1371 2941 1432 2970 the
1458 2940 1535 2970 first
1562 2940 1660 2970 time.
1709 2939 1753 2969 In
1778 2938 1900 2969 March

1138 2993 1219 3022 1522
1238 2984 1296 3023 (cs.
1318 2985 1341 3014 l.
1357 2982 1463 3023 33411)
1482 2983 1569 3023 they
1585 2992 1676 3013 were
1693 2981 1887 3022 expunged.

1178 3037 1252 3066 373.
1277 3027 1433 3067 :xi-deleo]
1459 3026 1507 3057 Cf.
1528 3027 1566 3057 11.
1587 3035 1725 3065 414-15.
