1990 3353
104 141 118 166 1
131 141 144 165 1
156 141 174 177 7
182 126 226 181 3]
536 127 604 166 To
643 127 888 166 FRANOEs
927 126 1270 165 ORANEVELT
1622 128 1698 165 421

99 234 284 274 hominis
318 235 592 285 petulantiam
627 236 816 283 coeperat
849 233 956 272 mihi
986 233 1084 272 bilis
1118 234 1305 281 moueri;
1343 233 1413 271 sed
1442 246 1540 271 mox
1570 234 1700 284 magis

99 289 223 327 libuit
243 289 457 327 hominem
476 289 610 328 ridere
630 301 754 338 quam
774 288 972 326 refellere.

153 343 337 382 Tandem
354 344 435 381 huc
451 344 583 382 euasit
597 343 721 392 longa
735 342 843 389 rixa;
864 343 899 380 si
915 341 1068 380 vellem
1083 341 1251 391 scriptis
1264 341 1408 380 testari
1424 341 1601 380 Louanii
1613 354 1700 390 pro·
1721 349 1759 381 35

99 397 172 436 bos
186 399 228 435 et
242 411 436 447 synceros
449 411 537 436 esse
551 397 774 446 theologos,
789 397 824 435 si
834 396 988 435 vellem
1000 396 1233 434 Lutherum
1247 409 1341 434 meo
1357 395 1452 434 stilo
1468 395 1697 442 confodere,

98 454 190 490 tum
214 465 288 490 nos
314 453 400 491 fore
426 453 602 498 fratres;
631 464 716 488 non
746 451 828 489 alia
855 451 946 500 lege
974 451 1061 488 fore
1089 450 1362 489 concordiam.
1423 449 1635 500 Respondi
1655 453 1700 488 vt

99 506 178 555 ipsi
197 519 240 544 se
260 507 396 556 potius
415 508 669 555 praestarent
689 504 833 554 quales
846 505 1005 543 vellent
1024 504 1179 543 haberi.
1219 505 1281 542 De
1302 504 1486 542 Luthero
1506 504 1698 553 respondi

98 560 205 599 mihi
231 574 315 599 non
343 574 430 599 esse
456 560 501 598 in
528 560 670 598 animo
696 572 808 597 nunc
835 559 1053 597 admisceri
1072 572 1215 598 causae
1235 562 1324 597 tam
1345 558 1521 605 odiosae,
1545 558 1612 596 cui
1632 571 1699 596 me

98 628 314 665 nunquam
334 614 668 654 admiscuissem:
699 627 797 652 nam
825 614 933 663 quod
960 613 1066 651 mihi
1093 627 1178 651 non
1207 613 1394 662 placebat
1411 613 1535 651 illum
1555 613 1700 661 impeti
1719 624 1761 654 40

97 669 346 707 clamoribus
370 669 477 718 apud
508 669 720 719 populum,
744 668 814 706 sed
835 668 974 717 potius
994 667 1114 706 libris
1133 667 1282 706 aeditis
1301 680 1388 706 esse
1408 667 1697 715 refellendum,

98 724 174 761 hoc
208 723 430 762 consilium
464 724 662 761 aduersus
692 723 927 761 Lutherum
961 735 1034 771 pro
1064 722 1269 771 theologis
1301 721 1460 768 facere,
1495 722 1553 759 sic
1585 722 1699 759 enim

97 779 210 816 totus
238 780 400 827 poterat
428 778 594 825 aboleri,
619 777 654 815 si
675 777 789 826 prius
810 779 1026 826 exemptus
1046 776 1193 814 fuisset
1213 789 1263 814 ex
1286 776 1439 814 animis
1466 776 1698 819 hominum,

98 844 193 870 cum
214 845 325 870 nunc
344 832 440 870 libri
460 834 625 870 tantum
646 831 884 869 eximantur
903 844 925 868 e
945 830 1222 877 bibliothecis,
1246 831 1334 880 ipse
1357 832 1523 868 maneat
1543 830 1699 868 infixus

96 886 260 926 animis.
327 887 566 924 Plurimum
600 886 752 924 habere
784 885 978 935 ponderis
1013 885 1269 923 Pontificum
1303 883 1450 931 bullas,
1486 885 1556 922 sed
1590 885 1699 933 apud
1718 895 1757 926 45

97 941 280 980 eruditos
299 942 410 979 viros
436 940 560 990 longe
585 941 680 990 plus
698 940 835 978 valere
863 939 1055 978 libellum
1085 939 1207 977 bonis
1235 938 1496 989 argumentis
1523 952 1568 976 ac
1597 939 1699 977 Scri-

96 997 242 1044 pturae
271 995 438 1034 diuinae
467 994 722 1033 testimoniis
752 1008 837 1032 non
866 997 1082 1044 cogentem
1112 994 1184 1032 sed
1216 994 1458 1031 docentem:
1502 1006 1700 1042 generosa

96 1051 265 1099 ingenia
284 1049 403 1088 facile
426 1049 519 1087 duci
539 1050 707 1097 ratione,
730 1062 815 1087 non
835 1049 1006 1099 perinde
1028 1048 1116 1098 cogi
1137 1048 1322 1097 imperio.
1372 1047 1467 1085 .Nec
1488 1047 1601 1085 enim
1622 1047 1698 1086 hoc

96 1105 264 1142 tantum
293 1117 382 1143 esse
411 1105 692 1153 spectandum,
714 1103 814 1154 quid
843 1106 1049 1141 mereatur
1079 1103 1300 1149 Lutherus,
1332 1102 1403 1140 sed
1433 1115 1511 1152 qua
1539 1102 1698 1140 ratione

96 1159 362 1208 potissimum
382 1159 505 1197 liceat
525 1158 622 1196 huic
644 1158 801 1197 mederi
820 1159 944 1196 malo.
1718 1168 1759 1200 50

151 1212 312 1252 Deinde
338 1226 422 1252 non
443 1212 575 1251 videri
604 1226 784 1262 aequum
803 1215 850 1250 vt
881 1225 954 1261 ego
984 1224 1050 1249 me
1070 1211 1180 1249 vltro
1210 1211 1380 1260 negocio
1409 1210 1695 1258 admiscerem,

96 1267 214 1306 cuius
233 1268 404 1306 initium
425 1280 447 1305 a
467 1281 534 1305 me
555 1281 641 1306 non
661 1268 770 1305 esset
788 1268 935 1305 natum
952 1281 960 1304 :
996 1266 1130 1315 magis
1150 1267 1291 1303 autem
1312 1265 1534 1303 conuenire
1553 1268 1599 1303 vt
1618 1264 1700 1315 ipsi

97 1322 168 1371 qui
187 1322 370 1360 fabulam
390 1322 497 1360 hanc
515 1335 634 1372 agere
649 1322 891 1370 coepissent.
908 1322 1161 1370 peragerent,
1179 1320 1258 1369 ipsi
1277 1320 1404 1358 telam
1422 1333 1544 1369 quam
1562 1321 1699 1358 essent

95 1377 178 1414 orsi
197 1377 471 1424 absoluerent,
490 1376 569 1426 ipsi
589 1376 837 1414 mortarium
852 1375 1043 1414 alliatum
1059 1375 1168 1424 quod
1186 1374 1450 1412 intriuissent
1465 1374 1696 1412 exederent.

95 1431 268 1480 Alioqui
298 1445 366 1469 cur
395 1444 470 1480 ego
499 1430 637 1480 potius
667 1431 712 1468 in
745 1430 980 1468 Lutherum
1014 1429 1192 1467 scribam
1228 1442 1352 1478 quam
1387 1429 1526 1478 quiuis
1560 1428 1756 1468 alius‘?55

97 1485 212 1534 Quod
235 1486 270 1523 si
289 1486 484 1523 insanum
506 1486 560 1523 sit
576 1498 720 1523 omnes
741 1485 955 1534 theologos
975 1484 1020 1521 in
1035 1496 1167 1521 vnum
1188 1483 1374 1530 scribere,
1393 1485 1432 1521 et
1456 1496 1478 1520 a
1497 1483 1637 1531 paucis
1657 1483 1698 1520 id

95 1540 289 1588 praestari
310 1540 452 1589 possit,
476 1540 657 1578 maxime
686 1552 911 1588 congruere
936 1542 981 1576 vt
1009 1537 1071 1575 illi
1102 1538 1146 1575 in
1175 1551 1271 1575 eum
1301 1537 1537 1581 scriberent,
1562 1536 1633 1587 qui
1653 1537 1696 1575 in

93 1593 218 1632 illum
248 1594 539 1643 disputassent,
563 1594 635 1644 qui
663 1594 709 1632 in
738 1593 1006 1631 concionibus
1034 1592 1158 1630 illum
1184 1592 1491 1641 proscidissent,
1524 1591 1595 1641 qui
1625 1605 1698 1630 suo

94 1649 345 1698 praeiudicio
365 1649 481 1698 prius
500 1648 621 1686 illum
643 1648 989 1686 condemnassent
1016 1659 1142 1696 quam
1162 1659 1355 1685 summus
1375 1647 1462 1696 ipse
1486 1645 1693 1684 Pontifex.

95 1703 202 1741 Nam
223 1704 257 1741 si
278 1703 378 1753 quid
398 1703 495 1741 stilo
515 1703 709 1750 valerem,
732 1716 805 1740 nec
835 1702 972 1740 solum
995 1701 1131 1739 valere
1159 1714 1237 1746 me,
1261 1714 1335 1738 nec
1364 1701 1471 1739 hanc
1500 1714 1589 1738 rem
1618 1700 1697 1739 ele·
1716 1711 1757 1743 60

93 1757 234 1806 gantia
261 1757 361 1807 geri,
386 1758 456 1795 sed
485 1757 729 1803 eruditione,
752 1770 876 1806 quam
904 1756 984 1806 ipsi
1014 1755 1095 1794 sibi
1124 1755 1391 1805 potissimum
1420 1755 1695 1794 vindicarent.

95 1812 162 1850 Ad
184 1812 282 1850 haec
301 1813 467 1850 crudele
487 1812 618 1850 videri
646 1825 767 1861 posse
789 1825 857 1849 me
881 1810 977 1849 stilo
1003 1810 1220 1849 confodere
1249 1810 1464 1848 hominem
1493 1809 1577 1848 iam
1607 1823 1696 1859 pro-

94 1867 283 1913 stratum,
306 1867 447 1905 fusum
468 1869 592 1916 atque
611 1866 737 1904 etiam
757 1868 965 1904 exustum.
1027 1865 1246 1903 Praeterea
1274 1877 1327 1902 ne
1355 1866 1496 1902 tutum
1527 1864 1694 1913 quidem

94 1933 183 1959 esse
202 1921 360 1959 irritare
380 1921 425 1958 in
445 1924 566 1970 caput
590 1933 730 1959 meum
757 1920 975 1958 hominem
1003 1932 1079 1957 nec
1105 1918 1350 1957 edentulum
1379 1932 1454 1956 nec
1479 1918 1692 1967 mutilum,

95 1977 134 2013 et
161 1976 231 2025 qui
256 1976 388 2025 plane,
412 1975 519 2025 quod
551 1975 651 2013 libri
680 1976 898 2021 testantur,
920 1975 1090 2012 foenum
1121 1973 1273 2011 habeat
1301 1972 1347 2010 in
1377 1986 1531 2010 cornu:
1562 1985 1694 2023 neque
1712 1984 1753 2025 65

95 2030 200 2068 mihi
235 2030 472 2068 consultum
507 2043 593 2067 esse
629 2031 691 2068 tot
723 2028 961 2078 principum
993 2029 1308 2075 Germanorum,
1341 2029 1404 2066 tot
1436 2027 1693 2065 eruditorum

94 2084 315 2122 hominum
336 2084 429 2122 odia
448 2085 494 2122 in
516 2097 582 2122 me
603 2084 692 2122 sine
712 2096 832 2121 causa
853 2083 1067 2122 concitare.
1128 2082 1241 2130 Quin
1267 2081 1393 2119 etiam
1423 2081 1693 2119 temerarium

94 2139 237 2185 videri,
275 2139 310 2177 si
343 2139 452 2177 mihi
484 2138 742 2188 prouinciam
780 2151 988 2176 sumerem
1024 2150 1149 2186 quam
1184 2149 1306 2174 nemo
1340 2149 1435 2173 cum
1469 2136 1693 2174 autoritate

94 2192 332 2243 delegasset,
369 2193 610 2242 praesertim
645 2205 740 2231 cum
774 2192 939 2231 videam
975 2194 1034 2230 tot
1074 2190 1375 2229 monachorum
1414 2190 1592 2237 ordines,
1630 2193 1694 2228 tot

93 2247 254 2286 scholas
287 2248 410 2286 malle
440 2250 622 2297 spectare
653 2246 840 2285 fabulam
871 2247 978 2284 hanc
1013 2258 1138 2295 quam
1170 2258 1309 2294 agere:
1347 2244 1533 2282 fortassis
1565 2244 1616 2282 ob
1651 2244 1690 2283 id
1714 2259 1754 2293 70

93 2301 200 2352 quod
235 2302 484 2340 addubitent
516 2301 750 2340 cuiusmodi
780 2301 948 2339 futurus
977 2301 1032 2338 sit
1061 2300 1210 2338 exitus.
1270 2299 1354 2337 Nec
1383 2299 1496 2337 enim
1525 2298 1639 2337 abest
1669 2312 1693 2337 a

93 2357 274 2405 periculo
294 2369 345 2394 ne
366 2356 621 2406 catastrophe
642 2355 782 2393 futura
802 2355 858 2393 sit
883 2355 1155 2401 tumultuosa,
1180 2353 1225 2391 ni
1255 2366 1320 2391 res
1349 2353 1692 2391 moderatioribus

93 2410 278 2449 consiliis
306 2412 602 2460 componatur:
631 2410 704 2448 sed
735 2409 968 2460 quicunque
999 2410 1164 2447 futurus
1194 2408 1248 2446 sit
1277 2407 1423 2454 exitus,
1448 2420 1617 2457 praecor
1646 2410 1692 2446 vt

93 2465 209 2503 cedat
247 2465 289 2502 in
329 2464 502 2514 gloriam
541 2464 710 2504 Christi.
781 2464 988 2503 Fortassis
1024 2462 1155 2512 aliqui
1195 2475 1262 2500 me
1301 2461 1483 2500 dixerint
1519 2462 1690 2500 auidum

92 2519 255 2569 gloriae,
292 2520 363 2568 qui
396 2519 506 2556 bello
539 2519 725 2557 confecto
763 2519 1044 2565 aecum-issem,
1082 2529 1220 2555 rerum
1260 2516 1311 2555 ab
1349 2516 1442 2554 aliis
1479 2520 1690 2566 gestarum
1712 2533 1750 2566 75

92 2573 255 2612 laudem
284 2572 390 2610 mihi
420 2573 716 2612 vindicaturus.

145 2629 362 2666 Postremo
392 2640 458 2665 me
488 2640 573 2666 non
601 2640 690 2666 esse
710 2640 838 2678 vsque
867 2627 968 2665 adeo
997 2626 1104 2664 mihi
1128 2626 1329 2675 ignotum,
1354 2626 1400 2664 vt
1421 2624 1558 2663 tenuis
1579 2624 1690 2662 theo-

133 2759 185 2789 35.
212 2747 380 2785 Louaniil
399 2747 450 2778 Cs.
472 2747 534 2787 Ep.
557 2748 649 2778 1162.
667 2757 783 2778 201-2.
925 2757 1023 2784 num,
1057 2745 1188 2776 deinde
1223 2746 1332 2776 etiam
1368 2755 1411 2776 ex
1450 2745 1689 2777 bibliothecis.

133 2803 186 2831 42.
210 2792 277 2823 hoc
292 2790 502 2831 consilium]
518 2790 570 2822 Cf.
590 2789 731 2821 Faber's
753 2793 855 2822 Consi·
923 2790 1027 2820 Nunc
1050 2789 1243 2820 exurendis
1262 2789 1363 2819 libris
1382 2790 1544 2820 fortassis
1567 2789 1687 2828 aliqua

89 2839 169 2867 lium
188 2838 258 2875 {see
276 2844 309 2874 p.
327 2835 426 2873 357):
455 2834 554 2865 ‘Hoc
577 2835 639 2873 qui
661 2835 854 2865 consulunt
924 2843 965 2864 ex
974 2833 1687 2874 partediuelleturebibliothecis,sedin-

92 2889 163 2911 non
180 2879 305 2910 fauent
320 2878 488 2911 Luthero.
506 2877 566 2909 sed
584 2877 704 2909 ordini
722 2877 854 2909 theolo-
924 2878 1029 2908 terim
1045 2876 1144 2907 illius
1160 2877 1348 2916 opiniones
1365 2876 1497 2907 infixae
1510 2879 1597 2907 sunt
1611 2876 1687 2906 ani-

91 2921 644 2963 gieoPontificiaequedignitati.
668 2921 853 2960 Siquidem
924 2922 992 2951 mis
1008 2919 1272 2960 plurimorum!
1305 2919 1358 2951 cf.
1375 2921 1437 2960 Ep.
1458 2929 1550 2958 1153.
1571 2920 1686 2959 154-8.

92 2967 157 2998 hae
174 2966 232 2997 via
249 2965 427 2996 Lutherus
446 2965 588 3004 plenius
609 2964 741 2996 aboleri
759 2967 854 3005 pote·
967 2974 1018 3003 47.
1045 2973 1213 3004 generosa
1238 2963 1398 3005 ingenia]
1424 2963 1475 2994 Cf.
1501 2964 1564 3002 Ep.
1591 2971 1685 3001 1153.

92 3013 156 3049 rat,
172 3010 328 3050 primum
340 3010 530 3048 exemptus
543 3018 583 3039 ex
597 3009 729 3039 animis
739 3008 853 3039 homi·
926 3018 1022 3046 152n.
