1990 3353
67 138 84 163 1
93 139 112 164 2
123 140 138 164 1
147 124 189 179 3]
509 129 665 168 FROM
703 129 860 169 PAUL
899 127 1228 169 BOMBASIUS
1589 130 1670 167 529

66 237 314 286 congeriem,
338 250 361 275 a
381 237 557 287 pristino
585 236 658 275 illo
679 237 817 276 studio
838 239 982 276 nostro
1001 237 1169 287 penitus
1188 236 1505 275 abhorrentium
1522 250 1531 283 3
1568 249 1671 286 quae

65 291 279 340 perplures
298 292 382 330 iam
402 305 534 330 annos
557 292 614 329 ita
643 304 710 329 me
739 291 1022 331 distraxerunt
1042 294 1086 330 vt
1117 305 1223 341 pene
1252 290 1303 329 ab
1334 291 1452 328 omni
1482 290 1672 329 doctrina

66 346 107 382 et
138 344 401 384 humanitate
433 346 709 384 abstraxerint
743 347 784 384 et
814 346 864 383 ad
898 346 1038 384 nescio
1069 359 1194 396 quam
1228 345 1413 395 ἀμουσίαν
1444 344 1668 394 adegerint.
1693 360 1711 391 5

67 398 144 437 Cui
169 401 216 437 vt
246 413 331 437 non
361 399 498 438 solum
527 402 672 438 contra
700 400 871 448 genium
901 413 1042 438 meum
1073 400 1229 438 seruire
1257 400 1328 438 sed
1357 399 1485 437 etiam
1514 399 1672 448 placere

67 453 203 492 modis
233 454 430 493 omnibus
458 454 659 501 studeam,
692 454 859 492 δυσωπία
887 471 942 494 τις
970 468 1038 492 1110
1066 454 1187 504 cogit,
1217 467 1269 492 ne
1298 453 1454 492 scilicet
1483 453 1524 492 in
1555 455 1672 491 tanta

67 506 173 545 bene
205 508 406 557 gerendae
440 508 499 546 rei
542 508 750 547 occasione
789 508 895 547 mihi
935 508 1017 558 ipsi
1055 509 1233 547 defuisse
1271 508 1479 546 curiosum
1518 508 1672 557 vulgus

67 561 233 610 iudicet,
269 575 418 611 meque
451 562 636 601 leuitatis
668 565 839 612 arguat3
878 564 1010 601 aetate
1043 563 1227 610 interim,
1258 564 1305 600 vt
1334 562 1460 609 vides,
1492 562 1670 609 labente,

67 628 141 654 nec
161 616 427 655 facultatibus
453 617 555 655 adeo
580 617 860 655 crescentibus
879 619 925 655 vt
954 630 1098 655 earum
1129 630 1215 655 non
1243 617 1466 666 poeniteat,
1490 616 1674 666 ipsisque
1696 629 1734 650 10

68 669 272 709 bonarum
301 671 517 709 literarum
547 671 703 710 iactura
732 671 992 721 compensari
1020 671 1161 721 possit.
1223 671 1470 721 Quanquam
1501 684 1584 708 11011
1616 671 1674 709 ita

68 737 232 763 mecum
253 725 438 775 maligne
459 726 595 774 agitur
614 729 660 764 vt
687 726 736 764 ad
763 726 1052 775 professoriam
1080 725 1270 775 linguam
1296 725 1555 763 redeundum
1588 725 1673 763 fore

66 778 250 818 timeam.
303 779 410 818 Nam
430 779 589 819 reditus
608 793 769 819 annuos
788 780 838 818 ad
859 792 964 819 cccc.
987 780 1158 818 ducatos
1177 779 1308 818 nullis
1329 779 1456 818 sacris
1476 779 1672 825 addictos,

68 846 143 871 1100
162 833 352 872 fortunae
372 834 442 872 sed
462 834 694 873 industriae
714 847 830 872 meae
855 836 1043 885 acceptos
1063 835 1265 881 ferendos,
1287 834 1384 872 auxi
1403 848 1411 880 ;
1441 846 1545 882 quos
1572 846 1674 871 nun-

68 901 194 937 quam
229 901 279 926 ex
310 888 493 927 literario
524 889 599 927 illo
634 889 722 927 ocio
756 901 921 939 sperare
954 902 999 927 ac
1033 902 1085 927 ne
1115 889 1327 927 somniare
1359 888 1527 937 quidem
1567 888 1674 926 mihi
1696 902 1735 933 15

67 942 264 980 licuisset.
327 943 487 991 Quibus
524 943 560 981 si
598 945 736 982 tecum
773 943 995 994 aliquando
1033 943 1163 981 libere
1202 943 1286 981 frui
1323 955 1498 991 possem,
1536 942 1676 981 Croesi

68 997 274 1035 thesauris
304 1010 389 1035 non
418 997 664 1046 inuiderem,
693 997 882 1048 iustaque
914 998 1020 1036 mihi
1049 999 1216 1036 daretur
1245 997 1296 1036 ab
1326 996 1480 1046 ineptis
1509 997 1602 1035 istis
1631 1009 1675 1034 ac

68 1064 215 1100 parum
245 1051 486 1090 liberalibus
516 1052 625 1090 curis
656 1052 811 1090 missio.
869 1052 1002 1100 Quare
1023 1054 1068 1090 vt
1097 1052 1300 1090 Hercules
1330 1052 1380 1089 ad
1411 1050 1675 1089 liberandum

68 1105 239 1152 Thesea,
257 1106 314 1144 ita
334 1107 374 1144 et
395 1108 440 1144 tu
461 1106 510 1144 ad
533 1107 807 1145 Bombasium
820 1107 999 1145 vinculis
1018 1106 1320 1151 redimendum,
1344 1118 1428 1143 non
1448 1105 1499 1143 ad
1520 1105 1676 1143 inferos

68 1162 114 1198 vt
144 1159 225 1207 ille,
259 1160 331 1198 sed
360 1161 408 1199 ad
440 1160 678 1199 liberiorem
707 1161 815 1200 hanc
845 1164 885 1200 et
914 1161 1048 1211 magis
1077 1161 1231 1200 claram
1261 1161 1433 1198 caeteris
1466 1160 1612 1205 lucem,
1636 1162 1676 1197 te
1698 1173 1738 1195 20

68 1214 253 1252 conferas
285 1228 383 1264 rogo
416 1217 456 1253 et
490 1216 677 1254 obsecro:
720 1217 756 1254 si
790 1216 916 1254 modo
950 1229 1046 1254 eum
1080 1229 1148 1253 me
1179 1229 1266 1254 esse
1304 1227 1444 1253 censes
1475 1228 1599 1264 quem
1631 1214 1675 1252 in

69 1268 220 1306 studiis
240 1270 399 1307 socium
421 1269 573 1308 habere
594 1283 677 1308 non
699 1272 739 1308 te
764 1272 983 1320 poeniteat,
1008 1270 1076 1308 vel
1105 1273 1214 1308 certe
1243 1269 1478 1308 studiorum
1506 1272 1675 1307 tuorum

67 1323 370 1361 admiratorem.

123 1378 369 1427 Complures
398 1391 570 1428 magnos
591 1379 703 1417 viros
733 1379 802 1417 1110
828 1392 915 1418 0880
943 1379 1058 1426 scito.
1083 1379 1154 1428 qui
1180 1380 1277 1417 tuae
1303 1378 1437 1416 famae
1462 1377 1676 1427 impendio

68 1431 224 1479 fauent,
266 1432 426 1482 tibique
465 1433 666 1472 aduersus
705 1447 973 1483 quoscunque
1011 1434 1336 1483 patrocinantur.
1415 1432 1595 1470 Leonem
1634 1445 1673 1470 x.
1695 1441 1735 1472 25

69 1487 250 1524 maxime
277 1487 509 1537 propitium
538 1488 691 1534 habes:
736 1489 801 1526 cui
831 1488 995 1537 quoties
1024 1491 1121 1526 tuae
1149 1487 1199 1525 ad
1230 1500 1498 1537 quoscunque
1532 1486 1677 1524 literae

70 1540 360 1589 ostenduntur,
380 1554 448 1579 eas
468 1542 709 1580 auidissime
730 1542 833 1592 legit
853 1545 893 1580 et
916 1542 1209 1580 candidissime
1229 1541 1382 1579 laudat.
1418 1541 1677 1578 Nouissimas

69 1595 120 1634 ad
160 1608 228 1633 me
266 1597 368 1641 tuas,
405 1599 626 1646 postquam
666 1597 746 1635 sibi
780 1610 855 1646 per
889 1597 938 1634 R.
971 1597 1088 1635 Card.
1126 1609 1268 1634 meum
1307 1595 1462 1633 delatas
1494 1595 1673 1645 legisset,

70 1649 215 1687 diebus
233 1649 392 1700 aliquot
412 1652 505 1700 post
524 1651 701 1701 repetiit,
724 1664 770 1689 ac
790 1650 982 1690 Sadoleto
1002 1654 1042 1689 et
1061 1650 1156 1689 aliis
1177 1650 1309 1689 doctis
1335 1650 1529 1700 legendas
1549 1649 1673 1687 dedit.

71 1703 125 1741 In
151 1704 303 1753 quibus
330 1705 407 1743 hoc
427 1719 570 1753 vnum,
601 1719 695 1744 111οο
715 1706 859 1756 vtique
885 1705 1050 1753 iudicio,
1075 1718 1240 1755 peccare
1260 1705 1378 1743 visus
1404 1704 1535 1751 fuisti,
1567 1704 1675 1753 quod
1698 1715 1738 1746 30

70 1758 199 1797 nimis
219 1758 353 1797 multa
374 1760 423 1798 de
446 1759 484 1797 N
489 1774 520 1798 .:
551 1773 647 1799 cum
676 1762 748 1799 tua
774 1774 821 1798 eo
849 1761 933 1798 iam
960 1760 1197 1810 peruenerit
1215 1759 1326 1797 fama
1346 1761 1392 1797 vt
1413 1771 1677 1808 quoscunque

70 1813 121 1851 de
141 1815 181 1850 te
201 1826 414 1852 sermones
440 1815 533 1863 plus
557 1815 740 1853 inuidiae
760 1828 887 1865 quam
914 1814 1059 1853 iudicii
1083 1814 1407 1864 praeseferentes
1426 1813 1677 1851 floccifacere

70 1867 227 1916 possis;
257 1869 499 1916 praesertim
527 1867 664 1907 Leone
693 1869 953 1918 Pont<ifice>
988 1869 1093 1907 bene
1122 1869 1220 1906 adeo
1247 1868 1296 1906 de
1326 1870 1366 1906 te
1396 1868 1603 1905 sentiente
1633 1869 1678 1905 vt

71 1921 311 1971 Hispanum
342 1924 480 1961 nescio
514 1936 638 1972 quem
677 1924 721 1962 in
760 1924 913 1973 scripta
950 1926 1022 1962 tua
1054 1923 1276 1972 procaciter
1308 1922 1535 1969 inuectum,
1570 1922 1677 1960 sicut

71 1976 202 2023 audio,
225 1977 436 2015 monuerit
458 1991 508 2015 ne
530 1978 629 2027 quid
650 1977 694 2016 in
714 1980 925 2027 posterum
953 1978 1095 2016 aedere
1116 1977 1218 2016 velit
1239 1976 1347 2026 quod
1375 1989 1529 2014 nomen
1557 1979 1676 2014 tuum
1696 1986 1736 2018 35

73 2031 319 2080 proscindat,
343 2034 383 2070 et
412 2032 448 2070 si
467 2032 631 2070 veritati
657 2032 798 2070 adesse
827 2032 966 2079 libeat,
990 2032 1032 2070 id
1059 2046 1106 2070 eo
1138 2033 1470 2081 temperamento
1490 2030 1613 2068 faciat
1633 2033 1677 2069 vt

73 2085 181 2122 nihil
202 2085 296 2123 odio
315 2087 387 2124 aut
406 2085 533 2124 liuori
553 2087 714 2125 dedisse
732 2087 932 2125 videatur.

129 2139 262 2187 Quem
282 2153 379 2178 cum
398 2143 456 2188 tu,
474 2141 518 2178 in
539 2141 628 2179 eius
649 2154 770 2180 causa
788 2144 876 2179 tam
893 2141 1000 2179 iusta
1020 2142 1060 2178 et
1083 2139 1150 2190 pia
1171 2139 1310 2184 silens,
1329 2139 1428 2178 adeo
1449 2138 1677 2188 beni-gnum

74 2193 236 2242 habeas,
261 2195 362 2244 quid
382 2195 574 2233 futurum
594 2193 760 2245 putares
781 2196 815 2234 si
835 2209 909 2245 pro
930 2209 976 2233 eo
996 2194 1064 2233 vel
1084 2194 1224 2244 potius
1243 2194 1413 2232 veritate
1433 2193 1533 2243 ipsa,
1553 2206 1677 2242 quam

74 2247 303 2286 Lutherani
324 2249 406 2297 isti,
431 2250 553 2287 nouis
573 2249 694 2288 rebus
710 2251 926 2288 studentes
942 2262 987 2287 ac
1008 2250 1197 2287 haereses
1223 2248 1472 2298 iampridem
1489 2248 1678 2297 explosas
1698 2258 1740 2289 40

75 2304 115 2340 et
135 2303 340 2341 extinctas
359 2304 596 2353 importune
616 2304 858 2351 excitantes,
875 2304 1017 2354 impiis
1037 2303 1172 2341 modis
1193 2303 1426 2341 conuellere
1447 2315 1490 2340 ac
1512 2302 1680 2352 penitus

75 2357 266 2395 demoliri
298 2357 504 2406 nituntur,
534 2371 648 2397 arma
676 2372 861 2397 sumeres
891 2361 931 2396 et
961 2360 1170 2403 strennue,
1197 2360 1242 2395 vt
1273 2357 1394 2402 nosti,
1425 2357 1681 2395 decertares?

465 2484 517 2514 28.
544 2484 582 2515 R.
603 2483 706 2515 Card.
724 2486 773 2514 F:
798 2483 1025 2515 Cardinalem
1043 2485 1237 2523 patronum
1253 2485 1296 2515 Η.

121 2575 152 2604 3.
177 2566 296 2596 studio
315 2567 450 2607 nostro]
466 2570 502 2598 at
520 2567 677 2607 Bologna
696 2568 734 2597 in
752 2577 844 2606 1507.
918 2567 1007 2597 with
1022 2565 1393 2606 proprietycomplain
1406 2567 1441 2596 to
1454 2564 1680 2603 Bombasius,

126 2619 174 2640 12.
201 2611 465 2652 professoriam]
479 2611 542 2641 See
558 2612 620 2650 Ep.
634 2621 698 2641 210
711 2611 846 2642 introd.
917 2611 1054 2650 though
1073 2612 1136 2640 not
1156 2612 1192 2640 to
1209 2610 1270 2639 the
1291 2609 1393 2649 Pope.

123 2662 173 2691 27.
204 2653 440 2694 Nouissimas]
481 2654 640 2695 Perhaps
687 2658 846 2686 contem-
959 2664 1012 2693 34.
1040 2654 1265 2693 Hispanum]
1297 2653 1443 2683 Stuniea
1462 2663 1469 2690 ς
1501 2663 1557 2683 see
1586 2654 1674 2693 App.

79 2706 208 2736 porary
225 2697 316 2727 with
332 2708 378 2728 an
396 2707 537 2729 answer
553 2701 589 2729 to
607 2699 668 2738 Ep.
693 2699 786 2729 1180.
920 2706 966 2736 15.

123 2741 174 2771 28.
202 2740 242 2772 R.
260 2740 382 2783 Card.]
409 2742 446 2772 L.
469 2741 572 2772 Pucci
592 2753 599 2772 z
623 2752 678 2772 see
696 2742 758 2782 Ep.
779 2742 846 2772 860
959 2750 1010 2780 35.
1039 2739 1239 2780 monuerit]
1258 2739 1322 2770 See
1339 2740 1401 2779 Ep.
1422 2741 1500 2778 1581
1522 2751 1528 2773 :
1555 2741 1617 2771 hut
1634 2742 1677 2769 ct.

80 2783 213 2815 introd.
916 2785 1003 2824 Epp.
1028 2785 1119 2814 1260.
1142 2785 1281 2823 188—94,
1306 2785 1396 2814 1268.
1420 2793 1514 2822 70-5.

123 2836 175 2866 29.
202 2827 378 2869 Sadolcto]
399 2828 463 2859 See
480 2828 542 2868 Ep.
564 2838 641 2868 1511
662 2828 795 2859 inti-od.
958 2839 1008 2866 42.
1036 2827 1253 2867 decertares]
1300 2827 1354 2858 Cf.
1394 2827 1456 2866 Ep.
1500 2828 1592 2863 1180,
1642 2827 1677 2856 111

126 2880 178 2909 31.
205 2871 264 2911 Ν.]
297 2871 399 2902 From
428 2872 606 2902 Erasmus'
632 2872 734 2911 reply
759 2872 838 2911 (Ep.
914 2872 1034 2902 which
1053 2872 1114 2901 the
1132 2880 1227 2901 same
1245 2871 1338 2901 wish
1364 2871 1393 2901 is
1414 2873 1475 2901 not
1496 2871 1680 2908 obscur-Ay

86 2916 179 2953 1236.
198 2925 307 2953 9-13;
332 2915 374 2945 cf.
402 2916 490 2955 Epp.
519 2917 614 2954 1218,
643 2917 738 2955 1219)
767 2916 840 2946 this
911 2915 1118 2952 indicamh
1145 2915 1227 2951 and,
1255 2915 1309 2944 for
1333 2924 1353 2944 a
1377 2914 1517 2944 similar
1540 2924 1679 2953 sug-ges-

83 2967 211 2996 person
230 2968 314 2998 may
332 2960 371 2989 be
397 2958 582 2990 identified
603 2959 690 2989 with
711 2959 840 2989 Alean-
911 2960 988 2988 tion
1002 2958 1105 2988 made
1120 2958 1212 2988 from
1226 2958 1288 2988 the
1302 2957 1473 2996 Imperial
1492 2957 1678 2995 si‹10‚Ep1›.

83 3000 168 3031 der:
209 3002 316 3033 about
350 3002 468 3033 whom
506 3003 674 3033 Erasmus
712 3003 828 3042 might
914 3004 1006 3041 1269.
1019 3012 1113 3040 7-10,
1128 3011 1218 3040 1270.
1245 3002 1309 3031 See
1322 3002 1394 3032 also
1406 3010 1428 3040 1,
1446 3011 1478 3041 p.
1494 3010 1544 3039 35.
1564 3010 1679 3030 11-20.

145 3067 220 3088 4⁶²«
833 3071 861 3095 M
884 3071 926 3096 m
