<?xml version="1.0" encoding="UTF-8"?>
<!DOCTYPE html PUBLIC "-//W3C//DTD XHTML 1.0 Transitional//EN"
    "http://www.w3.org/TR/xhtml1/DTD/xhtml1-transitional.dtd">
<html xmlns="http://www.w3.org/1999/xhtml" xml:lang="en" lang="en">
 <head>
  <title>
</title>
<meta http-equiv="Content-Type" content="text/html;charset=utf-8" />
  <meta name='ocr-system' content='tesseract 3.04.00' />
  <meta name='ocr-capabilities' content='ocr_page ocr_carea ocr_par ocr_line ocrx_word'/>
</head>
<body>
  <div class='ocr_page' id='page_1' title='image "./opusepistolarumd04erasuoft_0478.png"; bbox 0 0 1990 3353; ppageno 0'>
   <div class='ocr_carea' id='block_1_1' title="bbox 299 111 1431 154">
    <p class='ocr_par' dir='ltr' id='par_1_1' title="bbox 299 111 1431 154">
     <span class='ocr_line' id='line_1_1' title="bbox 299 111 1431 154; baseline -0.002 -1"><span class='ocrx_word' id='word_1_1' title='bbox 299 115 380 154; x_wconf 84' lang='lat'>430</span> <span class='ocrx_word' id='word_1_2' title='bbox 765 113 1016 153; x_wconf 86' lang='lat' dir='ltr'>LETTERS</span> <span class='ocrx_word' id='word_1_3' title='bbox 1055 113 1124 152; x_wconf 89' lang='lat' dir='ltr'>OF</span> <span class='ocrx_word' id='word_1_4' title='bbox 1163 111 1431 152; x_wconf 85' lang='lat' dir='ltr'>ERASMUS</span> 
     </span>
    </p>
   </div>
   <div class='ocr_carea' id='block_1_2' title="bbox 222 108 1913 1620">
    <p class='ocr_par' dir='ltr' id='par_1_2' title="bbox 222 108 1913 1620">
     <span class='ocr_line' id='line_1_2' title="bbox 1775 108 1900 164; baseline -0.008 -16"><span class='ocrx_word' id='word_1_5' title='bbox 1775 108 1900 164; x_wconf 90' lang='lat'>[1520</span> 
     </span>
     <span class='ocr_line' id='line_1_3' title="bbox 300 220 1900 274; baseline -0.004 -11"><span class='ocrx_word' id='word_1_6' title='bbox 300 224 425 274; x_wconf 88' lang='lat' dir='ltr'>vulgo</span> <span class='ocrx_word' id='word_1_7' title='bbox 453 224 641 273; x_wconf 76' lang='lat' dir='ltr'>protritis</span> <span class='ocrx_word' id='word_1_8' title='bbox 664 236 787 273; x_wconf 87' lang='lat' dir='ltr'>quam</span> <span class='ocrx_word' id='word_1_9' title='bbox 818 225 880 261; x_wconf 90' lang='lat' dir='ltr'>est</span> <span class='ocrx_word' id='word_1_10' title='bbox 904 223 1100 262; x_wconf 80' lang='lat' dir='ltr'><strong>Perottus</strong></span> <span class='ocrx_word' id='word_1_11' title='bbox 1127 224 1198 261; x_wconf 88' lang='lat' dir='ltr'>aut</span> <span class='ocrx_word' id='word_1_12' title='bbox 1225 221 1464 260; x_wconf 82' lang='lat' dir='ltr'><strong>Beroaldus.</strong></span> <span class='ocrx_word' id='word_1_13' title='bbox 1527 220 1746 260; x_wconf 84' lang='lat' dir='ltr'>Caeterum</span> <span class='ocrx_word' id='word_1_14' title='bbox 1774 233 1828 259; x_wconf 88' lang='lat' dir='ltr'>an</span> <span class='ocrx_word' id='word_1_15' title='bbox 1857 220 1900 258; x_wconf 91' lang='lat' dir='ltr'>in</span> 
     </span>
     <span class='ocr_line' id='line_1_4' title="bbox 222 273 1901 327; baseline -0.003 -10"><span class='ocrx_word' id='word_1_16' title='bbox 222 290 282 312; x_wconf 88' lang='lat'>100</span> <span class='ocrx_word' id='word_1_17' title='bbox 301 278 516 317; x_wconf 88' lang='lat' dir='ltr'>tractando</span> <span class='ocrx_word' id='word_1_18' title='bbox 538 277 671 316; x_wconf 87' lang='lat' dir='ltr'>nihilo</span> <span class='ocrx_word' id='word_1_19' title='bbox 685 279 724 315; x_wconf 88' lang='lat' dir='ltr'>te</span> <span class='ocrx_word' id='word_1_20' title='bbox 744 277 825 315; x_wconf 89' lang='lat' dir='ltr'>sim</span> <span class='ocrx_word' id='word_1_21' title='bbox 846 278 1044 327; x_wconf 73' lang='lat' dir='ltr'>superior,</span> <span class='ocrx_word' id='word_1_22' title='bbox 1062 277 1132 315; x_wconf 84' lang='lat' dir='ltr'>alii</span> <span class='ocrx_word' id='word_1_23' title='bbox 1150 276 1345 315; x_wconf 86' lang='lat' dir='ltr'>iudicent.</span> <span class='ocrx_word' id='word_1_24' title='bbox 1387 276 1475 324; x_wconf 87' lang='lat' dir='ltr'>Ego</span> <span class='ocrx_word' id='word_1_25' title='bbox 1496 276 1658 325; x_wconf 87' lang='lat' dir='ltr'>cupiam</span> <span class='ocrx_word' id='word_1_26' title='bbox 1680 274 1738 313; x_wconf 90' lang='lat' dir='ltr'>sic</span> <span class='ocrx_word' id='word_1_27' title='bbox 1754 273 1901 313; x_wconf 90' lang='lat' dir='ltr'>efflore-</span> 
     </span>
     <span class='ocr_line' id='line_1_5' title="bbox 302 328 1854 382; baseline -0.003 -12"><span class='ocrx_word' id='word_1_28' title='bbox 302 346 414 372; x_wconf 83' lang='lat' dir='ltr'>scere</span> <span class='ocrx_word' id='word_1_29' title='bbox 432 332 574 370; x_wconf 80' lang='lat' dir='ltr'>literas</span> <span class='ocrx_word' id='word_1_30' title='bbox 594 333 639 369; x_wconf 88' lang='lat' dir='ltr'>vt</span> <span class='ocrx_word' id='word_1_31' title='bbox 660 345 725 369; x_wconf 90' lang='lat' dir='ltr'>me</span> <span class='ocrx_word' id='word_1_32' title='bbox 746 345 769 369; x_wconf 88' lang='lat' dir='ltr'>a</span> <span class='ocrx_word' id='word_1_33' title='bbox 788 333 904 382; x_wconf 87' lang='lat' dir='ltr'>tergo</span> <span class='ocrx_word' id='word_1_34' title='bbox 924 332 1164 382; x_wconf 77' lang='lat' dir='ltr'>relinquant</span> <span class='ocrx_word' id='word_1_35' title='bbox 1184 343 1337 376; x_wconf 88' lang='lat' dir='ltr'>omnes,</span> <span class='ocrx_word' id='word_1_36' title='bbox 1362 343 1448 368; x_wconf 91' lang='lat' dir='ltr'>non</span> <span class='ocrx_word' id='word_1_37' title='bbox 1468 330 1591 368; x_wconf 90' lang='lat' dir='ltr'>modo</span> <span class='ocrx_word' id='word_1_38' title='bbox 1610 328 1854 378; x_wconf 85' lang='lat' dir='ltr'>Polydorus.</span> 
     </span>
     <span class='ocr_line' id='line_1_6' title="bbox 356 382 1902 435; baseline -0.003 -11"><span class='ocrx_word' id='word_1_39' title='bbox 356 387 512 426; x_wconf 89' lang='lat' dir='ltr'>Verum</span> <span class='ocrx_word' id='word_1_40' title='bbox 532 386 632 424; x_wconf 90' lang='lat' dir='ltr'>haec</span> <span class='ocrx_word' id='word_1_41' title='bbox 653 399 747 424; x_wconf 89' lang='lat' dir='ltr'>cum</span> <span class='ocrx_word' id='word_1_42' title='bbox 769 386 1054 424; x_wconf 81' lang='lat' dir='ltr'>manifestiora</span> <span class='ocrx_word' id='word_1_43' title='bbox 1075 386 1159 424; x_wconf 87' lang='lat' dir='ltr'>sint</span> <span class='ocrx_word' id='word_1_44' title='bbox 1179 398 1304 435; x_wconf 89' lang='lat' dir='ltr'>quam</span> <span class='ocrx_word' id='word_1_45' title='bbox 1320 386 1364 422; x_wconf 88' lang='lat' dir='ltr'>vt</span> <span class='ocrx_word' id='word_1_46' title='bbox 1383 384 1526 434; x_wconf 86' lang='lat' dir='ltr'>negari</span> <span class='ocrx_word' id='word_1_47' title='bbox 1546 385 1707 433; x_wconf 85' lang='lat' dir='ltr'>queant,</span> <span class='ocrx_word' id='word_1_48' title='bbox 1730 382 1902 421; x_wconf 88' lang='lat' dir='ltr'>vbinam</span> 
     </span>
     <span class='ocr_line' id='line_1_7' title="bbox 302 439 1904 490; baseline -0.003 -11"><span class='ocrx_word' id='word_1_49' title='bbox 302 443 363 479; x_wconf 89' lang='lat' dir='ltr'>est</span> <span class='ocrx_word' id='word_1_50' title='bbox 383 440 463 479; x_wconf 90' lang='lat' dir='ltr'>ista</span> <span class='ocrx_word' id='word_1_51' title='bbox 483 440 637 478; x_wconf 89' lang='lat' dir='ltr'>veritas</span> <span class='ocrx_word' id='word_1_52' title='bbox 657 453 781 490; x_wconf 88' lang='lat' dir='ltr'>quam</span> <span class='ocrx_word' id='word_1_53' title='bbox 808 440 853 478; x_wconf 91' lang='lat' dir='ltr'>in</span> <span class='ocrx_word' id='word_1_54' title='bbox 880 441 1135 490; x_wconf 84' lang='lat' dir='ltr'>praefatione</span> <span class='ocrx_word' id='word_1_55' title='bbox 1161 439 1306 477; x_wconf 89' lang='lat' dir='ltr'>scribis</span> <span class='ocrx_word' id='word_1_56' title='bbox 1333 439 1476 488; x_wconf 86' lang='lat' dir='ltr'>procul</span> <span class='ocrx_word' id='word_1_57' title='bbox 1496 439 1713 476; x_wconf 80' lang='lat' dir='ltr'>eminere?</span> <span class='ocrx_word' id='word_1_58' title='bbox 1743 449 1904 486; x_wconf 89' lang='lat' dir='ltr'>quaque</span> 
     </span>
     <span class='ocr_line' id='line_1_8' title="bbox 303 490 1905 544; baseline -0.003 -11"><span class='ocrx_word' id='word_1_59' title='bbox 303 496 434 534; x_wconf 88' lang='lat' dir='ltr'>fretus</span> <span class='ocrx_word' id='word_1_60' title='bbox 461 494 560 533; x_wconf 90' lang='lat' dir='ltr'>boni</span> <span class='ocrx_word' id='word_1_61' title='bbox 585 494 778 542; x_wconf 85' lang='lat' dir='ltr'>consulis,</span> <span class='ocrx_word' id='word_1_62' title='bbox 802 495 911 544; x_wconf 90' lang='lat' dir='ltr'>quod</span> <span class='ocrx_word' id='word_1_63' title='bbox 937 508 1012 544; x_wconf 90' lang='lat' dir='ltr'>ego</span> <span class='ocrx_word' id='word_1_64' title='bbox 1037 494 1213 533; x_wconf 87' lang='lat' dir='ltr'>callidus</span> <span class='ocrx_word' id='word_1_65' title='bbox 1241 493 1523 531; x_wconf 81' lang='lat' dir='ltr'>dissimulator</span> <span class='ocrx_word' id='word_1_66' title='bbox 1551 494 1721 530; x_wconf 87' lang='lat' dir='ltr'>conatus</span> <span class='ocrx_word' id='word_1_67' title='bbox 1749 491 1829 530; x_wconf 89' lang='lat' dir='ltr'>sim</span> <span class='ocrx_word' id='word_1_68' title='bbox 1858 490 1905 528; x_wconf 92' lang='lat' dir='ltr'>in</span> 
     </span>
     <span class='ocr_line' id='line_1_9' title="bbox 223 544 1905 598; baseline -0.004 -10"><span class='ocrx_word' id='word_1_69' title='bbox 223 559 281 590; x_wconf 89' lang='lat'>105</span> <span class='ocrx_word' id='word_1_70' title='bbox 302 549 455 598; x_wconf 86' lang='lat' dir='ltr'>gloriae</span> <span class='ocrx_word' id='word_1_71' title='bbox 486 552 580 587; x_wconf 88' lang='lat' dir='ltr'>tuae</span> <span class='ocrx_word' id='word_1_72' title='bbox 609 548 910 598; x_wconf 86' lang='lat' dir='ltr'>possessionem</span> <span class='ocrx_word' id='word_1_73' title='bbox 940 549 1149 598; x_wconf 79' lang='lat' dir='ltr'>irrepere?</span> <span class='ocrx_word' id='word_1_74' title='bbox 1205 548 1273 586; x_wconf 82' lang='lat' dir='ltr'>Sic</span> <span class='ocrx_word' id='word_1_75' title='bbox 1302 549 1344 585; x_wconf 89' lang='lat' dir='ltr'>te</span> <span class='ocrx_word' id='word_1_76' title='bbox 1372 560 1477 594; x_wconf 88' lang='lat' dir='ltr'>amo,</span> <span class='ocrx_word' id='word_1_77' title='bbox 1511 546 1569 584; x_wconf 89' lang='lat' dir='ltr'>mi</span> <span class='ocrx_word' id='word_1_78' title='bbox 1599 546 1815 595; x_wconf 86' lang='lat' dir='ltr'>Polydore,</span> <span class='ocrx_word' id='word_1_79' title='bbox 1847 544 1905 583; x_wconf 89' lang='lat' dir='ltr'>sic</span> 
     </span>
     <span class='ocr_line' id='line_1_10' title="bbox 302 598 1907 653; baseline -0.003 -11"><span class='ocrx_word' id='word_1_80' title='bbox 302 606 396 642; x_wconf 88' lang='lat' dir='ltr'>tuae</span> <span class='ocrx_word' id='word_1_81' title='bbox 427 602 579 653; x_wconf 86' lang='lat' dir='ltr'>gloriae</span> <span class='ocrx_word' id='word_1_82' title='bbox 613 603 742 651; x_wconf 91' lang='lat' dir='ltr'>faueo,</span> <span class='ocrx_word' id='word_1_83' title='bbox 776 606 822 642; x_wconf 90' lang='lat' dir='ltr'>vt</span> <span class='ocrx_word' id='word_1_84' title='bbox 857 616 942 641; x_wconf 90' lang='lat' dir='ltr'>non</span> <span class='ocrx_word' id='word_1_85' title='bbox 976 616 1123 653; x_wconf 85' lang='lat' dir='ltr'>grauer</span> <span class='ocrx_word' id='word_1_86' title='bbox 1150 603 1216 641; x_wconf 91' lang='lat' dir='ltr'>vel</span> <span class='ocrx_word' id='word_1_87' title='bbox 1249 602 1473 640; x_wconf 89' lang='lat' dir='ltr'>dimidium</span> <span class='ocrx_word' id='word_1_88' title='bbox 1503 601 1634 639; x_wconf 89' lang='lat' dir='ltr'>totius</span> <span class='ocrx_word' id='word_1_89' title='bbox 1662 599 1800 638; x_wconf 88' lang='lat' dir='ltr'>laudis</span> <span class='ocrx_word' id='word_1_90' title='bbox 1827 598 1907 638; x_wconf 89' lang='lat' dir='ltr'>tibi</span> 
     </span>
     <span class='ocr_line' id='line_1_11' title="bbox 303 652 1907 708; baseline -0.003 -12"><span class='ocrx_word' id='word_1_91' title='bbox 303 657 458 707; x_wconf 86' lang='lat' dir='ltr'>largiri,</span> <span class='ocrx_word' id='word_1_92' title='bbox 481 657 688 708; x_wconf 87' lang='lat' dir='ltr'>siquidem</span> <span class='ocrx_word' id='word_1_93' title='bbox 718 658 795 696; x_wconf 89' lang='lat' dir='ltr'>hoc</span> <span class='ocrx_word' id='word_1_94' title='bbox 822 657 899 696; x_wconf 90' lang='lat' dir='ltr'>tibi</span> <span class='ocrx_word' id='word_1_95' title='bbox 927 658 1034 696; x_wconf 86' lang='lat' dir='ltr'>foret</span> <span class='ocrx_word' id='word_1_96' title='bbox 1056 670 1185 707; x_wconf 87' lang='lat' dir='ltr'>vsque</span> <span class='ocrx_word' id='word_1_97' title='bbox 1211 656 1311 694; x_wconf 86' lang='lat' dir='ltr'>adeo</span> <span class='ocrx_word' id='word_1_98' title='bbox 1338 655 1462 699; x_wconf 76' lang='lat' dir='ltr'>cordi.</span> <span class='ocrx_word' id='word_1_99' title='bbox 1485 655 1567 693; x_wconf 91' lang='lat' dir='ltr'>nisi</span> <span class='ocrx_word' id='word_1_100' title='bbox 1593 654 1650 693; x_wconf 88' lang='lat' dir='ltr'>sic</span> <span class='ocrx_word' id='word_1_101' title='bbox 1675 654 1752 692; x_wconf 91' lang='lat' dir='ltr'>tibi</span> <span class='ocrx_word' id='word_1_102' title='bbox 1771 652 1907 692; x_wconf 89' lang='lat' dir='ltr'>vindi-</span> 
     </span>
     <span class='ocr_line' id='line_1_12' title="bbox 303 707 1905 762; baseline -0.003 -12"><span class='ocrx_word' id='word_1_103' title='bbox 303 724 425 758; x_wconf 56' lang='lat' dir='ltr'>cares</span> <span class='ocrx_word' id='word_1_104' title='bbox 449 714 495 750; x_wconf 88' lang='lat' dir='ltr'>vt</span> <span class='ocrx_word' id='word_1_105' title='bbox 515 725 590 750; x_wconf 90' lang='lat' dir='ltr'>nec</span> <span class='ocrx_word' id='word_1_106' title='bbox 610 714 656 750; x_wconf 90' lang='lat' dir='ltr'>tu</span> <span class='ocrx_word' id='word_1_107' title='bbox 677 712 783 750; x_wconf 90' lang='lat' dir='ltr'>mihi</span> <span class='ocrx_word' id='word_1_108' title='bbox 807 712 864 750; x_wconf 92' lang='lat' dir='ltr'>sis</span> <span class='ocrx_word' id='word_1_109' title='bbox 890 711 1068 762; x_wconf 85' lang='lat' dir='ltr'>gratiam</span> <span class='ocrx_word' id='word_1_110' title='bbox 1095 711 1326 756; x_wconf 86' lang='lat' dir='ltr'>habiturus,</span> <span class='ocrx_word' id='word_1_111' title='bbox 1347 712 1389 748; x_wconf 88' lang='lat' dir='ltr'>et</span> <span class='ocrx_word' id='word_1_112' title='bbox 1416 724 1491 760; x_wconf 87' lang='lat' dir='ltr'>ego</span> <span class='ocrx_word' id='word_1_113' title='bbox 1520 722 1604 747; x_wconf 93' lang='lat' dir='ltr'>non</span> <span class='ocrx_word' id='word_1_114' title='bbox 1634 707 1832 747; x_wconf 86' lang='lat' dir='ltr'>candidus</span> <span class='ocrx_word' id='word_1_115' title='bbox 1860 707 1905 745; x_wconf 92' lang='lat' dir='ltr'>in</span> 
     </span>
     <span class='ocr_line' id='line_1_13' title="bbox 304 763 1906 816; baseline -0.003 -12"><span class='ocrx_word' id='word_1_116' title='bbox 304 766 496 814; x_wconf 90' lang='lat' dir='ltr'>amicum,</span> <span class='ocrx_word' id='word_1_117' title='bbox 520 767 592 804; x_wconf 88' lang='lat' dir='ltr'>sed</span> <span class='ocrx_word' id='word_1_118' title='bbox 619 766 775 804; x_wconf 89' lang='lat' dir='ltr'>alienae</span> <span class='ocrx_word' id='word_1_119' title='bbox 801 767 955 816; x_wconf 86' lang='lat' dir='ltr'>gloriae</span> <span class='ocrx_word' id='word_1_120' title='bbox 981 765 1228 804; x_wconf 87' lang='lat' dir='ltr'>furunculus</span> <span class='ocrx_word' id='word_1_121' title='bbox 1247 764 1409 803; x_wconf 86' lang='lat' dir='ltr'>viderer</span> <span class='ocrx_word' id='word_1_122' title='bbox 1437 763 1680 814; x_wconf 87' lang='lat' dir='ltr'>posteritati,</span> <span class='ocrx_word' id='word_1_123' title='bbox 1702 763 1739 800; x_wconf 90' lang='lat' dir='ltr'>si</span> <span class='ocrx_word' id='word_1_124' title='bbox 1764 765 1906 801; x_wconf 88' lang='lat' dir='ltr'>tamen</span> 
     </span>
     <span class='ocr_line' id='line_1_14' title="bbox 224 815 1905 871; baseline -0.004 -11"><span class='ocrx_word' id='word_1_125' title='bbox 224 837 285 860; x_wconf 82' lang='lat'>110</span> <span class='ocrx_word' id='word_1_126' title='bbox 305 821 403 859; x_wconf 91' lang='lat' dir='ltr'>haec</span> <span class='ocrx_word' id='word_1_127' title='bbox 442 821 551 871; x_wconf 90' lang='lat' dir='ltr'>leget</span> <span class='ocrx_word' id='word_1_128' title='bbox 587 821 816 870; x_wconf 83' lang='lat' dir='ltr'>posteritas.</span> <span class='ocrx_word' id='word_1_129' title='bbox 893 821 1067 860; x_wconf 89' lang='lat' dir='ltr'>Vtinam</span> <span class='ocrx_word' id='word_1_130' title='bbox 1109 832 1254 858; x_wconf 89' lang='lat' dir='ltr'>omnes</span> <span class='ocrx_word' id='word_1_131' title='bbox 1296 819 1554 857; x_wconf 87' lang='lat' dir='ltr'>eruditorum</span> <span class='ocrx_word' id='word_1_132' title='bbox 1596 816 1805 856; x_wconf 85' lang='lat' dir='ltr'>centuriae</span> <span class='ocrx_word' id='word_1_133' title='bbox 1847 815 1905 854; x_wconf 86' lang='lat' dir='ltr'>sic</span> 
     </span>
     <span class='ocr_line' id='line_1_15' title="bbox 304 870 1906 925; baseline -0.003 -13"><span class='ocrx_word' id='word_1_134' title='bbox 304 876 492 914; x_wconf 87' lang='lat' dir='ltr'>fauerent</span> <span class='ocrx_word' id='word_1_135' title='bbox 513 876 627 925; x_wconf 91' lang='lat' dir='ltr'>operi</span> <span class='ocrx_word' id='word_1_136' title='bbox 646 877 730 919; x_wconf 82' lang='lat' dir='ltr'>tuo,</span> <span class='ocrx_word' id='word_1_137' title='bbox 754 875 1107 925; x_wconf 84' lang='lat' dir='ltr'>quemadmodum</span> <span class='ocrx_word' id='word_1_138' title='bbox 1134 887 1210 912; x_wconf 89' lang='lat' dir='ltr'>nos</span> <span class='ocrx_word' id='word_1_139' title='bbox 1235 873 1446 912; x_wconf 80' lang='lat' dir='ltr'>fauemus!</span> <span class='ocrx_word' id='word_1_140' title='bbox 1504 872 1608 910; x_wconf 90' lang='lat' dir='ltr'>Mihi</span> <span class='ocrx_word' id='word_1_141' title='bbox 1635 875 1745 910; x_wconf 87' lang='lat' dir='ltr'>certe</span> <span class='ocrx_word' id='word_1_142' title='bbox 1772 870 1906 908; x_wconf 87' lang='lat' dir='ltr'>multa</span> 
     </span>
     <span class='ocr_line' id='line_1_16' title="bbox 304 927 1591 978; baseline -0.002 -11"><span class='ocrx_word' id='word_1_143' title='bbox 304 929 542 977; x_wconf 80' lang='lat' dir='ltr'>arriserunt,</span> <span class='ocrx_word' id='word_1_144' title='bbox 566 929 810 978; x_wconf 87' lang='lat' dir='ltr'>praesertim</span> <span class='ocrx_word' id='word_1_145' title='bbox 829 929 874 967; x_wconf 91' lang='lat' dir='ltr'>in</span> <span class='ocrx_word' id='word_1_146' title='bbox 896 942 1014 978; x_wconf 89' lang='lat' dir='ltr'>opere</span> <span class='ocrx_word' id='word_1_147' title='bbox 1036 929 1086 967; x_wconf 91' lang='lat' dir='ltr'>de</span> <span class='ocrx_word' id='word_1_148' title='bbox 1106 929 1263 967; x_wconf 87' lang='lat' dir='ltr'>Rerum</span> <span class='ocrx_word' id='word_1_149' title='bbox 1282 927 1591 966; x_wconf 86' lang='lat' dir='ltr'>Inuentoribus.</span> 
     </span>
     <span class='ocr_line' id='line_1_17' title="bbox 358 978 1904 1032; baseline -0.003 -10"><span class='ocrx_word' id='word_1_150' title='bbox 358 984 437 1023; x_wconf 83' lang='lat' dir='ltr'>Vel</span> <span class='ocrx_word' id='word_1_151' title='bbox 482 983 582 1022; x_wconf 91' lang='lat' dir='ltr'>hinc</span> <span class='ocrx_word' id='word_1_152' title='bbox 625 983 795 1032; x_wconf 86' lang='lat' dir='ltr'>colligas</span> <span class='ocrx_word' id='word_1_153' title='bbox 838 983 933 1022; x_wconf 89' lang='lat' dir='ltr'>licet</span> <span class='ocrx_word' id='word_1_154' title='bbox 975 996 1100 1032; x_wconf 88' lang='lat' dir='ltr'>quam</span> <span class='ocrx_word' id='word_1_155' title='bbox 1142 996 1227 1020; x_wconf 91' lang='lat' dir='ltr'>non</span> <span class='ocrx_word' id='word_1_156' title='bbox 1265 982 1470 1020; x_wconf 86' lang='lat' dir='ltr'>fuerimus</span> <span class='ocrx_word' id='word_1_157' title='bbox 1509 981 1643 1031; x_wconf 90' lang='lat' dir='ltr'>iniqui</span> <span class='ocrx_word' id='word_1_158' title='bbox 1679 982 1750 1018; x_wconf 87' lang='lat' dir='ltr'>tuo</span> <span class='ocrx_word' id='word_1_159' title='bbox 1790 978 1904 1018; x_wconf 87' lang='lat' dir='ltr'>libro.</span> 
     </span>
     <span class='ocr_line' id='line_1_18' title="bbox 306 1034 1910 1085; baseline -0.003 -9"><span class='ocrx_word' id='word_1_160' title='bbox 306 1038 568 1085; x_wconf 84' lang='lat' dir='ltr'>Frobenium,</span> <span class='ocrx_word' id='word_1_161' title='bbox 592 1040 637 1076; x_wconf 88' lang='lat' dir='ltr'>vt</span> <span class='ocrx_word' id='word_1_162' title='bbox 659 1038 818 1076; x_wconf 87' lang='lat' dir='ltr'>dictum</span> <span class='ocrx_word' id='word_1_163' title='bbox 839 1039 912 1084; x_wconf 88' lang='lat' dir='ltr'>est,</span> <span class='ocrx_word' id='word_1_164' title='bbox 934 1038 1226 1076; x_wconf 84' lang='lat' dir='ltr'>abhorrentem</span> <span class='ocrx_word' id='word_1_165' title='bbox 1250 1036 1301 1074; x_wconf 89' lang='lat' dir='ltr'>ab</span> <span class='ocrx_word' id='word_1_166' title='bbox 1324 1035 1532 1073; x_wconf 87' lang='lat' dir='ltr'>aeditione</span> <span class='ocrx_word' id='word_1_167' title='bbox 1559 1034 1730 1084; x_wconf 90' lang='lat' dir='ltr'>perpuli.</span> <span class='ocrx_word' id='word_1_168' title='bbox 1791 1034 1910 1072; x_wconf 85' lang='lat' dir='ltr'>Prae-</span> 
     </span>
     <span class='ocr_line' id='line_1_19' title="bbox 226 1088 1907 1142; baseline -0.003 -12"><span class='ocrx_word' id='word_1_169' title='bbox 226 1105 285 1135; x_wconf 88' lang='lat'>115</span> <span class='ocrx_word' id='word_1_170' title='bbox 305 1093 507 1130; x_wconf 79' lang='lat' dir='ltr'>sationem</span> <span class='ocrx_word' id='word_1_171' title='bbox 527 1094 655 1140; x_wconf 89' lang='lat' dir='ltr'>tuam,</span> <span class='ocrx_word' id='word_1_172' title='bbox 679 1105 758 1142; x_wconf 91' lang='lat' dir='ltr'>qua</span> <span class='ocrx_word' id='word_1_173' title='bbox 778 1105 845 1130; x_wconf 91' lang='lat' dir='ltr'>me</span> <span class='ocrx_word' id='word_1_174' title='bbox 863 1091 1076 1141; x_wconf 73' lang='lat' dir='ltr'>suggillas,</span> <span class='ocrx_word' id='word_1_175' title='bbox 1098 1091 1149 1130; x_wconf 93' lang='lat' dir='ltr'>ad</span> <span class='ocrx_word' id='word_1_176' title='bbox 1173 1104 1240 1129; x_wconf 91' lang='lat' dir='ltr'>me</span> <span class='ocrx_word' id='word_1_177' title='bbox 1266 1091 1465 1129; x_wconf 88' lang='lat' dir='ltr'>miserant</span> <span class='ocrx_word' id='word_1_178' title='bbox 1484 1089 1600 1127; x_wconf 91' lang='lat' dir='ltr'>velut</span> <span class='ocrx_word' id='word_1_179' title='bbox 1626 1088 1907 1127; x_wconf 79' lang='lat' dir='ltr'>execrandam.</span> 
     </span>
     <span class='ocr_line' id='line_1_20' title="bbox 307 1141 1911 1196; baseline -0.003 -12"><span class='ocrx_word' id='word_1_180' title='bbox 307 1146 477 1195; x_wconf 84' lang='lat' dir='ltr'>Remisi,</span> <span class='ocrx_word' id='word_1_181' title='bbox 500 1146 683 1196; x_wconf 90' lang='lat' dir='ltr'>iussique</span> <span class='ocrx_word' id='word_1_182' title='bbox 710 1150 755 1185; x_wconf 90' lang='lat' dir='ltr'>vt</span> <span class='ocrx_word' id='word_1_183' title='bbox 780 1147 888 1184; x_wconf 90' lang='lat' dir='ltr'>bona</span> <span class='ocrx_word' id='word_1_184' title='bbox 915 1146 1004 1193; x_wconf 87' lang='lat' dir='ltr'>fide,</span> <span class='ocrx_word' id='word_1_185' title='bbox 1033 1145 1140 1185; x_wconf 89' lang='lat' dir='ltr'>sicut</span> <span class='ocrx_word' id='word_1_186' title='bbox 1169 1145 1241 1184; x_wconf 88' lang='lat' dir='ltr'>abs</span> <span class='ocrx_word' id='word_1_187' title='bbox 1271 1148 1311 1182; x_wconf 88' lang='lat' dir='ltr'>te</span> <span class='ocrx_word' id='word_1_188' title='bbox 1339 1145 1473 1182; x_wconf 83' lang='lat' dir='ltr'>fuerat</span> <span class='ocrx_word' id='word_1_189' title='bbox 1503 1143 1717 1192; x_wconf 86' lang='lat' dir='ltr'>descripta,</span> <span class='ocrx_word' id='word_1_190' title='bbox 1744 1141 1911 1180; x_wconf 81' lang='lat' dir='ltr'>excude-</span> 
     </span>
     <span class='ocr_line' id='line_1_21' title="bbox 306 1198 1911 1250; baseline -0.003 -11"><span class='ocrx_word' id='word_1_191' title='bbox 306 1203 432 1239; x_wconf 89' lang='lat' dir='ltr'>retur.</span> <span class='ocrx_word' id='word_1_192' title='bbox 501 1201 752 1240; x_wconf 86' lang='lat' dir='ltr'>Deleuerant</span> <span class='ocrx_word' id='word_1_193' title='bbox 791 1200 1050 1239; x_wconf 87' lang='lat' dir='ltr'>mentionem</span> <span class='ocrx_word' id='word_1_194' title='bbox 1090 1200 1172 1248; x_wconf 91' lang='lat' dir='ltr'>Lei,</span> <span class='ocrx_word' id='word_1_195' title='bbox 1211 1212 1335 1249; x_wconf 87' lang='lat' dir='ltr'>quam</span> <span class='ocrx_word' id='word_1_196' title='bbox 1368 1201 1414 1237; x_wconf 92' lang='lat' dir='ltr'>tu</span> <span class='ocrx_word' id='word_1_197' title='bbox 1453 1198 1503 1236; x_wconf 89' lang='lat' dir='ltr'>de</span> <span class='ocrx_word' id='word_1_198' title='bbox 1540 1198 1612 1236; x_wconf 94' lang='lat' dir='ltr'>illo</span> <span class='ocrx_word' id='word_1_199' title='bbox 1649 1210 1748 1250; x_wconf 85' lang='lat' dir='ltr'>sane</span> <span class='ocrx_word' id='word_1_200' title='bbox 1786 1209 1911 1246; x_wconf 91' lang='lat' dir='ltr'>quam</span> 
     </span>
     <span class='ocr_line' id='line_1_22' title="bbox 306 1250 1911 1304; baseline -0.003 -11"><span class='ocrx_word' id='word_1_201' title='bbox 306 1254 579 1294; x_wconf 88' lang='lat' dir='ltr'>honorificam</span> <span class='ocrx_word' id='word_1_202' title='bbox 606 1255 717 1293; x_wconf 88' lang='lat' dir='ltr'>facis.</span> <span class='ocrx_word' id='word_1_203' title='bbox 776 1254 884 1294; x_wconf 89' lang='lat' dir='ltr'>Iussi</span> <span class='ocrx_word' id='word_1_204' title='bbox 905 1258 953 1294; x_wconf 87' lang='lat' dir='ltr'>vt</span> <span class='ocrx_word' id='word_1_205' title='bbox 978 1256 1236 1304; x_wconf 87' lang='lat' dir='ltr'>reponerent.</span> <span class='ocrx_word' id='word_1_206' title='bbox 1296 1253 1452 1292; x_wconf 87' lang='lat' dir='ltr'>Vtrum</span> <span class='ocrx_word' id='word_1_207' title='bbox 1476 1253 1575 1291; x_wconf 89' lang='lat' dir='ltr'>haec</span> <span class='ocrx_word' id='word_1_208' title='bbox 1604 1253 1702 1290; x_wconf 88' lang='lat' dir='ltr'>sunt</span> <span class='ocrx_word' id='word_1_209' title='bbox 1731 1250 1911 1289; x_wconf 88' lang='lat' dir='ltr'>fauentis</span> 
     </span>
     <span class='ocr_line' id='line_1_23' title="bbox 306 1304 1913 1359; baseline -0.003 -12"><span class='ocrx_word' id='word_1_210' title='bbox 306 1323 358 1348; x_wconf 86' lang='lat' dir='ltr'>an</span> <span class='ocrx_word' id='word_1_211' title='bbox 385 1311 503 1348; x_wconf 79' lang='lat' dir='ltr'>non?</span> <span class='ocrx_word' id='word_1_212' title='bbox 561 1309 656 1348; x_wconf 87' lang='lat' dir='ltr'>Non</span> <span class='ocrx_word' id='word_1_213' title='bbox 681 1311 773 1359; x_wconf 86' lang='lat' dir='ltr'>eget</span> <span class='ocrx_word' id='word_1_214' title='bbox 802 1311 874 1348; x_wconf 90' lang='lat' dir='ltr'>tua</span> <span class='ocrx_word' id='word_1_215' title='bbox 902 1309 1123 1359; x_wconf 89' lang='lat' dir='ltr'>prudentia</span> <span class='ocrx_word' id='word_1_216' title='bbox 1152 1322 1244 1347; x_wconf 90' lang='lat' dir='ltr'>meo</span> <span class='ocrx_word' id='word_1_217' title='bbox 1273 1307 1456 1346; x_wconf 90' lang='lat' dir='ltr'>consilio.</span> <span class='ocrx_word' id='word_1_218' title='bbox 1514 1306 1669 1344; x_wconf 84' lang='lat' dir='ltr'>Tamen</span> <span class='ocrx_word' id='word_1_219' title='bbox 1702 1305 1805 1344; x_wconf 88' lang='lat' dir='ltr'>illud</span> <span class='ocrx_word' id='word_1_220' title='bbox 1835 1304 1913 1342; x_wconf 90' lang='lat' dir='ltr'>tibi</span> 
     </span>
     <span class='ocr_line' id='line_1_24' title="bbox 308 1358 1911 1413; baseline -0.003 -11"><span class='ocrx_word' id='word_1_221' title='bbox 308 1364 521 1412; x_wconf 85' lang='lat' dir='ltr'>suaserim,</span> <span class='ocrx_word' id='word_1_222' title='bbox 546 1364 605 1402; x_wconf 91' lang='lat' dir='ltr'>mi</span> <span class='ocrx_word' id='word_1_223' title='bbox 631 1364 847 1413; x_wconf 88' lang='lat' dir='ltr'>Polydore,</span> <span class='ocrx_word' id='word_1_224' title='bbox 871 1366 916 1402; x_wconf 89' lang='lat' dir='ltr'>vt</span> <span class='ocrx_word' id='word_1_225' title='bbox 944 1364 1116 1413; x_wconf 88' lang='lat' dir='ltr'>posthac</span> <span class='ocrx_word' id='word_1_226' title='bbox 1142 1363 1188 1401; x_wconf 93' lang='lat' dir='ltr'>in</span> <span class='ocrx_word' id='word_1_227' title='bbox 1214 1362 1412 1401; x_wconf 88' lang='lat' dir='ltr'>aedendis</span> <span class='ocrx_word' id='word_1_228' title='bbox 1439 1360 1801 1400; x_wconf 86' lang='lat' dir='ltr'>lucubrationibus</span> <span class='ocrx_word' id='word_1_229' title='bbox 1826 1358 1911 1397; x_wconf 87' lang='lat' dir='ltr'>tuis</span> 
     </span>
     <span class='ocr_line' id='line_1_25' title="bbox 308 1413 1911 1467; baseline -0.003 -11"><span class='ocrx_word' id='word_1_230' title='bbox 308 1418 513 1457; x_wconf 89' lang='lat' dir='ltr'>Thomam</span> <span class='ocrx_word' id='word_1_231' title='bbox 531 1418 708 1467; x_wconf 90' lang='lat' dir='ltr'>Morum,</span> <span class='ocrx_word' id='word_1_232' title='bbox 724 1419 974 1458; x_wconf 85' lang='lat' dir='ltr'>Gutbertum</span> <span class='ocrx_word' id='word_1_233' title='bbox 994 1417 1267 1465; x_wconf 86' lang='lat' dir='ltr'>Tonstallum,</span> <span class='ocrx_word' id='word_1_234' title='bbox 1285 1417 1490 1455; x_wconf 86' lang='lat' dir='ltr'>Thomam</span> <span class='ocrx_word' id='word_1_235' title='bbox 1508 1416 1742 1463; x_wconf 88' lang='lat' dir='ltr'>Linacrum,</span> <span class='ocrx_word' id='word_1_236' title='bbox 1759 1413 1911 1452; x_wconf 84' lang='lat' dir='ltr'>Guliel-</span> 
     </span>
     <span class='ocr_line' id='line_1_26' title="bbox 309 1469 1912 1520; baseline -0.004 -9"><span class='ocrx_word' id='word_1_237' title='bbox 309 1486 428 1510; x_wconf 90' lang='lat' dir='ltr'>mum</span> <span class='ocrx_word' id='word_1_238' title='bbox 458 1473 735 1520; x_wconf 89' lang='lat' dir='ltr'>Latomerum,</span> <span class='ocrx_word' id='word_1_239' title='bbox 758 1473 950 1511; x_wconf 88' lang='lat' dir='ltr'>homines</span> <span class='ocrx_word' id='word_1_240' title='bbox 972 1485 1069 1511; x_wconf 89' lang='lat' dir='ltr'>vere</span> <span class='ocrx_word' id='word_1_241' title='bbox 1099 1472 1241 1510; x_wconf 88' lang='lat' dir='ltr'>doctos</span> <span class='ocrx_word' id='word_1_242' title='bbox 1270 1473 1310 1509; x_wconf 92' lang='lat' dir='ltr'>et</span> <span class='ocrx_word' id='word_1_243' title='bbox 1338 1471 1503 1517; x_wconf 80' lang='lat' dir='ltr'>amicos,</span> <span class='ocrx_word' id='word_1_244' title='bbox 1526 1469 1721 1508; x_wconf 86' lang='lat' dir='ltr'>adhibeas</span> <span class='ocrx_word' id='word_1_245' title='bbox 1749 1469 1793 1506; x_wconf 89' lang='lat' dir='ltr'>in</span> <span class='ocrx_word' id='word_1_246' title='bbox 1820 1480 1912 1506; x_wconf 90' lang='lat' dir='ltr'>con·</span> 
     </span>
     <span class='ocr_line' id='line_1_27' title="bbox 309 1524 1911 1576; baseline -0.002 -12"><span class='ocrx_word' id='word_1_247' title='bbox 309 1527 461 1565; x_wconf 89' lang='lat' dir='ltr'>silium.</span> <span class='ocrx_word' id='word_1_248' title='bbox 522 1527 635 1565; x_wconf 91' lang='lat' dir='ltr'>Bene</span> <span class='ocrx_word' id='word_1_249' title='bbox 654 1527 755 1574; x_wconf 90' lang='lat' dir='ltr'>vale,</span> <span class='ocrx_word' id='word_1_250' title='bbox 777 1527 1016 1566; x_wconf 85' lang='lat' dir='ltr'>doctissime</span> <span class='ocrx_word' id='word_1_251' title='bbox 1038 1526 1254 1576; x_wconf 88' lang='lat' dir='ltr'>Polydore,</span> <span class='ocrx_word' id='word_1_252' title='bbox 1280 1539 1324 1563; x_wconf 87' lang='lat' dir='ltr'>ac</span> <span class='ocrx_word' id='word_1_253' title='bbox 1348 1538 1435 1563; x_wconf 86' lang='lat' dir='ltr'>rem</span> <span class='ocrx_word' id='word_1_254' title='bbox 1461 1524 1688 1563; x_wconf 84' lang='lat' dir='ltr'>literariam</span> <span class='ocrx_word' id='word_1_255' title='bbox 1714 1525 1911 1562; x_wconf 88' lang='lat' dir='ltr'>strennue</span> 
     </span>
     <span class='ocr_line' id='line_1_28' title="bbox 310 1578 1668 1620; baseline -0.003 -1"><span class='ocrx_word' id='word_1_256' title='bbox 310 1582 476 1620; x_wconf 86' lang='lat' dir='ltr'>adiuua.</span> <span class='ocrx_word' id='word_1_257' title='bbox 533 1581 707 1620; x_wconf 87' lang='lat' dir='ltr'>Louanii</span> <span class='ocrx_word' id='word_1_258' title='bbox 729 1595 766 1620; x_wconf 81' lang='lat' dir='ltr'>x.</span> <span class='ocrx_word' id='word_1_259' title='bbox 790 1581 992 1620; x_wconf 82' lang='lat' dir='ltr'>Oalendas</span> <span class='ocrx_word' id='word_1_260' title='bbox 1014 1580 1208 1619; x_wconf 88' lang='lat' dir='ltr'>Ianuarii.</span> <span class='ocrx_word' id='word_1_261' title='bbox 1271 1582 1395 1619; x_wconf 89' lang='lat' dir='ltr'>Anno</span> <span class='ocrx_word' id='word_1_262' title='bbox 1439 1579 1496 1617; x_wconf 85' lang='lat' dir='ltr'>M.</span> <span class='ocrx_word' id='word_1_263' title='bbox 1518 1578 1568 1616; x_wconf 92' lang='lat' dir='ltr'>D.</span> <span class='ocrx_word' id='word_1_264' title='bbox 1583 1590 1668 1616; x_wconf 77' lang='lat' dir='ltr'>XXI.</span> 
     </span>
    </p>
   </div>
   <div class='ocr_carea' id='block_1_3' title="bbox 229 1378 288 1400">
    <p class='ocr_par' dir='ltr' id='par_1_3' title="bbox 229 1378 288 1400">
     <span class='ocr_line' id='line_1_29' title="bbox 229 1378 288 1400; baseline 0 0"><span class='ocrx_word' id='word_1_265' title='bbox 229 1378 288 1400; x_wconf 86' lang='lat'>120</span> 
     </span>
    </p>
   </div>
   <div class='ocr_carea' id='block_1_4' title="bbox 767 1722 1459 1765">
    <p class='ocr_par' dir='ltr' id='par_1_4' title="bbox 767 1722 1459 1765">
     <span class='ocr_line' id='line_1_30' title="bbox 767 1722 1459 1765; baseline -0.003 -1"><span class='ocrx_word' id='word_1_266' title='bbox 767 1725 891 1765; x_wconf 78' lang='grc'><strong>1176.</strong></span> <span class='ocrx_word' id='word_1_267' title='bbox 952 1723 1015 1765; x_wconf 88' lang='lat' dir='ltr'>To</span> <span class='ocrx_word' id='word_1_268' title='bbox 1047 1722 1239 1763; x_wconf 80' lang='lat' dir='ltr'>THOMAs</span> <span class='ocrx_word' id='word_1_269' title='bbox 1272 1722 1459 1764; x_wconf 79' lang='lat' dir='ltr'>BEDILL.</span> 
     </span>
    </p>
   </div>
   <div class='ocr_carea' id='block_1_5' title="bbox 357 1808 950 1913">
    <p class='ocr_par' dir='ltr' id='par_1_5' title="bbox 357 1808 950 1913">
     <span class='ocr_line' id='line_1_31' title="bbox 357 1808 950 1854; baseline 0.003 -11"><span class='ocrx_word' id='word_1_270' title='bbox 357 1808 550 1853; x_wconf 82' lang='lat' dir='ltr'>Epistolae</span> <span class='ocrx_word' id='word_1_271' title='bbox 568 1809 615 1843; x_wconf 87' lang='lat' dir='ltr'>ad</span> <span class='ocrx_word' id='word_1_272' title='bbox 633 1808 796 1844; x_wconf 84' lang='lat' dir='ltr'>diuersos</span> <span class='ocrx_word' id='word_1_273' title='bbox 814 1821 850 1854; x_wconf 90' lang='lat' dir='ltr'>p.</span> <span class='ocrx_word' id='word_1_274' title='bbox 873 1810 950 1854; x_wconf 81' lang='lat'>566.</span> 
     </span>
     <span class='ocr_line' id='line_1_32' title="bbox 358 1866 930 1913; baseline 0 -12"><span class='ocrx_word' id='word_1_275' title='bbox 358 1866 449 1903; x_wconf 89' lang='lat' dir='ltr'>HN:</span> <span class='ocrx_word' id='word_1_276' title='bbox 476 1867 590 1902; x_wconf 86' lang='lat' dir='ltr'>Lond.</span> <span class='ocrx_word' id='word_1_277' title='bbox 610 1879 665 1902; x_wconf 83' lang='lat' dir='ltr'>xv.</span> <span class='ocrx_word' id='word_1_278' title='bbox 690 1878 730 1911; x_wconf 87' lang='lat'>7:</span> <span class='ocrx_word' id='word_1_279' title='bbox 760 1867 832 1902; x_wconf 89' lang='lat' dir='ltr'>LB.</span> <span class='ocrx_word' id='word_1_280' title='bbox 853 1877 930 1913; x_wconf 83' lang='lat'>551.</span> 
     </span>
    </p>
   </div>
   <div class='ocr_carea' id='block_1_6' title="bbox 1480 1805 1866 1909">
    <p class='ocr_par' dir='ltr' id='par_1_6' title="bbox 1480 1805 1866 1909">
     <span class='ocr_line' id='line_1_33' title="bbox 1573 1805 1748 1841; baseline -0.006 -1"><span class='ocrx_word' id='word_1_281' title='bbox 1573 1805 1748 1841; x_wconf 84' lang='lat' dir='ltr'>Louvain.</span> 
     </span>
     <span class='ocr_line' id='line_1_34' title="bbox 1480 1863 1866 1909; baseline -0.008 -10"><span class='ocrx_word' id='word_1_282' title='bbox 1480 1875 1521 1909; x_wconf 86' lang='lat'>31</span> <span class='ocrx_word' id='word_1_283' title='bbox 1542 1863 1748 1900; x_wconf 81' lang='lat' dir='ltr'>December</span> <span class='ocrx_word' id='word_1_284' title='bbox 1769 1873 1866 1908; x_wconf 82' lang='lat'>1520.</span> 
     </span>
    </p>
   </div>
   <div class='ocr_carea' id='block_1_7' title="bbox 356 1944 1912 1990">
    <p class='ocr_par' dir='ltr' id='par_1_7' title="bbox 356 1944 1912 1990">
     <span class='ocr_line' id='line_1_35' title="bbox 356 1944 1912 1990; baseline -0.002 -12"><span class='ocrx_word' id='word_1_285' title='bbox 356 1948 446 1990; x_wconf 83' lang='lat' dir='ltr'>[The</span> <span class='ocrx_word' id='word_1_286' title='bbox 463 1949 643 1987; x_wconf 83' lang='lat' dir='ltr'>year-date</span> <span class='ocrx_word' id='word_1_287' title='bbox 661 1949 691 1979; x_wconf 84' lang='lat' dir='ltr'>is</span> <span class='ocrx_word' id='word_1_288' title='bbox 708 1948 922 1988; x_wconf 79' lang='lat' dir='ltr'>sufficiently</span> <span class='ocrx_word' id='word_1_289' title='bbox 939 1948 1133 1980; x_wconf 88' lang='lat' dir='ltr'>confirmed</span> <span class='ocrx_word' id='word_1_290' title='bbox 1159 1949 1204 1987; x_wconf 83' lang='lat' dir='ltr'>by</span> <span class='ocrx_word' id='word_1_291' title='bbox 1228 1949 1289 1979; x_wconf 85' lang='lat' dir='ltr'>the</span> <span class='ocrx_word' id='word_1_292' title='bbox 1314 1948 1475 1979; x_wconf 82' lang='lat' dir='ltr'>mention</span> <span class='ocrx_word' id='word_1_293' title='bbox 1502 1947 1540 1978; x_wconf 85' lang='lat' dir='ltr'>of</span> <span class='ocrx_word' id='word_1_294' title='bbox 1560 1947 1622 1977; x_wconf 86' lang='lat' dir='ltr'>the</span> <span class='ocrx_word' id='word_1_295' title='bbox 1647 1947 1783 1977; x_wconf 82' lang='lat' dir='ltr'>attacks</span> <span class='ocrx_word' id='word_1_296' title='bbox 1808 1944 1912 1976; x_wconf 80' lang='lat' dir='ltr'>made</span> 
     </span>
    </p>
   </div>
   <div class='ocr_carea' id='block_1_8' title="bbox 311 1988 1911 2076">
    <p class='ocr_par' dir='ltr' id='par_1_8' title="bbox 311 1988 1911 2076">
     <span class='ocr_line' id='line_1_36' title="bbox 313 1988 1911 2032; baseline -0.003 -10"><span class='ocrx_word' id='word_1_297' title='bbox 313 2002 406 2031; x_wconf 91' lang='lat' dir='ltr'>upon</span> <span class='ocrx_word' id='word_1_298' title='bbox 424 1993 593 2023; x_wconf 83' lang='lat' dir='ltr'>Erasmus</span> <span class='ocrx_word' id='word_1_299' title='bbox 611 1993 656 2032; x_wconf 86' lang='lat' dir='ltr'>by</span> <span class='ocrx_word' id='word_1_300' title='bbox 674 1992 736 2023; x_wconf 87' lang='lat' dir='ltr'>the</span> <span class='ocrx_word' id='word_1_301' title='bbox 753 1994 878 2031; x_wconf 81' lang='lat' dir='ltr'>friars;</span> <span class='ocrx_word' id='word_1_302' title='bbox 901 1993 972 2023; x_wconf 82' lang='lat' dir='ltr'>and</span> <span class='ocrx_word' id='word_1_303' title='bbox 990 1993 1027 2023; x_wconf 81' lang='lat' dir='ltr'>of</span> <span class='ocrx_word' id='word_1_304' title='bbox 1042 1993 1104 2023; x_wconf 88' lang='lat' dir='ltr'>the</span> <span class='ocrx_word' id='word_1_305' title='bbox 1122 1993 1336 2032; x_wconf 75' lang='lat' dir='ltr'>impending</span> <span class='ocrx_word' id='word_1_306' title='bbox 1353 1992 1438 2022; x_wconf 89' lang='lat' dir='ltr'>Diet</span> <span class='ocrx_word' id='word_1_307' title='bbox 1455 1991 1493 2021; x_wconf 83' lang='lat' dir='ltr'>of</span> <span class='ocrx_word' id='word_1_308' title='bbox 1505 1990 1659 2021; x_wconf 58' lang='lat' dir='ltr'>WVorms.</span> <span class='ocrx_word' id='word_1_309' title='bbox 1707 1989 1776 2020; x_wconf 85' lang='lat' dir='ltr'>For</span> <span class='ocrx_word' id='word_1_310' title='bbox 1791 1988 1911 2020; x_wconf 88' lang='lat' dir='ltr'>Bedill</span> 
     </span>
     <span class='ocr_line' id='line_1_37' title="bbox 311 2035 703 2076; baseline 0.003 -10"><span class='ocrx_word' id='word_1_311' title='bbox 311 2046 367 2066; x_wconf 87' lang='lat' dir='ltr'>see</span> <span class='ocrx_word' id='word_1_312' title='bbox 384 2036 447 2075; x_wconf 90' lang='lat' dir='ltr'>Ep.</span> <span class='ocrx_word' id='word_1_313' title='bbox 468 2036 531 2075; x_wconf 85' lang='lat'>387</span> <span class='ocrx_word' id='word_1_314' title='bbox 550 2035 703 2076; x_wconf 87' lang='lat' dir='ltr'>introd.]</span> 
     </span>
    </p>
   </div>
   <div class='ocr_carea' id='block_1_9' title="bbox 312 2126 1905 2236">
    <p class='ocr_par' dir='ltr' id='par_1_9' title="bbox 312 2126 1905 2236">
     <span class='ocr_line' id='line_1_38' title="bbox 312 2126 1905 2167; baseline -0.002 -8"><span class='ocrx_word' id='word_1_315' title='bbox 312 2129 517 2159; x_wconf 71' lang='lat' dir='ltr'>ERASMVS</span> <span class='ocrx_word' id='word_1_316' title='bbox 547 2129 737 2161; x_wconf 82' lang='grc' dir='ltr'><strong>ΤΗΟΜΑΕ</strong></span> <span class='ocrx_word' id='word_1_317' title='bbox 769 2130 984 2167; x_wconf 83' lang='lat' dir='ltr'>BEDELLO,</span> <span class='ocrx_word' id='word_1_318' title='bbox 1015 2130 1055 2160; x_wconf 86' lang='lat' dir='ltr'>R.</span> <span class='ocrx_word' id='word_1_319' title='bbox 1087 2129 1129 2159; x_wconf 86' lang='lat' dir='ltr'>D.</span> <span class='ocrx_word' id='word_1_320' title='bbox 1161 2129 1511 2159; x_wconf 75' lang='lat' dir='ltr'>ARCHIEPISOOPI</span> <span class='ocrx_word' id='word_1_321' title='bbox 1543 2126 1905 2158; x_wconf 72' lang='lat' dir='ltr'>CANTVAfflENSis</span> 
     </span>
     <span class='ocr_line' id='line_1_39' title="bbox 920 2199 1334 2236; baseline -0.002 -7"><span class='ocrx_word' id='word_1_322' title='bbox 920 2201 948 2228; x_wconf 81' lang='lat' dir='ltr'><strong>A</strong></span> <span class='ocrx_word' id='word_1_323' title='bbox 980 2199 1202 2236; x_wconf 81' lang='lat' dir='ltr'>SEGRETIS,</span> <span class='ocrx_word' id='word_1_324' title='bbox 1235 2200 1267 2229; x_wconf 89' lang='lat' dir='ltr'>s.</span> <span class='ocrx_word' id='word_1_325' title='bbox 1291 2199 1334 2228; x_wconf 90' lang='lat' dir='ltr'>D.</span> 
     </span>
    </p>
   </div>
   <div class='ocr_carea' id='block_1_10' title="bbox 313 2270 1915 2379">
    <p class='ocr_par' dir='ltr' id='par_1_10' title="bbox 313 2270 1915 2379">
     <span class='ocr_line' id='line_1_40' title="bbox 368 2270 1911 2325; baseline -0.003 -13"><span class='ocrx_word' id='word_1_326' title='bbox 368 2275 431 2312; x_wconf 80' lang='lat' dir='ltr'>DE</span> <span class='ocrx_word' id='word_1_327' title='bbox 453 2275 662 2314; x_wconf 90' lang='lat' dir='ltr'>Praesulis</span> <span class='ocrx_word' id='word_1_328' title='bbox 682 2275 828 2325; x_wconf 88' lang='lat' dir='ltr'>optimi</span> <span class='ocrx_word' id='word_1_329' title='bbox 848 2275 892 2325; x_wconf 79' lang='lat' dir='ltr'>in</span> <span class='ocrx_word' id='word_1_330' title='bbox 914 2288 978 2313; x_wconf 90' lang='lat' dir='ltr'>me</span> <span class='ocrx_word' id='word_1_331' title='bbox 999 2275 1148 2321; x_wconf 82' lang='lat' dir='ltr'>studio,</span> <span class='ocrx_word' id='word_1_332' title='bbox 1171 2276 1216 2312; x_wconf 87' lang='lat' dir='ltr'>vt</span> <span class='ocrx_word' id='word_1_333' title='bbox 1237 2287 1325 2312; x_wconf 89' lang='lat' dir='ltr'>rem</span> <span class='ocrx_word' id='word_1_334' title='bbox 1347 2272 1455 2311; x_wconf 84' lang='lat' dir='ltr'>mihi</span> <span class='ocrx_word' id='word_1_335' title='bbox 1476 2272 1597 2321; x_wconf 79' lang='lat' dir='ltr'>longe</span> <span class='ocrx_word' id='word_1_336' title='bbox 1617 2270 1911 2321; x_wconf 79' lang='lat' dir='ltr'>gratissimam,</span> 
     </span>
     <span class='ocr_line' id='line_1_41' title="bbox 313 2323 1915 2379; baseline -0.002 -13"><span class='ocrx_word' id='word_1_337' title='bbox 313 2329 372 2367; x_wconf 89' lang='lat' dir='ltr'>ita</span> <span class='ocrx_word' id='word_1_338' title='bbox 391 2329 565 2367; x_wconf 89' lang='lat' dir='ltr'>minime</span> <span class='ocrx_word' id='word_1_339' title='bbox 586 2343 739 2367; x_wconf 84' lang='lat' dir='ltr'>nouam</span> <span class='ocrx_word' id='word_1_340' title='bbox 760 2330 958 2376; x_wconf 85' lang='lat' dir='ltr'>nuncias;</span> <span class='ocrx_word' id='word_1_341' title='bbox 989 2329 1058 2367; x_wconf 86' lang='lat' dir='ltr'>sed</span> <span class='ocrx_word' id='word_1_342' title='bbox 1079 2329 1187 2379; x_wconf 88' lang='lat' dir='ltr'>quod</span> <span class='ocrx_word' id='word_1_343' title='bbox 1209 2329 1331 2366; x_wconf 88' lang='lat' dir='ltr'>toties</span> <span class='ocrx_word' id='word_1_344' title='bbox 1351 2327 1542 2376; x_wconf 82' lang='lat' dir='ltr'>obiurgas</span> <span class='ocrx_word' id='word_1_345' title='bbox 1562 2339 1628 2364; x_wconf 90' lang='lat' dir='ltr'>me</span> <span class='ocrx_word' id='word_1_346' title='bbox 1645 2326 1717 2375; x_wconf 90' lang='lat' dir='ltr'>qui</span> <span class='ocrx_word' id='word_1_347' title='bbox 1738 2324 1845 2362; x_wconf 90' lang='lat' dir='ltr'>nihil</span> <span class='ocrx_word' id='word_1_348' title='bbox 1864 2323 1915 2362; x_wconf 83' lang='lat' dir='ltr'>ab</span> 
     </span>
    </p>
   </div>
   <div class='ocr_carea' id='block_1_11' title="bbox 315 2424 1066 2499">
    <p class='ocr_par' dir='ltr' id='par_1_11' title="bbox 315 2424 1066 2499">
     <span class='ocr_line' id='line_1_42' title="bbox 360 2424 1066 2463; baseline -0.001 -9"><span class='ocrx_word' id='word_1_349' title='bbox 360 2424 453 2454; x_wconf 80' lang='lat'>1175.</span> <span class='ocrx_word' id='word_1_350' title='bbox 485 2433 554 2455; x_wconf 91' lang='lat'>100.</span> <span class='ocrx_word' id='word_1_351' title='bbox 580 2424 698 2454; x_wconf 91' lang='lat' dir='ltr'>nihilo</span> <span class='ocrx_word' id='word_1_352' title='bbox 714 2427 742 2455; x_wconf 84' lang='lat' dir='ltr'><em>F</em></span> <span class='ocrx_word' id='word_1_353' title='bbox 761 2427 895 2463; x_wconf 55' lang='lat' dir='ltr'>Cory-iffi:</span> <span class='ocrx_word' id='word_1_354' title='bbox 922 2424 1012 2454; x_wconf 87' lang='lat' dir='ltr'>nihil</span> <span class='ocrx_word' id='word_1_355' title='bbox 1033 2427 1066 2454; x_wconf 80' lang='lat' dir='ltr'>F.</span> 
     </span>
     <span class='ocr_line' id='line_1_43' title="bbox 315 2472 821 2499; baseline 0.004 -2"><span class='ocrx_word' id='word_1_356' title='bbox 315 2477 347 2497; x_wconf 83' lang='lat' dir='ltr'>R.</span> <span class='ocrx_word' id='word_1_357' title='bbox 366 2477 397 2497; x_wconf 78' lang='lat' dir='ltr'>n.</span> <span class='ocrx_word' id='word_1_358' title='bbox 417 2492 422 2498; x_wconf 92' lang='lat'>.</span> <span class='ocrx_word' id='word_1_359' title='bbox 442 2492 449 2498; x_wconf 91' lang='lat'>.</span> <span class='ocrx_word' id='word_1_360' title='bbox 472 2491 480 2499; x_wconf 90' lang='lat'>.</span> <span class='ocrx_word' id='word_1_361' title='bbox 496 2478 519 2498; x_wconf 72' lang='lat' dir='ltr'><strong>A</strong></span> <span class='ocrx_word' id='word_1_362' title='bbox 535 2477 692 2498; x_wconf 67' lang='lat' dir='ltr'>sncmzrrs</span> <span class='ocrx_word' id='word_1_363' title='bbox 709 2479 766 2499; x_wconf 86' lang='lat' dir='ltr'>om.</span> <span class='ocrx_word' id='word_1_364' title='bbox 780 2472 821 2499; x_wconf 81' lang='grc' dir='ltr'>ΙΙ.</span> 
     </span>
    </p>
   </div>
   <div class='ocr_carea' id='block_1_12' title="bbox 1209 2419 1914 2454">
    <p class='ocr_par' dir='ltr' id='par_1_12' title="bbox 1209 2419 1914 2454">
     <span class='ocr_line' id='line_1_44' title="bbox 1209 2419 1914 2454; baseline -0.004 -2"><span class='ocrx_word' id='word_1_365' title='bbox 1209 2433 1276 2454; x_wconf 83' lang='lat'>122.</span> <span class='ocrx_word' id='word_1_366' title='bbox 1303 2422 1532 2452; x_wconf 76' lang='lat' dir='ltr'>Latamerum</span> <span class='ocrx_word' id='word_1_367' title='bbox 1551 2424 1592 2452; x_wconf 90' lang='lat' dir='ltr'>H.</span> <span class='ocrx_word' id='word_1_368' title='bbox 1730 2419 1827 2450; x_wconf 87' lang='grc'><strong>1176.</strong></span> <span class='ocrx_word' id='word_1_369' title='bbox 1852 2427 1914 2449; x_wconf 73' lang='grc'><strong>111.</strong></span> 
     </span>
    </p>
   </div>
   <div class='ocr_carea' id='block_1_13' title="bbox 361 2556 1087 2640">
    <p class='ocr_par' dir='ltr' id='par_1_13' title="bbox 361 2556 1087 2640">
     <span class='ocr_line' id='line_1_45' title="bbox 361 2556 1080 2597; baseline -0.003 -11"><span class='ocrx_word' id='word_1_370' title='bbox 361 2557 454 2588; x_wconf 81' lang='grc'><strong>1175.</strong></span> <span class='ocrx_word' id='word_1_371' title='bbox 482 2567 533 2596; x_wconf 89' lang='lat'>99.</span> <span class='ocrx_word' id='word_1_372' title='bbox 555 2556 732 2597; x_wconf 76' lang='lat' dir='ltr'>Perottus]</span> <span class='ocrx_word' id='word_1_373' title='bbox 749 2557 812 2587; x_wconf 89' lang='lat' dir='ltr'>See</span> <span class='ocrx_word' id='word_1_374' title='bbox 830 2558 890 2596; x_wconf 81' lang='lat' dir='ltr'>Ep.</span> <span class='ocrx_word' id='word_1_375' title='bbox 911 2565 981 2594; x_wconf 90' lang='lat'>117.</span> <span class='ocrx_word' id='word_1_376' title='bbox 1000 2564 1080 2593; x_wconf 86' lang='lat'>4211.</span> 
     </span>
     <span class='ocr_line' id='line_1_46' title="bbox 364 2598 1087 2640; baseline -0.003 -10"><span class='ocrx_word' id='word_1_377' title='bbox 364 2609 423 2638; x_wconf 83' lang='lat'>103</span> <span class='ocrx_word' id='word_1_378' title='bbox 463 2602 501 2630; x_wconf 85' lang='lat' dir='ltr'>iu</span> <span class='ocrx_word' id='word_1_379' title='bbox 519 2600 753 2640; x_wconf 73' lang='lat' dir='ltr'>praefatione]</span> <span class='ocrx_word' id='word_1_380' title='bbox 779 2601 843 2631; x_wconf 86' lang='lat' dir='ltr'>See</span> <span class='ocrx_word' id='word_1_381' title='bbox 868 2600 904 2630; x_wconf 89' lang='lat'>11.</span> <span class='ocrx_word' id='word_1_382' title='bbox 927 2608 1032 2638; x_wconf 88' lang='lat'>19—20</span> <span class='ocrx_word' id='word_1_383' title='bbox 1049 2598 1087 2628; x_wconf 93' lang='lat' dir='ltr'>of</span> 
     </span>
    </p>
   </div>
   <div class='ocr_carea' id='block_1_14' title="bbox 1152 2551 1916 2636">
    <p class='ocr_par' dir='ltr' id='par_1_14' title="bbox 1152 2551 1916 2636">
     <span class='ocr_line' id='line_1_47' title="bbox 1152 2551 1905 2594; baseline -0.004 -10"><span class='ocrx_word' id='word_1_384' title='bbox 1152 2554 1290 2594; x_wconf 67' lang='lat' dir='ltr'>preface</span> <span class='ocrx_word' id='word_1_385' title='bbox 1309 2563 1391 2592; x_wconf 78' lang='lat' dir='ltr'>may</span> <span class='ocrx_word' id='word_1_386' title='bbox 1409 2554 1450 2584; x_wconf 89' lang='lat' dir='ltr'>be</span> <span class='ocrx_word' id='word_1_387' title='bbox 1467 2553 1574 2584; x_wconf 85' lang='lat' dir='ltr'>dated</span> <span class='ocrx_word' id='word_1_388' title='bbox 1592 2554 1629 2583; x_wconf 86' lang='lat' dir='ltr'>in</span> <span class='ocrx_word' id='word_1_389' title='bbox 1646 2552 1734 2591; x_wconf 84' lang='lat' dir='ltr'>Aug.</span> <span class='ocrx_word' id='word_1_390' title='bbox 1753 2561 1794 2582; x_wconf 86' lang='lat' dir='ltr'>or</span> <span class='ocrx_word' id='word_1_391' title='bbox 1810 2551 1905 2590; x_wconf 82' lang='lat' dir='ltr'>Sept.</span> 
     </span>
     <span class='ocr_line' id='line_1_48' title="bbox 1199 2595 1916 2636; baseline -0.004 -9"><span class='ocrx_word' id='word_1_392' title='bbox 1199 2607 1269 2636; x_wconf 87' lang='lat'>117.</span> <span class='ocrx_word' id='word_1_393' title='bbox 1297 2598 1519 2627; x_wconf 86' lang='lat' dir='ltr'>mentionem</span> <span class='ocrx_word' id='word_1_394' title='bbox 1539 2596 1615 2636; x_wconf 91' lang='lat' dir='ltr'>Lei]</span> <span class='ocrx_word' id='word_1_395' title='bbox 1633 2596 1720 2627; x_wconf 86' lang='lat' dir='ltr'>This</span> <span class='ocrx_word' id='word_1_396' title='bbox 1736 2604 1856 2626; x_wconf 86' lang='lat' dir='ltr'>occurs</span> <span class='ocrx_word' id='word_1_397' title='bbox 1879 2595 1916 2624; x_wconf 89' lang='lat' dir='ltr'>in</span> 
     </span>
    </p>
   </div>
   <div class='ocr_carea' id='block_1_15' title="bbox 316 2642 1087 3032">
    <p class='ocr_par' dir='ltr' id='par_1_15' title="bbox 316 2642 1083 2719">
     <span class='ocr_line' id='line_1_49' title="bbox 316 2642 1083 2683; baseline -0.004 -9"><span class='ocrx_word' id='word_1_398' title='bbox 316 2644 379 2674; x_wconf 86' lang='lat' dir='ltr'>the</span> <span class='ocrx_word' id='word_1_399' title='bbox 397 2654 539 2683; x_wconf 78' lang='lat' dir='ltr'>passage</span> <span class='ocrx_word' id='word_1_400' title='bbox 555 2644 689 2683; x_wconf 82' lang='lat' dir='ltr'>quoted</span> <span class='ocrx_word' id='word_1_401' title='bbox 706 2654 745 2674; x_wconf 88' lang='grc'>111</span> <span class='ocrx_word' id='word_1_402' title='bbox 760 2644 823 2674; x_wconf 84' lang='lat' dir='ltr'>the</span> <span class='ocrx_word' id='word_1_403' title='bbox 840 2642 1083 2674; x_wconf 84' lang='lat' dir='ltr'>introduction</span> 
     </span>
     <span class='ocr_line' id='line_1_50' title="bbox 316 2687 578 2719; baseline 0 -1"><span class='ocrx_word' id='word_1_404' title='bbox 316 2690 352 2718; x_wconf 89' lang='lat' dir='ltr'>to</span> <span class='ocrx_word' id='word_1_405' title='bbox 370 2687 443 2718; x_wconf 85' lang='lat' dir='ltr'>this</span> <span class='ocrx_word' id='word_1_406' title='bbox 461 2688 578 2719; x_wconf 87' lang='lat' dir='ltr'>letter.</span> 
     </span>
    </p>

    <p class='ocr_par' dir='ltr' id='par_1_16' title="bbox 322 2729 1085 2813">
     <span class='ocr_line' id='line_1_51' title="bbox 365 2729 1085 2771; baseline -0.003 -10"><span class='ocrx_word' id='word_1_407' title='bbox 365 2740 435 2770; x_wconf 86' lang='lat'>113.</span> <span class='ocrx_word' id='word_1_408' title='bbox 463 2741 534 2761; x_wconf 87' lang='lat' dir='ltr'>non</span> <span class='ocrx_word' id='word_1_409' title='bbox 566 2731 742 2761; x_wconf 77' lang='lat' dir='ltr'>fuerimus</span> <span class='ocrx_word' id='word_1_410' title='bbox 771 2730 904 2771; x_wconf 87' lang='lat' dir='ltr'>iniqui]</span> <span class='ocrx_word' id='word_1_411' title='bbox 934 2729 985 2760; x_wconf 81' lang='lat' dir='ltr'>Cf.</span> <span class='ocrx_word' id='word_1_412' title='bbox 1017 2729 1085 2768; x_wconf 87' lang='lat' dir='ltr'>Ep.</span> 
     </span>
     <span class='ocr_line' id='line_1_52' title="bbox 322 2784 506 2813; baseline 0 -9"><span class='ocrx_word' id='word_1_413' title='bbox 322 2784 415 2805; x_wconf 83' lang='grc'><strong>1210.</strong></span> <span class='ocrx_word' id='word_1_414' title='bbox 437 2784 506 2813; x_wconf 80' lang='grc'><strong>1-9.</strong></span> 
     </span>
    </p>

    <p class='ocr_par' dir='ltr' id='par_1_17' title="bbox 319 2816 1087 3032">
     <span class='ocr_line' id='line_1_53' title="bbox 365 2816 1084 2858; baseline -0.003 -11"><span class='ocrx_word' id='word_1_415' title='bbox 365 2827 436 2857; x_wconf 87' lang='lat'>115.</span> <span class='ocrx_word' id='word_1_416' title='bbox 461 2817 650 2858; x_wconf 80' lang='lat' dir='ltr'>miserant]</span> <span class='ocrx_word' id='word_1_417' title='bbox 691 2818 737 2857; x_wconf 83' lang='lat' dir='ltr'>by</span> <span class='ocrx_word' id='word_1_418' title='bbox 773 2818 913 2848; x_wconf 80' lang='lat' dir='ltr'>Jcrome</span> <span class='ocrx_word' id='word_1_419' title='bbox 946 2816 1084 2846; x_wconf 89' lang='lat' dir='ltr'>Froben</span> 
     </span>
     <span class='ocr_line' id='line_1_54' title="bbox 319 2860 1086 2901; baseline -0.004 -9"><span class='ocrx_word' id='word_1_420' title='bbox 319 2861 401 2901; x_wconf 86' lang='lat' dir='ltr'>(Ep.</span> <span class='ocrx_word' id='word_1_421' title='bbox 430 2871 522 2892; x_wconf 85' lang='lat'>1210.</span> <span class='ocrx_word' id='word_1_422' title='bbox 550 2861 596 2901; x_wconf 86' lang='lat'>5),</span> <span class='ocrx_word' id='word_1_423' title='bbox 623 2862 705 2891; x_wconf 88' lang='lat' dir='ltr'>who</span> <span class='ocrx_word' id='word_1_424' title='bbox 731 2861 889 2900; x_wconf 74' lang='lat' dir='ltr'>rejoined</span> <span class='ocrx_word' id='word_1_425' title='bbox 919 2860 1086 2890; x_wconf 76' lang='lat' dir='ltr'>Erasmus</span> 
     </span>
     <span class='ocr_line' id='line_1_55' title="bbox 319 2903 1085 2943; baseline -0.004 -8"><span class='ocrx_word' id='word_1_426' title='bbox 319 2905 358 2935; x_wconf 89' lang='lat' dir='ltr'>in</span> <span class='ocrx_word' id='word_1_427' title='bbox 384 2904 445 2935; x_wconf 80' lang='lat' dir='ltr'>the</span> <span class='ocrx_word' id='word_1_428' title='bbox 470 2905 577 2935; x_wconf 84' lang='lat' dir='ltr'>latter</span> <span class='ocrx_word' id='word_1_429' title='bbox 601 2904 679 2937; x_wconf 81' lang='lat' dir='ltr'>half</span> <span class='ocrx_word' id='word_1_430' title='bbox 700 2905 738 2934; x_wconf 84' lang='lat' dir='ltr'>of</span> <span class='ocrx_word' id='word_1_431' title='bbox 762 2913 845 2943; x_wconf 85' lang='lat'>1520</span> <span class='ocrx_word' id='word_1_432' title='bbox 869 2904 989 2943; x_wconf 57' lang='lat' dir='ltr'>(Basle</span> <span class='ocrx_word' id='word_1_433' title='bbox 1014 2903 1085 2933; x_wconf 81' lang='lat' dir='ltr'>MS.</span> 
     </span>
     <span class='ocr_line' id='line_1_56' title="bbox 320 2946 1087 2987; baseline -0.007 -7"><span class='ocrx_word' id='word_1_434' title='bbox 320 2950 359 2980; x_wconf 90' lang='lat' dir='ltr'>G.</span> <span class='ocrx_word' id='word_1_435' title='bbox 381 2948 429 2979; x_wconf 90' lang='lat'>11.</span> <span class='ocrx_word' id='word_1_436' title='bbox 450 2958 502 2987; x_wconf 88' lang='lat'>29.</span> <span class='ocrx_word' id='word_1_437' title='bbox 527 2950 611 2986; x_wconf 70' lang='lat'>115).</span> <span class='ocrx_word' id='word_1_438' title='bbox 662 2948 710 2978; x_wconf 66' lang='lat' dir='ltr'>As</span> <span class='ocrx_word' id='word_1_439' title='bbox 728 2948 772 2977; x_wconf 83' lang='lat' dir='ltr'>he</span> <span class='ocrx_word' id='word_1_440' title='bbox 791 2946 899 2978; x_wconf 85' lang='lat' dir='ltr'>found</span> <span class='ocrx_word' id='word_1_441' title='bbox 918 2947 1087 2977; x_wconf 76' lang='lat' dir='ltr'>Erasmus</span> 
     </span>
     <span class='ocr_line' id='line_1_57' title="bbox 321 2988 1087 3032; baseline -0.004 -10"><span class='ocrx_word' id='word_1_442' title='bbox 321 2995 356 3023; x_wconf 81' lang='lat' dir='ltr'>at</span> <span class='ocrx_word' id='word_1_443' title='bbox 374 2993 558 3032; x_wconf 87' lang='lat' dir='ltr'>Antwcrp,</span> <span class='ocrx_word' id='word_1_444' title='bbox 577 2992 637 3022; x_wconf 80' lang='lat' dir='ltr'>the</span> <span class='ocrx_word' id='word_1_445' title='bbox 654 2991 806 3030; x_wconf 68' lang='lat' dir='ltr'>sending</span> <span class='ocrx_word' id='word_1_446' title='bbox 822 2991 859 3021; x_wconf 82' lang='lat' dir='ltr'>of</span> <span class='ocrx_word' id='word_1_447' title='bbox 882 2988 1087 3030; x_wconf 85' lang='lat' dir='ltr'>Polydore&#39;s</span> 
     </span>
    </p>
   </div>
   <div class='ocr_carea' id='block_1_16' title="bbox 1153 2637 1923 3028">
    <p class='ocr_par' dir='ltr' id='par_1_18' title="bbox 1153 2637 1923 3028">
     <span class='ocr_line' id='line_1_58' title="bbox 1153 2637 1918 2680; baseline -0.004 -9"><span class='ocrx_word' id='word_1_448' title='bbox 1153 2650 1173 2670; x_wconf 86' lang='lat' dir='ltr'>a</span> <span class='ocrx_word' id='word_1_449' title='bbox 1199 2641 1328 2671; x_wconf 82' lang='lat' dir='ltr'>second</span> <span class='ocrx_word' id='word_1_450' title='bbox 1355 2641 1494 2680; x_wconf 81' lang='lat' dir='ltr'>preface</span> <span class='ocrx_word' id='word_1_451' title='bbox 1523 2643 1558 2670; x_wconf 84' lang='lat' dir='ltr'>to</span> <span class='ocrx_word' id='word_1_452' title='bbox 1584 2640 1684 2679; x_wconf 84' lang='lat' dir='ltr'>Pace,</span> <span class='ocrx_word' id='word_1_453' title='bbox 1712 2639 1786 2669; x_wconf 83' lang='lat' dir='ltr'>also</span> <span class='ocrx_word' id='word_1_454' title='bbox 1811 2637 1918 2669; x_wconf 85' lang='lat' dir='ltr'>dated</span> 
     </span>
     <span class='ocr_line' id='line_1_59' title="bbox 1153 2682 1918 2723; baseline -0.005 -8"><span class='ocrx_word' id='word_1_455' title='bbox 1153 2694 1172 2723; x_wconf 84' lang='lat'>5</span> <span class='ocrx_word' id='word_1_456' title='bbox 1191 2685 1283 2715; x_wconf 82' lang='lat' dir='ltr'>June</span> <span class='ocrx_word' id='word_1_457' title='bbox 1306 2684 1481 2723; x_wconf 86' lang='lat' dir='ltr'>1519‚and</span> <span class='ocrx_word' id='word_1_458' title='bbox 1499 2683 1655 2723; x_wconf 82' lang='lat' dir='ltr'>prefixed</span> <span class='ocrx_word' id='word_1_459' title='bbox 1668 2685 1704 2714; x_wconf 85' lang='lat' dir='ltr'>to</span> <span class='ocrx_word' id='word_1_460' title='bbox 1717 2682 1780 2713; x_wconf 87' lang='lat' dir='ltr'>the</span> <span class='ocrx_word' id='word_1_461' title='bbox 1792 2683 1918 2720; x_wconf 75' lang='lat' dir='ltr'>Adayia</span> 
     </span>
     <span class='ocr_line' id='line_1_60' title="bbox 1153 2724 1923 2767; baseline -0.003 -10"><span class='ocrx_word' id='word_1_462' title='bbox 1153 2738 1243 2758; x_wconf 73' lang='lat' dir='ltr'>surra</span> <span class='ocrx_word' id='word_1_463' title='bbox 1267 2727 1321 2767; x_wconf 59' lang='grc' dir='ltr'><strong>(θ’.</strong></span> <span class='ocrx_word' id='word_1_464' title='bbox 1341 2728 1375 2767; x_wconf 84' lang='lat' dir='ltr'>h,</span> <span class='ocrx_word' id='word_1_465' title='bbox 1395 2739 1449 2767; x_wconf 88' lang='lat'>49,</span> <span class='ocrx_word' id='word_1_466' title='bbox 1477 2729 1514 2757; x_wconf 90' lang='lat' dir='ltr'>in</span> <span class='ocrx_word' id='word_1_467' title='bbox 1539 2727 1705 2757; x_wconf 79' lang='lat' dir='ltr'>Froben’s</span> <span class='ocrx_word' id='word_1_468' title='bbox 1722 2725 1859 2756; x_wconf 79' lang='lat' dir='ltr'>edition</span> <span class='ocrx_word' id='word_1_469' title='bbox 1884 2724 1923 2755; x_wconf 85' lang='lat' dir='ltr'>of</span> 
     </span>
     <span class='ocr_line' id='line_1_61' title="bbox 1154 2770 1921 2811; baseline -0.003 -10"><span class='ocrx_word' id='word_1_470' title='bbox 1154 2771 1238 2811; x_wconf 65' lang='grc' dir='ltr'>ι1111)1</span> <span class='ocrx_word' id='word_1_471' title='bbox 1260 2778 1369 2810; x_wconf 33' lang='grc'><strong>15211,</strong></span> <span class='ocrx_word' id='word_1_472' title='bbox 1391 2772 1478 2801; x_wconf 86' lang='lat' dir='ltr'>with</span> <span class='ocrx_word' id='word_1_473' title='bbox 1496 2771 1612 2810; x_wconf 85' lang='lat' dir='ltr'>praise</span> <span class='ocrx_word' id='word_1_474' title='bbox 1630 2770 1666 2800; x_wconf 76' lang='lat' dir='ltr'>of</span> <span class='ocrx_word' id='word_1_475' title='bbox 1688 2779 1798 2809; x_wconf 78' lang='lat' dir='ltr'>many</span> <span class='ocrx_word' id='word_1_476' title='bbox 1821 2771 1921 2799; x_wconf 82' lang='lat' dir='ltr'>nota-</span> 
     </span>
     <span class='ocr_line' id='line_1_62' title="bbox 1157 2811 1920 2853; baseline -0.004 -8"><span class='ocrx_word' id='word_1_477' title='bbox 1157 2815 1211 2845; x_wconf 87' lang='lat' dir='ltr'>ble</span> <span class='ocrx_word' id='word_1_478' title='bbox 1230 2815 1478 2853; x_wconf 68' lang='lat' dir='ltr'>Englishmen.</span> <span class='ocrx_word' id='word_1_479' title='bbox 1529 2814 1676 2853; x_wconf 86' lang='lat' dir='ltr'>Though</span> <span class='ocrx_word' id='word_1_480' title='bbox 1697 2814 1759 2843; x_wconf 85' lang='lat' dir='ltr'>the</span> <span class='ocrx_word' id='word_1_481' title='bbox 1782 2811 1920 2853; x_wconf 82' lang='lat' dir='ltr'>preface</span> 
     </span>
     <span class='ocr_line' id='line_1_63' title="bbox 1157 2856 1920 2897; baseline -0.003 -10"><span class='ocrx_word' id='word_1_482' title='bbox 1157 2868 1227 2889; x_wconf 81' lang='lat' dir='ltr'>was</span> <span class='ocrx_word' id='word_1_483' title='bbox 1244 2859 1390 2889; x_wconf 83' lang='lat' dir='ltr'>written</span> <span class='ocrx_word' id='word_1_484' title='bbox 1407 2858 1544 2896; x_wconf 85' lang='lat' dir='ltr'>earlier,</span> <span class='ocrx_word' id='word_1_485' title='bbox 1558 2858 1604 2897; x_wconf 85' lang='lat' dir='ltr'>by</span> <span class='ocrx_word' id='word_1_486' title='bbox 1621 2857 1682 2888; x_wconf 91' lang='lat' dir='ltr'>the</span> <span class='ocrx_word' id='word_1_487' title='bbox 1698 2857 1786 2887; x_wconf 83' lang='lat' dir='ltr'>time</span> <span class='ocrx_word' id='word_1_488' title='bbox 1804 2856 1833 2886; x_wconf 87' lang='lat' dir='ltr'>it</span> <span class='ocrx_word' id='word_1_489' title='bbox 1848 2864 1920 2886; x_wconf 82' lang='lat' dir='ltr'>was</span> 
     </span>
     <span class='ocr_line' id='line_1_64' title="bbox 1157 2901 1921 2939; baseline -0.004 -7"><span class='ocrx_word' id='word_1_490' title='bbox 1157 2901 1281 2932; x_wconf 76' lang='lat' dir='ltr'>shown</span> <span class='ocrx_word' id='word_1_491' title='bbox 1315 2903 1349 2932; x_wconf 90' lang='lat' dir='ltr'>to</span> <span class='ocrx_word' id='word_1_492' title='bbox 1388 2901 1567 2939; x_wconf 77' lang='lat' dir='ltr'>Erasmus,</span> <span class='ocrx_word' id='word_1_493' title='bbox 1601 2901 1663 2931; x_wconf 88' lang='lat' dir='ltr'>the</span> <span class='ocrx_word' id='word_1_494' title='bbox 1693 2902 1921 2938; x_wconf 83' lang='lat' dir='ltr'>controversy</span> 
     </span>
     <span class='ocr_line' id='line_1_65' title="bbox 1157 2942 1921 2983; baseline -0.004 -8"><span class='ocrx_word' id='word_1_495' title='bbox 1157 2945 1248 2976; x_wconf 88' lang='lat' dir='ltr'>with</span> <span class='ocrx_word' id='word_1_496' title='bbox 1267 2945 1335 2975; x_wconf 89' lang='lat' dir='ltr'>Lee</span> <span class='ocrx_word' id='word_1_497' title='bbox 1360 2945 1431 2975; x_wconf 77' lang='lat' dir='ltr'>had</span> <span class='ocrx_word' id='word_1_498' title='bbox 1455 2944 1605 2975; x_wconf 79' lang='lat' dir='ltr'>reached</span> <span class='ocrx_word' id='word_1_499' title='bbox 1629 2943 1702 2975; x_wconf 83' lang='lat' dir='ltr'>and</span> <span class='ocrx_word' id='word_1_500' title='bbox 1726 2942 1851 2983; x_wconf 84' lang='lat' dir='ltr'>passed</span> <span class='ocrx_word' id='word_1_501' title='bbox 1874 2943 1921 2973; x_wconf 81' lang='lat' dir='ltr'>its</span> 
     </span>
     <span class='ocr_line' id='line_1_66' title="bbox 1156 2990 1418 3028; baseline -0.004 -9"><span class='ocrx_word' id='word_1_502' title='bbox 1156 2991 1293 3019; x_wconf 77' lang='lat' dir='ltr'>acutest</span> <span class='ocrx_word' id='word_1_503' title='bbox 1310 2990 1418 3028; x_wconf 79' lang='lat' dir='ltr'>stage.</span> 
     </span>
    </p>
   </div>
  </div>
 </body>
</html>
