1990 3353
295 142 375 181 362
770 140 1018 179 LETTERS
1058 138 1127 177 OF
1166 137 1430 177 ERASMUS
1775 132 1902 187 [1520

298 250 478 281 Professor
495 250 533 280 of
544 248 722 287 Theology
734 248 772 278 in
789 255 871 285 1515
889 245 961 276 and
971 245 1152 285 Ordinary
1163 245 1344 276 Professor
1360 245 1399 274 111
1413 253 1496 282 1520
1510 254 1517 275 z
1542 243 1692 283 holding
1705 241 1901 274 therewith

298 294 361 325 the
378 293 543 325 annexed
561 292 748 323 canoni-ies
764 291 804 321 in
822 290 871 321 St.
890 287 1022 321 Peter's
1038 289 1184 320 church.
1232 289 1277 319 In
1298 289 1380 327 1516
1396 288 1442 318 he
1459 296 1531 318 was
1548 286 1636 318 D.D.
1653 298 1661 325 3
1685 286 1756 317 and
1769 285 1846 326 just
1863 287 1900 316 at

299 339 374 369 this
395 339 493 375 time,
521 337 573 366 for
596 337 659 367 the
680 335 859 374 half-year
882 343 920 372 31
940 334 1030 373 Aug.
1052 333 1220 371 1520—28
1244 332 1324 363 Feb.
1353 341 1446 370 1521,
1464 331 1509 361 he
1535 340 1607 361 was
1630 330 1759 361 Rector
1783 329 1820 360 of
1838 329 1900 360 the

300 382 524 420 University.
568 379 612 409 In
632 388 724 418 1524,
741 389 784 409 on
797 378 859 408 the
875 377 1093 408 foundation
1106 376 1144 406 of
1155 376 1217 406 the
1228 375 1367 415 College
1381 375 1430 405 du
1446 375 1550 414 Pape,
1561 374 1607 405 he
1620 384 1693 405 was
1708 372 1902 413 appointed

300 426 347 456 its
372 425 446 456 first
471 423 658 455 President
677 434 684 461 ;
707 422 778 452 and
796 423 833 451 in
854 430 936 460 1525
954 422 997 451 he
1014 430 1086 451 was
1101 429 1167 450 one
1184 419 1222 450 of
1243 419 1306 450 the
1326 419 1451 458 judges
1467 420 1504 449 to
1522 420 1581 457 try
1596 418 1693 448 John
1711 417 1900 455 Pistorius,

301 470 364 500 the
396 469 473 499 first
505 467 625 497 Dutch
652 467 790 505 martyr
814 465 851 496 of
880 465 941 495 the
973 464 1228 495 Reformation.
1277 463 1445 494 Between
1473 462 1623 501 1516—19
1646 461 1691 491 he
1716 460 1903 500 composed

302 522 412 552 many
427 510 633 542 devotional
656 510 782 548 works,
802 508 921 539 which
946 508 1016 538 had
1041 517 1061 538 a
1084 507 1177 537 wide
1202 507 1352 546 popular
1373 505 1602 542 circulation3
1626 504 1674 535 all
1696 506 1821 544 except
1837 513 1903 534 one

302 557 411 596 being
433 556 471 585 in
494 554 626 585 Dutch.
673 554 772 592 They
788 563 881 583 were
904 551 1051 592 printed
1071 553 1106 581 at
1127 553 1313 590 Antwerp,
1332 550 1466 589 mostly
1486 549 1532 588 by
1550 548 1675 579 Hillen
1702 548 1778 590 (Ep.
1808 556 1902 587 1053.

306 601 421 639 13311).
469 598 533 629 See
551 598 639 637 BN.,
658 598 750 627 with
767 606 787 627 a
804 606 892 636 very
908 595 1041 627 careful
1059 594 1307 634 bibliography
1323 606 1329 630 ;
1354 593 1426 624 and
1442 593 1485 623 de
1501 593 1631 632 Jongh,
1650 602 1707 632 pp.
1730 593 1843 630 165—7.

347 645 462 682 Apart
478 642 569 672 from
588 641 651 672 the
667 642 811 680 present
827 639 953 679 appeal
970 641 1007 670 to
1023 639 1099 669 him
1116 648 1154 668 as
1172 639 1298 669 Rector
1316 638 1375 677 (cf.
1396 637 1481 676 Epp.
1506 637 1597 675 1164,
1622 635 1719 674 1172)
1736 635 1906 665 Erasmus

304 688 376 718 had
393 689 456 717 not
473 686 580 716 much
598 688 634 716 to
651 685 695 715 do
712 685 803 714 with
820 684 898 714 him
913 694 921 721 ;
949 684 1013 713 but
1033 683 1079 712 he
1101 682 1226 721 speaks
1243 681 1281 712 of
1301 681 1379 712 him
1404 681 1495 711 later
1518 680 1609 710 with
1633 680 1749 720 praise
1776 678 1903 719 (Lond.

305 732 375 762 xix.
397 740 445 769 13,
466 729 537 760 LB.
559 729 644 759 862:
673 738 710 767 17
736 728 818 767 May
846 729 955 766 1527).
1001 726 1073 756 The
1097 726 1283 765 year-date
1300 725 1338 755 of
1357 725 1433 756 this
1456 725 1565 754 letter
1588 724 1618 753 is
1643 722 1836 753 confirmed
1862 722 1907 761 by

306 771 556 806 Rosemondt's
572 774 700 803 tenure
718 772 755 802 of
769 772 830 802 the
849 770 1069 810 Rectorship.
1113 769 1148 799 It
1160 779 1226 800 can
1239 768 1395 808 scarcely
1408 769 1449 798 be
1464 766 1620 798 doubted
1634 767 1716 798 that
1727 766 1789 796 the
1802 766 1907 796 letter

307 829 379 849 was
396 818 435 848 111
452 817 513 848 the
530 816 647 847 hands
665 816 702 846 of
715 815 776 846 the
794 816 924 846 author
942 814 980 845 of
992 814 1054 844 the
1072 815 1152 843 Acta
1168 816 1268 844 Acczcl.
1286 814 1494 843 Louanc'ensis
1511 811 1570 853 (ef.
1591 811 1653 850 Ep.
1675 818 1768 850 1195.
1789 808 1883 850 4n).]

308 936 512 967 ERASMVS
535 934 757 965 ROTEROD.
783 933 958 964 INSIGNI
981 933 1220 964 THEOLOGO
1242 933 1537 963 GODSCHALCO
1559 931 1909 971 ROSEMONDANO,

571 1003 872 1034 LoVANIENSIs
906 1002 1178 1034 ACADEMIAE
1209 1001 1523 1039 MODERATORI,
1550 1001 1583 1029 S.
1606 999 1649 1032 D.

365 1118 458 1156 NON
479 1117 659 1156 arbitror
677 1128 841 1154 necesse
862 1117 908 1152 vt
926 1117 966 1153 te
986 1113 1354 1152 commonefaciam
1376 1112 1497 1152 officii
1516 1113 1579 1152 tui
1596 1128 1604 1161 ;
1634 1113 1750 1151 0111115
1776 1113 1914 1162 partes

310 1176 409 1211 sunt
429 1185 514 1210 non
534 1172 670 1209 solum
690 1171 767 1208 hoc
794 1172 1012 1219 praestare,
1036 1182 1089 1206 ne
1116 1170 1209 1217 quis
1234 1181 1306 1218 per
1325 1167 1507 1217 teipsum
1527 1168 1726 1215 laedatur,
1749 1179 1912 1205 verum-

310 1227 437 1265 etiam
459 1240 511 1264 ne
531 1225 597 1264 cui
619 1225 742 1263 liceat
762 1225 942 1262 alterum
962 1223 1116 1261 iniuria
1142 1223 1310 1261 afficere.
1371 1223 1486 1270 Quod
1515 1223 1710 1260 Nicolaus
1737 1222 1914 1270 Egmon-

311 1282 456 1328 danus,
479 1281 568 1318 siue
588 1293 638 1317 ex
657 1284 729 1317 tuo
749 1279 838 1317 siue
857 1291 907 1316 ex
927 1277 1140 1315 Pontificii
1161 1277 1401 1326 diplomatis
1421 1277 1629 1325 mandato,
1653 1277 1787 1314 multa
1811 1274 1916 1313 dixit

275 1354 290 1383 ς,
312 1337 357 1374 111
372 1336 619 1382 Lutherum,
639 1334 746 1371 nihil
762 1333 940 1370 arbitror
958 1331 1008 1370 ad
1030 1345 1096 1369 me
1117 1331 1334 1381 pertinere.
1384 1330 1465 1368 Sed
1487 1332 1595 1381 quod
1616 1332 1775 1380 praeter
1795 1341 1916 1367 omne

311 1390 571 1437 mandatum,
593 1402 638 1426 ac
659 1390 823 1437 praeter
843 1386 1062 1425 Pontificis
1084 1388 1282 1433 mentem,
1307 1386 1378 1436 qui
1405 1386 1519 1435 cupit
1538 1388 1580 1424 et-
1599 1385 1695 1423 11105
1716 1384 1826 1422 allici
1845 1382 1917 1433 qui

312 1445 514 1483 hactenus
543 1442 756 1481 stetissent
785 1455 807 1479 a
837 1441 1031 1488 Luthero,
1054 1442 1222 1478 tantum
1249 1439 1367 1478 abest
1392 1442 1439 1478 vt
1467 1445 1704 1490 quenquam
1732 1438 1917 1476 alienum

313 1499 416 1537 velit
449 1498 622 1544 inuolui,
655 1510 760 1546 pene
793 1496 913 1545 plura
946 1495 1053 1533 dixit
1086 1495 1131 1532 in
1163 1508 1228 1532 me
1258 1496 1300 1531 et
1326 1493 1430 1532 falso
1459 1496 1500 1532 et
1528 1497 1688 1544 praeter
1717 1492 1917 1530 meritum

314 1566 467 1599 meum,
491 1553 639 1602 opinor
658 1551 893 1589 autoritatis
912 1549 1041 1587 simul
1062 1551 1102 1587 et
1122 1548 1376 1598 integritatis
1396 1561 1482 1586 esse
1505 1553 1599 1587 tuae
1625 1547 1840 1586 hominem
1866 1546 1916 1584 ab

259 1625 295 1646 10
314 1606 554 1646 huiusmodi
588 1606 754 1655 linguae
787 1604 1017 1654 petulantia
1050 1616 1332 1653 compescere3
1375 1603 1620 1652 praesertim
1650 1615 1744 1640 cum
1774 1614 1838 1639 res
1866 1600 1921 1638 sit

315 1661 495 1710 exempli
513 1661 695 1710 pessimi,
718 1662 757 1697 et
777 1659 914 1697 ordini
932 1658 1162 1707 theologico
1185 1659 1307 1706 atque
1333 1657 1430 1695 huic
1459 1657 1747 1694 celeberrimae
1768 1655 1919 1694 Acade-

316 1716 424 1754 miae
443 1729 536 1753 meo
556 1713 711 1753 iudicio
731 1727 814 1751 non
835 1712 1098 1751 mediocriter
1118 1712 1382 1749 dedecorosa:
1412 1711 1496 1761 nisi
1515 1711 1620 1749 forte
1636 1723 1790 1749 munus
1807 1709 1920 1747 istud

319 1784 402 1809 non
423 1769 531 1819 geris
550 1768 727 1818 publicis
746 1768 870 1806 huius
890 1767 1053 1805 scholae
1077 1766 1306 1804 commodis
1335 1767 1405 1804 sed
1435 1778 1662 1815 paucorum
1691 1764 1917 1802 affectibus.

318 1825 450 1874 Atqui
470 1824 606 1862 isthuc
625 1826 685 1861 est
706 1835 885 1869 seruum,
911 1835 995 1859 non
1017 1824 1229 1865 rectorem,
1251 1833 1380 1869 agere.

261 1897 298 1927 15
374 1878 426 1916 In
447 1878 575 1916 natali
595 1877 682 1915 diui
703 1876 908 1926 Dionysii,
927 1876 970 1913 in
991 1875 1089 1913 aede
1109 1875 1196 1912 diui
1216 1874 1342 1921 Petri,
1361 1875 1405 1912 in
1426 1873 1591 1924 publica
1610 1873 1806 1911 concione
1827 1885 1921 1910 cum

319 1946 490 1971 exorsus
506 1933 638 1970 dicere
653 1932 703 1969 de
723 1932 924 1969 charitate
939 1930 1079 1968 subito
1095 1931 1136 1966 et
1151 1930 1312 1978 praeter
1327 1929 1524 1966 decorum
1540 1929 1583 1966 in
1600 1941 1667 1966 me
1683 1927 1924 1965 detorsisset

318 2000 554 2026 sermonem
585 1986 699 2034 (nam
728 1999 823 2023 casu
852 1984 1182 2032 interueneram),
1215 1985 1374 2032 praeter
1401 1982 1481 2021 alia
1508 1982 1642 2020 multa.
1672 1981 1776 2019 illud
1805 1981 1850 2018 in
1879 1993 1923 2018 os

320 2042 435 2087 dixit,
467 2054 533 2079 me
562 2053 811 2089 magnopere
840 2039 992 2077 fauisse
1022 2037 1230 2076 Luthero:
1271 2050 1365 2075 cum
1397 2050 1471 2087 ego
1503 2037 1553 2074 ab
1584 2037 1704 2074 initio
1735 2037 1923 2074 constan·

320 2096 481 2135 tissime
501 2098 676 2134 testatus
694 2095 788 2141 sim,
810 2095 850 2132 id
880 2094 989 2143 quod
1016 2105 1081 2130 res
1107 2094 1201 2139 erat,
1226 2092 1332 2129 mihi
1361 2104 1456 2130 cum
1486 2091 1668 2129 Luthero
1698 2089 1807 2127 nihil
1836 2102 1924 2127 esse

262 2170 302 2191 20
321 2149 559 2189 commercii
578 2150 658 2187 nisi
678 2148 787 2198 quod
811 2150 874 2186 est
899 2147 1031 2186 cuiuis
1055 2146 1293 2184 Christiano
1322 2159 1417 2183 011111
1447 2146 1594 2195 quouis
1621 2144 1808 2183 eiusdem
1837 2156 1923 2193 pro-

321 2205 525 2244 fessionis,
584 2203 828 2242 Docti-inam
865 2201 1158 2251 Euangelicam
1195 2202 1235 2237 et
1267 2200 1551 2249 Apostolicam
1585 2211 1774 2248 agnosco.
1833 2199 1925 2236 Gae-

322 2262 460 2297 terum
482 2258 588 2296 nulli
608 2257 850 2296 mortalium
877 2258 1044 2294 tantum
1070 2254 1207 2293 tribuo
1234 2258 1279 2292 vt
1307 2254 1421 2292 illius
1450 2254 1656 2302 dogmatis
1685 2266 1756 2302 per
1786 2251 1926 2289 omnia

324 2314 452 2352 velim
485 2312 675 2351 addictus
708 2324 819 2350 esse:
862 2313 1029 2349 tantum
1063 2309 1179 2347 abest
1212 2310 1257 2346 vt
1290 2308 1378 2346 eius
1412 2321 1578 2346 causam
1616 2321 1708 2345 meo
1745 2306 1926 2356 periculo

323 2368 524 2406 tuendam
558 2367 808 2415 susciperem
840 2365 958 2403 cuius
987 2364 1115 2401 libros
1148 2376 1232 2400 non
1266 2362 1460 2411 legeram,
1493 2364 1535 2400 et
1567 2362 1702 2400 adhuc
1740 2363 1845 2399 esset
1883 2360 1927 2397 in

268 2443 304 2473 25
324 2423 479 2460 incerto
517 2421 616 2470 quid
654 2422 762 2458 esset
797 2420 1025 2469 scripturus
1062 2417 1106 2454 111
1143 2420 1368 2466 posterum.
1428 2416 1478 2454 Id
1515 2429 1612 2455 cum
1649 2415 1768 2454 libris
1801 2414 1928 2452 etiam

327 2475 474 2514 aeditis
504 2475 668 2524 publice
696 2476 870 2512 testatus
899 2485 1043 2518 essem,
1075 2478 1173 2509 11011·
1190 2470 1324 2520 potuit
1353 2471 1547 2519 cuiquam
1576 2484 1664 2509 esse
1691 2469 1924 2508 obscurum.

328 2531 390 2568 Ex
421 2533 543 2579 gustu
574 2542 698 2578 quem
727 2540 950 2577 coeperam,
973 2539 1023 2564 ex
1051 2525 1278 2575 degustatis
1306 2525 1445 2563 verius
1475 2538 1599 2575 quam
1629 2524 1746 2562 lectis
1773 2523 1928 2572 aliquot

329 2584 503 2621 Lutheri
522 2583 693 2632 paginis,
710 2582 848 2620 amaui
868 2583 913 2620 in
932 2580 1006 2618 illo
1027 2580 1143 2618 dotes
1163 2579 1363 2628 quasdam
1381 2593 1389 2626 ;
1418 2593 1468 2617 ex
1489 2580 1639 2629 quibus
1659 2577 1928 2616 conficiebam

329 2638 451 2676 illum
486 2650 574 2676 esse
607 2650 725 2686 posse
763 2636 974 2686 egregium
1012 2646 1212 2682 organum
1251 2633 1418 2680 Christi,
1454 2634 1488 2671 si
1519 2634 1569 2671 ad
1600 2632 1724 2670 huius
1755 2632 1928 2681 gloriam

272 2712 311 2743 30
330 2692 496 2730 dotibus
515 2691 602 2729 suis
621 2691 681 2729 vti
700 2691 838 2729 vellet.
898 2690 1086 2737 Cumque
1106 2687 1260 2736 passim
1281 2688 1330 2725 de
1350 2687 1422 2725 illo
1443 2687 1577 2725 multa
1597 2686 1930 2737 praedicarentur

330 2746 493 2793 atrocia,
526 2745 728 2795 quaedam
763 2745 889 2782 etiam
921 2742 1142 2781 manifesto
1176 2742 1290 2788 falsa,
1325 2741 1514 2792 optabam
1550 2741 1685 2788 illum,
1720 2742 1754 2778 si
1784 2751 1930 2789 parum

440 2884 504 2905 'rna
523 2883 656 2904 msmm
670 2882 849 2904 'rnEoLOGO
865 2883 926 2903 om.
942 2874 983 2903 H.
1076 2880 1330 2903 ROSEMVNDANO
1346 2873 1388 2902 H.
1523 2879 1575 2908 27.
1600 2878 1761 2909 ceperam
1779 2870 1821 2898 H.

378 2999 406 3024 4.
434 2984 653 3026 diplomatis]
672 2984 735 3015 See
755 2985 816 3023 Ep.
840 2993 929 3021 1141.
952 2993 1035 3014 2011.
1215 2991 1263 3021 19.
1290 2981 1441 3011 testatus
1465 2977 1552 3018 sim]
1578 2977 1622 3007 In
1649 2976 1734 3016 Epp.
1760 2983 1834 3014 939,
1853 2974 1926 3013 961,

384 3040 431 3069 15.
459 3028 641 3069 Dionysii]
660 3038 680 3067 9
698 3028 785 3067 Oct„
803 3027 975 3066 'ruesdayz
1167 3026 1242 3065 967,
1261 3033 1336 3064 993,
1361 3032 1450 3062 1033.
