1990 3353
90 144 217 200 1078]
289 145 447 185 FROM
484 144 786 194 HERMANN,
828 143 1017 184 OOUNT
1055 143 1124 183 OF
1161 143 1487 182 NEUENAHR

1606 143 1686 182 205

87 256 312 296 modestiae
331 256 482 306 palma.
527 255 669 305 Neque
689 254 789 305 quid
809 254 937 304 egerit
956 253 1028 292 ille
1047 252 1277 292 curandum
1298 252 1377 291 tibi
1396 254 1471 300 est,
1486 253 1556 291 sed
1577 255 1686 303 quod

86 314 129 350 te
149 311 298 359 deceat,
322 310 429 360 quod
449 310 558 348 bona
577 308 718 348 studia
736 310 993 359 promoueat,
1012 308 1121 358 quod
1141 320 1218 346 nos
1237 310 1368 346 ornet.

142 365 266 413 Haec,
300 378 395 403 cum
424 363 529 402 mihi
560 363 745 402 monitor
772 375 882 401 esses
910 375 1052 412 nuper,
1086 364 1132 400 tu
1162 361 1250 412 ipse
1278 361 1499 409 sentiebas,
1529 363 1569 399 et
1599 364 1687 401 erat

87 433 186 458 sane
220 419 346 470 digna
373 422 414 457 te
441 418 658 466 sententia,
691 430 772 468 qua
799 430 915 455 meae
942 416 1168 455 modestiae
1198 415 1439 455 consultum
1472 415 1683 465 cupiebas:

88 487 199 513 nunc
218 473 401 512 inuicem
422 473 580 510 moneri
601 486 624 510 a
643 485 721 519 me,
744 473 785 509 et
805 471 975 521 quidem
993 471 1080 510 tuis
1100 470 1248 517 verbis,
1273 483 1357 508 non
1375 470 1482 508 feres
1501 472 1681 520 grauate,
1704 482 1747 514 40

717 525 902 575 Augebit
933 525 1126 564 fiduciam
1155 527 1279 574 atque
1307 537 1424 574 spem
1451 537 1503 563 .x.
1534 524 1686 563 Leonis

87 530 206 566 καίτοι
227 529 447 578 πρεσβύτης
468 528 539 565 ὑπὸ
567 527 660 565 νέου.

87 583 211 622 Pont.
229 581 515 632 patrocinium,
531 581 609 620 sub
629 594 710 630 quo
726 582 930 630 quantum
948 580 1198 618 incrementi
1213 579 1321 617 bona
1335 578 1472 617 studia
1487 578 1681 628 ceperint,

86 650 210 676 nemo
230 638 318 675 tam
338 636 530 686 stupidus
550 636 612 674 est
632 634 704 685 qui
723 647 807 673 non
827 633 1048 684 intelligat.

1108 634 1239 673 Porro
1263 646 1337 683 pro
1364 634 1532 673 Caesare
1559 632 1686 672 Maxi-

87 691 261 730 miliano
281 692 420 729 ortum
439 692 504 728 est
524 689 643 728 nobis
663 689 792 740 sydus
812 688 1068 735 Carolinum,
1091 687 1137 726 in
1156 701 1240 738 quo
1259 689 1460 738 paternus
1479 689 1520 726 et
1545 689 1685 727 auitus

85 745 220 784 adhue
249 745 442 795 splendor
471 744 637 792 relucet,
666 744 763 791 imo,
793 742 829 781 si
857 742 994 781 dicere
1023 742 1135 789 licet,
1161 742 1207 781 in
1233 754 1312 792 quo
1338 743 1558 792 parentum
1582 742 1686 781 radii
1705 754 1744 786 45

87 800 202 838 velut
222 800 268 838 in
287 799 372 837 sole
393 798 572 849 quodam
592 797 926 836 luculentissimo
946 797 1156 836 deficiunt.
1207 796 1268 835 De
1290 796 1510 835 Germanis
1530 797 1686 835 nostris

85 854 284 905 polliceor
311 853 390 891 tibi
418 853 684 900 faustissima‚
719 854 782 890 tot
809 851 936 890 habet
963 851 1064 890 haec
1095 851 1209 890 natio
1238 850 1456 900 principes,
1486 853 1681 901 satrapas,

87 908 200 947 ciues
234 907 419 959 plebeios
448 908 493 945 in
524 907 644 945 bonis
676 906 835 945 artibus
862 908 1048 944 versatos
1078 907 1118 944 et
1145 904 1343 944 candidos
1369 907 1416 944 vt
1443 904 1523 943 alia
1552 905 1680 944 nulla.

85 962 214 1001 Pauci
233 963 368 1001 adhuc
388 964 546 1000 restant
566 962 711 1012 πτωχοὶ
731 961 874 999 κολοιοὶ
899 961 959 999 καὶ
984 961 1142 1011 μέλανες
1168 960 1320 1009 ἅνδρες;
1350 959 1424 998 illa
1449 959 1538 998 filix
1566 959 1684 998 nullo

86 1017 341 1056 mansuescit
363 1018 510 1055 aratro.

571 1016 679 1055 Sunt
707 1015 778 1065 qui
804 1017 954 1065 putent
980 1015 1031 1053 ab
1057 1015 1109 1053 iis
1135 1014 1408 1053 subornatum
1429 1026 1517 1053 esse
1537 1013 1682 1063 Leum,
1707 1032 1722 1063 5

86 1085 166 1121 quo
199 1071 250 1110 ad
290 1071 367 1110 hoc
406 1070 624 1120 negocium
662 1069 960 1121 perficiendum
999 1069 1116 1107 velut
1152 1068 1364 1107 emissario
1402 1068 1682 1117 abuterentur,

86 1126 255 1164 interim
285 1125 366 1175 ipsi
396 1125 440 1162 in
469 1125 556 1164 suis
587 1124 738 1163 culinis
767 1124 868 1163 satis
895 1124 990 1163 tuti.

1051 1124 1169 1172 Quod
1199 1122 1420 1161 hominum
1447 1136 1579 1172 genus
1605 1137 1686 1173 quo

85 1182 204 1230 pacto
225 1179 346 1218 nobis
366 1180 602 1229 exemplum
623 1178 848 1228 patientiae
873 1178 1066 1217 exhibeat
1093 1177 1263 1226 Christi,
1294 1177 1396 1216 satis
1426 1177 1685 1227 exploratum

85 1234 164 1273 tibi
189 1234 336 1282 cred03
366 1247 464 1272 nam
492 1235 532 1272 et
558 1234 669 1283 ipsos
695 1233 782 1272 suis
810 1232 1017 1271 coloribus
1047 1232 1288 1282 depinxisti.

88 1302 197 1327 nunc
217 1290 304 1338 agit
325 1288 431 1338 quod
453 1288 497 1326 in
518 1288 701 1338 apologo,
724 1289 748 1337 ἡ
767 1289 835 1337 μὲν
854 1288 936 1328 ὄνος
956 1291 993 1326 ἐν
1012 1290 1089 1327 τοῖς
1108 1286 1290 1336 πιθήκοις.

1345 1232 1454 1270 Leus
1482 1245 1580 1271 vero
1608 1232 1685 1270 hoc

85 1356 138 1382 ne
158 1343 368 1393 reliquum
389 1342 563 1380 fabellae
582 1342 797 1390 absoluat;
825 1342 1007 1392 priorem
1028 1341 1141 1380 enim
1161 1343 1322 1391 partem
1344 1341 1444 1379 satis
1464 1341 1687 1379 infeliciter

84 1397 196 1436 lusit.

84 1451 284 1491 clamosas
313 1452 412 1489 istas
440 1451 579 1489 obtere
608 1463 740 1489 ranas.

254 1397 505 1447 Apologiam
533 1399 651 1435 tuam
680 1396 799 1436 auide
832 1398 1097 1446 expectamus
1114 1410 1124 1443 ;
1167 1396 1230 1434 fac
1264 1398 1308 1434 vt
1338 1397 1454 1433 exeat
1483 1395 1613 1444 breui,
1646 1397 1686 1434 et

801 1450 890 1499 Qua
919 1451 964 1488 in
994 1464 1037 1488 re
1066 1450 1101 1488 si
1130 1449 1230 1500 quid
1260 1452 1321 1488 est
1351 1450 1458 1499 quod
1489 1450 1574 1499 ipse
1607 1449 1686 1488 tibi

83 1508 290 1557 praestare
310 1519 472 1556 queam,
493 1519 578 1543 non
600 1506 747 1552 deero;
776 1518 844 1543 me
870 1518 1036 1555 semper
1061 1504 1194 1542 fidum
1219 1504 1441 1553 experieris
1466 1504 1684 1542 Achatem.

85 1560 195 1601 Satis
227 1560 388 1598 felicem
421 1573 489 1598 me
521 1561 624 1610 puto
657 1560 694 1598 si
731 1559 782 1598 ab
819 1559 897 1598 hoc
935 1559 1156 1598 hominum
1195 1568 1342 1608 genere
1381 1558 1687 1608 persecutiones
1706 1561 1748 1593 60

85 1615 314 1654 sustineam
333 1629 342 1662 ;
372 1614 463 1653 εἶναι
482 1616 555 1666 γὰρ
573 1616 639 1663 τῆς
659 1615 811 1655 ἀκακίας
831 1614 1037 1654 ἀκόλουθος
1055 1614 1171 1652 ποθῶ.

137 1669 385 1708 Aduentum
404 1671 527 1708 tuum
546 1669 596 1708 ad
617 1669 857 1718 proximum
881 1681 955 1707 ver
980 1669 1257 1719 expectamus.

1318 1666 1445 1706 Nulla
1471 1667 1539 1706 hic
1566 1668 1687 1716 pesti-

83 1723 181 1762 litas
209 1725 419 1774 grassatur
448 1736 528 1773 qua
556 1724 779 1762 absterreri
808 1723 981 1769 debeas;
1014 1724 1182 1762 tantum
1212 1723 1295 1761 huc
1324 1722 1483 1770 aduola,
1507 1724 1547 1761 et
1577 1722 1688 1761 inter

83 1791 252 1817 nemora
277 1778 539 1817 Bedburtina
565 1778 834 1816 miscebimus
853 1777 1121 1828 prolixiorem
1142 1776 1192 1814 de
1213 1776 1367 1815 nostris
1388 1776 1511 1815 rebus
1537 1790 1688 1815 sermo-

84 1846 192 1872 nem.
252 1832 359 1871 Nam
389 1832 523 1871 multa
550 1832 685 1871 adhuc
715 1832 890 1871 dicenda
918 1834 1087 1871 restant.

84 1889 274 1926 nostrum
305 1887 557 1936 Principem,
588 1887 754 1926 accedes
782 1900 960 1935 mecum,
991 1886 1176 1925 facturus
1206 1885 1269 1924 illi
1299 1885 1570 1935 proculdubio
1599 1898 1689 1924 rem

573 2008 625 2038 49.
651 1998 768 2039 πτοχοὶ
784 1996 906 2028 κολοοιὶ
924 2010 943 2028 α
958 2009 965 2030 :
991 2009 1065 2029 corr.
1083 2000 1198 2030 Jortin.

127 2093 179 2132 38.
208 2092 337 2133 nuper]
364 2093 415 2124 Cf.
446 2092 510 2132 Ep.
537 2102 612 2131 703.
640 2102 737 2131 21—4.
784 2092 856 2122 But

84 2137 185 2167 there
202 2136 273 2167 had
289 2138 379 2167 been
393 2146 413 2167 a
430 2146 526 2166 more
544 2137 666 2166 recent
681 2136 857 2173 occasion,

83 2180 238 2220 perhaps
254 2190 292 2211 as
307 2190 327 2211 a
343 2190 584 2219 consequence
608 2180 646 2210 of
666 2179 728 2219 Ep.
749 2181 833 2210 1006
850 2191 856 2209 :

86 2225 93 2241 ‘
108 2223 224 2263 Quum
241 2224 365 2255 Comes
376 2234 396 2254 a
407 2224 508 2254 Noua
519 2223 651 2262 Aquila
668 2233 726 2254 me
742 2223 857 2254 literis

85 2268 286 2298 consuleret
307 2277 352 2298 an
378 2267 524 2298 deberet
550 2267 770 2298 simultatem
802 2277 856 2297 re-

86 2312 231 2342 mittere
248 2311 475 2350 Hochstrato,
496 2311 561 2341 hoc
577 2312 655 2341 tum
682 2311 856 2350 promissa

84 2355 268 2394 palinodia
282 2355 472 2393 ambienti,
497 2354 580 2385 dedi
607 2353 800 2385 consilium
817 2357 856 2385 vt

84 2399 205 2429 animo
221 2398 429 2430 Christiano
446 2399 645 2430 remitteret
670 2398 854 2428 iniuriam.

84 2442 204 2481 Atque
242 2443 283 2481 is,
321 2452 434 2482 quum
474 2452 530 2472 me
568 2441 856 2472 virulentissime

86 2486 285 2526 impetisset
301 2485 404 2523 Leus,
419 2495 538 2516 meum
556 2485 648 2515 mihi
665 2486 857 2516 consilium

87 2529 246 2569 ingessit,
272 2529 470 2560 admonens
497 2531 536 2560 vt
559 2529 650 2568 quod
680 2529 754 2568 ipse
779 2539 857 2559 meo

85 2582 190 2604 suasu
228 2573 368 2604 fecisset
408 2573 444 2603 in
491 2573 721 2610 Hochstrato,
760 2582 858 2603 1111110

86 2616 237 2647 facerem
251 2617 291 2646 in
308 2617 376 2647 Leo
390 2616 408 2655 ',
430 2619 579 2654 Sponqia,
602 2616 672 2648 LB.
696 2626 728 2647 x.
753 2618 858 2656 163912

92 2674 119 2685 =
131 2660 208 2691 HE.
225 2669 300 2699 333,
316 2661 395 2696 §82
437 2660 501 2690 See
517 2660 592 2690 also
608 2659 671 2699 Ep.
688 2661 762 2690 620.
774 2670 853 2698 3011.

131 2714 183 2743 49.
210 2703 335 2742 πτωχοὶ
362 2702 499 2744 κολοιοὶ]
524 2705 557 2734 Α
584 2706 858 2743 contemptuous

86 2747 260 2778 reference
287 2749 323 2777 to
351 2746 412 2777 the
437 2746 587 2785 monks3
611 2746 653 2777 cf.
673 2747 734 2787 Ep.
761 2748 854 2778 1082.

88 2800 137 2830 13,
177 2791 249 2822 and
286 2793 389 2829 Δάας.
427 2790 502 2829 621,
544 2790 728 2830 ‘graculus
762 2791 858 2821 inter

86 2834 236 2866 Musas’.

174 2876 308 2916 μέλανες
323 2875 445 2918 ἅνδρες]
471 2876 523 2908 Cf.
540 2876 634 2907 Plut.
648 2879 683 2907 de
699 2879 751 2909 lib.
769 2880 855 2910 educ.

90 2931 138 2960 17,
157 2921 229 2952 and
246 2921 333 2952 Hor.
352 2923 384 2951 S.
405 2930 431 2951 1.
447 2931 478 2959 4.
498 2921 552 2959 85;
577 2920 650 2951 also
667 2920 690 2951 1.
709 2932 731 2961 9
746 2931 854 2958 supra.

174 2964 266 3005 filix]
294 2964 342 2995 Cf.
364 2964 457 2994 Pers.
478 2974 507 3002 4.
526 2973 578 3001 41.

129 3017 182 3047 52.
210 3007 358 3048 culinis]
373 3007 425 3039 Cf.
442 3007 505 3047 Ep.
524 3009 594 3046 163.
614 3008 644 3038 6.

131 3061 181 3091 55.
213 3053 250 3083 in
261 3051 422 3092 apologo]
437 3051 480 3081 In
496 3054 598 3089 Aday.
616 3061 674 3090 441
690 3052 859 3083 Erasmus

918 2092 1080 2131 explains
1106 2092 1181 2122 this
1208 2101 1245 2121 as
1271 2092 1278 2106 ‘
1295 2090 1355 2122 vbi
1380 2091 1462 2129 quis
1490 2090 1620 2121 incidit
1652 2092 1689 2121 in

918 2135 1083 2166 homines
1101 2136 1245 2166 nasutos
1261 2136 1297 2165 et
1313 2134 1595 2171 contumeliosos,
1615 2135 1690 2174 ipse

917 2179 1079 2217 stolidus,
1099 2189 1119 2209 a
1135 2179 1264 2218 quibus
1280 2179 1428 2218 impune
1446 2177 1604 2209 rideatur
1615 2177 1633 2209 ’.

960 2233 1014 2262 57.
1040 2222 1267 2263 Apologiam]
1292 2232 1355 2260 qua
1376 2224 1555 2261 respondem
1577 2232 1632 2252 see
1657 2232 1689 2262 p.

921 2277 990 2298 110.

960 2311 1012 2349 58.
1040 2309 1228 2350 clamosas]
1255 2309 1306 2342 Cf.
1328 2310 1416 2349 Epp.
1436 2309 1528 2340 1082.
1561 2319 1612 2349 24,
1635 2318 1689 2348 31,

922 2355 1013 2392 1136.
1035 2354 1084 2385 18.

962 2399 1013 2428 62.
1039 2396 1268 2437 Aduentum]
1293 2396 1361 2427 For
1387 2397 1632 2436 expectations
1656 2396 1694 2427 of

920 2441 1098 2472 Erasmus·
1127 2443 1252 2471 return
1269 2442 1305 2470 to
1330 2441 1434 2471 Basle
1460 2441 1500 2470 111
1529 2450 1611 2479 1520
1634 2450 1690 2471 see

919 2486 1019 2516 BRE.
1035 2486 1104 2523 162,
1122 2486 1194 2522 166,
1210 2485 1279 2523 176,
1292 2484 1361 2515 Zw.
1374 2483 1430 2515 E.2
1443 2494 1513 2522 131,
1529 2494 1686 2524 133,140,

924 2539 1006 2567 142:
1031 2529 1074 2560 ef.
1093 2528 1180 2567 Epp.
1201 2537 1295 2567 1073.
1314 2528 1412 2567 58—9,
1449 2528 1542 2566 1085.
1572 2538 1688 2566 13—14‚

923 2583 1016 2603 1101.
1037 2582 1062 2609 1,
1088 2582 1180 2602 1102.
1197 2581 1246 2611 10,
1270 2581 1364 2612 1119.
1383 2581 1481 2611 22—3.
1529 2572 1562 2602 A
1587 2575 1692 2612 party

920 2617 957 2647 of
992 2615 1172 2655 Zwingli's
1211 2615 1358 2655 friends,
1400 2614 1593 2655 including
1628 2616 1691 2646 the

920 2660 1209 2691 Administrator
1236 2659 1274 2689 of
1299 2659 1509 2690 Einsiedeln
1538 2658 1598 2699 (cf.
1624 2660 1688 2699 Ep.

925 2714 1015 2734 1120.
1039 2704 1130 2741 mm,
1156 2712 1227 2733 was
1250 2702 1423 2743 prepared
1447 2704 1483 2733 to
1505 2702 1632 2742 guther
1655 2705 1692 2733 at

921 2747 1023 2778 Baslc
1041 2749 1077 2777 to
1092 2749 1192 2785 greet
1211 2747 1286 2777 him
1306 2747 1390 2786 (Zw.
1409 2745 1463 2776 E.2
1482 2747 1570 2787 146).

1040 2789 1232 2830 pestilitas]
1249 2790 1303 2821 Cf.
1321 2791 1384 2829 Ep.
1407 2791 1480 2828 867.
1499 2791 1582 2821 62n.

961 2834 1017 2872 64.
1039 2834 1281 2875 Bcdburtina]
1307 2834 1371 2864 See
1386 2834 1449 2873 Ep.
1466 2835 1539 2872 867.
1558 2843 1609 2873 74.

962 2879 1014 2908 66.
1043 2877 1262 2918 Principem]
1290 2878 1480 2908 Hermann
1506 2877 1543 2907 of
1563 2876 1692 2907 Wied:

921 2932 975 2952 see
993 2921 1056 2960 Ep.
1074 2922 1147 2960 829.
1168 2930 1244 2960 15¹1.
1292 2921 1327 2952 It
1346 2930 1418 2952 was
1443 2922 1506 2951 not
1530 2921 1587 2951 till
1609 2920 1693 2958 1528

921 2965 1001 2995 that
1029 2964 1083 2995 Ct.
1114 2964 1301 2995 Hermann
1330 2965 1524 2995 succeeded
1555 2965 1591 2994 111
1617 2973 1692 3003 per-

921 3008 1072 3047 suading
1086 3008 1255 3039 Erasmus
1271 3010 1307 3039 to
1323 3009 1426 3039 write
1444 3009 1480 3038 to
1498 3008 1559 3038 the
1578 3008 1668 3046 Abp.
1686 3017 1694 3037 ε

924 3051 1032 3083 Lond.
1052 3052 1145 3082 xxiv.
1168 3061 1195 3091 t,
1213 3052 1283 3083 LB.
1301 3061 1378 3091 945.

1348 1286 1428 1325 Sed
1449 1288 1591 1325 caueat
1605 1286 1686 1325 sibi
1708 1302 1747 1334 55

1146 1831 1225 1869 Vel
1259 1832 1296 1870 si
1325 1830 1475 1870 libebit
1504 1831 1688 1870 inuisere
1707 1833 1747 1874 65
