1990 3353
307 135 361 174 80
781 134 1030 174 LETTERS
1069 134 1138 174 OF
1176 134 1443 173 ERASMUS
1781 133 1817 187 [1
1828 146 1848 183 5
1857 148 1871 172 1
1881 151 1906 186 9

308 243 517 292 imprimis
544 257 761 292 prosperae
787 245 828 281 et
852 244 1034 293 integrae
1062 244 1293 282 valetudini
1319 246 1423 287 tuae.
1450 245 1652 294 cupioque
1679 246 1724 283 vt
1751 246 1908 284 aemuli

308 297 371 334 tui
402 297 450 334 de
482 298 628 335 mortis
662 300 757 335 tuae
790 297 1080 336 commentitio
1113 311 1260 347 genere
1294 299 1364 336 diu
1398 299 1456 337 sic
1490 313 1636 338 verum
1670 299 1910 348 loquantur,

249 366 287 397 15
310 352 661 400 quemadmodum
681 352 881 400 superiori
901 354 940 390 et
960 353 1168 402 praesenti
1187 366 1297 391 anno
1318 353 1385 390 hic
1407 356 1446 391 et
1468 354 1575 402 apud
1597 367 1672 391 vos
1694 353 1881 392 fecerunt
1898 369 1908 401 ;

309 408 434 454 vtque
464 408 640 443 aetatem
665 407 812 445 annosi
836 407 1026 445 Nestoris
1052 407 1232 445 viuendo
1258 420 1341 445 non
1365 407 1501 445 solum
1531 408 1733 457 adaeques
1762 421 1908 446 verum

310 460 435 498 etiam
456 473 633 508 superes

366 514 482 561 Quod
504 518 544 552 te
564 519 700 552 autem
722 515 890 564 quidam
911 515 1277 553 ecclesiasticorum
1293 518 1333 553 et
1348 515 1614 564 potissimum
1629 529 1679 553 ex
1694 516 1910 555 monachis
1926 564 1930 570 Χ

312 568 565 617 implacabili
596 570 688 606 odio
718 572 1027 619 prosequuntur
1054 571 1095 607 et
1124 570 1271 607 canino
1301 583 1442 608 morsu
1472 583 1774 619 nonnunquam
1803 571 1909 609 clam

255 635 294 656 20
313 623 535 671 impetunt,
558 623 669 660 istud
692 624 800 672 apud
824 638 890 661 me
910 624 1064 661 mirum
1086 637 1170 661 non
1190 626 1263 669 est,
1289 637 1381 661 cum
1404 625 1539 662 virtus
1557 624 1664 662 vicio
1685 626 1726 662 et
1753 625 1910 662 bonum

312 676 423 714 malo
439 690 602 725 semper
617 678 869 716 contrarium
883 679 949 716 sit.
990 678 1098 716 Boni
1112 679 1189 715 bon
1197 691 1253 721 os,
1267 678 1457 716 scelerati
1474 679 1692 717 sceleratos
1706 692 1855 725 amare,
1870 681 1912 716 et

314 730 450 768 simile
463 731 593 768 simili
606 732 785 770 amicum
801 746 888 770 esse
902 732 1030 779 solet;
1051 745 1217 770 morum
1239 745 1418 781 namque
1438 733 1684 780 similitudo,
1702 733 1764 770 vti
1784 733 1907 780 nosti,

313 785 646 823 beneuolentiam
679 786 822 835 gignit,
847 787 1144 825 dissimilitudo
1171 800 1267 824 vero
1295 787 1449 824 odium.
1509 787 1552 825 Si
1581 800 1664 825 non
1689 787 1913 837 aliquando

313 839 444 877 vitam
452 840 620 878 illorum
630 840 839 890 hypocrisi
852 855 925 878 ceu
934 841 1061 890 pallio
1070 843 1231 887 tectam,
1240 842 1286 878 vt
1298 841 1449 890 aliquis
1456 841 1635 890 Apelles,
1645 842 1692 879 ad
1708 842 1912 880 amussim

255 904 293 935 25
315 893 579 943 depinxisses,
609 898 648 932 et
682 895 956 943 Antisylenos
990 896 1284 944 Gnatonesque
1318 895 1619 943 probatissimis
1655 896 1915 945 argumentis

315 948 656 996 demonstrasses,
674 951 709 986 si
730 949 977 987 traditiones
997 950 1161 987 diuinas
1180 949 1436 998 posthabere,
1461 952 1501 987 et
1516 949 1702 987 inuentis
1718 950 1915 988 humanis

314 1002 540 1052 literaeque
570 1003 849 1051 interfectrici,
882 1007 924 1042 et
954 1017 1037 1041 non
1066 1003 1242 1053 spiritui,
1273 1004 1494 1041 adhaerere
1523 1017 1607 1041 non
1637 1003 1911 1053 probauisses‚

314 1057 470 1094 amicus
490 1059 531 1094 et
551 1057 678 1095 frater
697 1058 966 1096 charissimus
987 1071 1108 1096 esses.
1169 1057 1277 1095 Nam
1306 1071 1401 1095 cum
1428 1057 1581 1096 veritas
1606 1058 1714 1097 male
1740 1059 1917 1096 consciis

314 1111 456 1149 auditu
478 1112 703 1149 admodum
723 1113 896 1151 molesta
922 1115 963 1151 et
991 1125 1133 1150 amara
1161 1113 1235 1157 est,
1258 1125 1333 1150 nec
1359 1112 1472 1150 aliud
1504 1125 1644 1161 quam,
1663 1115 1710 1151 vt
1730 1113 1915 1151 comicus

256 1182 298 1212 30
315 1167 435 1213 poeta
469 1166 617 1215 inquit,
652 1167 796 1204 odium
828 1167 948 1216 parit,
985 1166 1082 1204 inde
1112 1167 1189 1204 hae
1222 1166 1468 1204 inimicitiae
1501 1169 1541 1204 et
1574 1167 1810 1205 simultates
1843 1180 1916 1205 ceu

314 1233 335 1256 e
356 1219 604 1268 quibusdam
623 1221 821 1258 scatebris
840 1221 1011 1259 liuentis
1030 1221 1161 1259 animi
1176 1223 1415 1269 erumpunt.
1476 1220 1555 1259 Sed
1569 1223 1751 1270 praestat
1765 1221 1916 1260 talium

315 1274 497 1311 fucatam
517 1277 559 1312 et
579 1274 829 1313 inefficacem
851 1275 1076 1313 amicitiam
1099 1275 1221 1325 longe
1241 1275 1417 1313 abiicere
1437 1278 1477 1313 et
1498 1280 1764 1313 contemnere
1787 1288 1914 1325 quam

316 1328 354 1365 ei
382 1329 557 1366 veritate
584 1332 742 1367 remota
764 1330 942 1378 turpiter
964 1329 1174 1368 blandiri:
1209 1331 1367 1367 certum
1394 1332 1458 1367 est
1481 1330 1595 1367 enim
1621 1330 1728 1379 quod
1756 1330 1916 1368 nullius

315 1383 402 1420 vita
422 1382 513 1420 sine
532 1383 670 1432 aliqua
691 1385 1012 1433 reprehensione
1031 1383 1223 1422 cucurrit.
1282 1383 1519 1421 Innocuum
1539 1386 1679 1422 tamen
1700 1386 1742 1422 et
1760 1384 1918 1434 absque

256 1452 295 1483 35
315 1436 455 1474 aculeo
475 1438 622 1475 stilum
643 1440 764 1475 tuum
785 1452 873 1477 esse
893 1438 986 1488 quis
1006 1439 1204 1488 ignorat?
1233 1451 1327 1476 cum
1347 1439 1450 1476 vitia
1471 1438 1558 1476 sola
1577 1440 1707 1485 notas,
1727 1439 1859 1487 carpis
1873 1441 1916 1477 et

316 1491 501 1537 damnas,
524 1493 710 1541 personis
728 1493 879 1542 vbique
898 1493 1044 1542 parcis.
1105 1492 1206 1541 Quis
1225 1492 1304 1530 tibi
1323 1493 1451 1541 igitur
1469 1506 1541 1541 pro
1561 1493 1612 1530 iis
1631 1492 1738 1531 iuste
1753 1505 1918 1530 succen-

316 1558 405 1583 sere
424 1547 588 1594 poterit,
611 1546 692 1584 nisi
711 1547 783 1584 ille
804 1548 876 1596 qui
896 1547 975 1585 sibi
995 1547 1103 1585 male
1123 1546 1310 1585 conscius
1326 1547 1375 1584 de
1391 1560 1433 1584 se
1446 1546 1523 1585 ista
1535 1546 1767 1597 intelligere
1780 1547 1883 1585 velit
1896 1549 1918 1586 ⁵?

318 1599 372 1637 Et
402 1599 477 1637 hac
506 1613 628 1638 causa
657 1601 812 1638 maiore
842 1602 962 1639 laude
989 1602 1140 1651 dignus
1169 1614 1222 1647 es,
1256 1614 1336 1650 quo
1365 1601 1496 1639 animi
1527 1601 1847 1640 sanctimoniam
1875 1603 1916 1640 et

316 1655 426 1691 vitae
451 1655 749 1704 synceritatem
772 1669 866 1693 cum
897 1656 1083 1694 doctrina
1112 1658 1152 1693 et
1177 1655 1382 1704 sapientia
1411 1655 1692 1702 coniunxisti5
1723 1656 1814 1694 luce
1840 1669 1918 1694 sua

255 1724 297 1754 40
316 1708 410 1746 aliis
429 1708 565 1746 lucem
586 1710 686 1747 affe1
688 1723 771 1748 ens
795 1710 1062 1759 legendoque,
1083 1709 1309 1757 scribendo,
1333 1709 1576 1748 declarando
1597 1712 1637 1748 et
1656 1710 1919 1748 instituendo

316 1764 354 1800 fr
357 1765 475 1800 uctus
495 1764 696 1802 hactenus
716 1749 913 1802 omnibus
932 1764 1172 1814 producens.

372 1817 451 1854 Sed
491 1818 587 1855 nolo
618 1818 668 1855 de
698 1818 765 1856 his
795 1818 915 1867 plura
952 1818 1139 1861 sci-,ibere
1181 1831 1232 1856 ne
1270 1817 1411 1857 videar
1449 1818 1623 1856 eximias
1660 1818 1838 1856 virtutes
1876 1820 1918 1856 et

316 1871 545 1909 doctrinam
577 1874 692 1910 tuam
726 1872 938 1922 vitamque
970 1873 1193 1910 innocuam
1223 1872 1406 1910 oratione
1436 1885 1528 1910 mea
1555 1872 1684 1910 sterili
1712 1875 1753 1910 et
1781 1872 1919 1911 ieiuna

316 1925 425 1964 velle
452 1927 802 1975 comprehendere
828 1930 868 1964 et
895 1927 1066 1965 clariora
1094 1927 1274 1973 reddere,
1302 1940 1396 1964 cum
1426 1927 1502 1964 hoc
1531 1927 1641 1964 aliud
1673 1926 1780 1964 nihil
1809 1929 1918 1965 esset

255 1994 296 2023 45
318 1993 443 2028 quam
459 1980 537 2018 soli
558 1981 702 2018 lumen
723 1983 765 2018 et
786 1982 889 2019 mari
909 1995 1036 2031 aquas
1055 1981 1214 2019 addere.
1274 1981 1593 2019 Testamentum
1609 1981 1788 2029 Nouum,
1808 1981 1915 2031 quod

316 2034 546 2072 multorum
574 2037 769 2073 autorum
799 2036 1019 2084 praeclaris
1047 2035 1266 2074 sententiis
1295 2035 1456 2085 egregie
1484 2048 1529 2073 ac
1557 2035 1781 2073 Vtilissime
1806 2036 1918 2073 locu-

318 2088 495 2137 pletasti,
529 2089 703 2127 allatum
733 2090 840 2127 mihi
869 2092 932 2128 est
961 2103 1056 2128 cum
1081 2090 1300 2128 nonnullis
1323 2090 1415 2127 aliis
1441 2089 1650 2139 opusculis
1676 2089 1761 2128 tuis
1784 2089 1920 2139 pridie

318 2143 421 2181 Idus
434 2142 543 2180 Maii.
605 2144 761 2182 Omnes
778 2145 893 2182 enim
908 2144 1036 2182 libros
1053 2146 1157 2190 tuos,
1177 2157 1444 2193 quoscunque
1459 2144 1659 2192 scripsisti
1674 2146 1714 2181 et
1730 2144 1917 2182 Basileae

319 2197 466 2235 Ioanni
489 2198 704 2243 Frobenio,
719 2199 810 2236 viro
831 2199 950 2237 docto
971 2201 1011 2236 et
1032 2199 1075 2236 in
1096 2201 1183 2236 arte
1203 2198 1510 2247 calcographica
1530 2198 1733 2236 Daedaleo
1750 2198 1919 2248 ingenio

260 2262 300 2292 50
319 2252 512 2300 praedito,
554 2251 855 2301 imprimendos
894 2253 1054 2300 dedisti,
1095 2253 1239 2295 habeo,
1270 2253 1523 2301 mirificeque
1560 2251 1737 2290 lectione
1774 2265 1918 2290 eorum

320 2306 520 2344 delector:
565 2306 716 2355 quibus
754 2307 879 2345 etiam
919 2320 1068 2356 magna
1104 2320 1154 2344 ex
1187 2309 1302 2356 parte
1335 2306 1629 2344 bibliothecam
1663 2319 1800 2345 meam
1833 2320 1918 2344 non

319 2359 455 2398 solum
475 2362 638 2397 auctam
660 2361 729 2398 sed
751 2364 792 2398 et
812 2364 999 2399 ornatam
1022 2361 1192 2399 reddidi.

375 2414 531 2462 Pragae
561 2416 752 2464 quamuis
784 2417 825 2452 te
859 2416 968 2453 nihil
1001 2415 1155 2464 negotii
1189 2415 1337 2452 habere
1370 2427 1627 2463 cognoscam,
1664 2414 1845 2452 libenter
1877 2416 1919 2452 te

320 2470 461 2506 tamen
483 2481 577 2505 cum
599 2470 744 2507 multis
764 2470 859 2508 aliis
880 2470 951 2519 qui
966 2469 1134 2507 videndi
1158 2470 1222 2508 tui
1249 2482 1399 2518 magno
1425 2469 1626 2506 desiderio
1655 2469 1914 2516 tenebantur,

261 2532 299 2562 55
321 2524 361 2559 et
381 2522 468 2570 ipse
488 2522 687 2560 vidissem
708 2524 1086 2573 conuenissemque.
1144 2523 1221 2561 Sed
1250 2536 1344 2561 cum
1369 2523 1411 2560 id
1437 2536 1549 2560 nunc
1576 2523 1727 2571 partim
1752 2535 1920 2571 occupa-

320 2576 454 2613 tiones
484 2579 579 2614 tuae
610 2578 823 2625 plurimae,
857 2578 1010 2627 partim
1041 2591 1138 2615 vero
1167 2577 1401 2615 studiorum
1436 2576 1625 2625 perpetui
1654 2579 1694 2615 et
1723 2577 1920 2615 indefessi

320 2630 478 2668 labores
500 2644 583 2668 non
604 2632 826 2680 patiantur,
851 2632 1055 2681 oportebit
1079 2634 1124 2670 vt
1151 2632 1191 2669 id
1223 2633 1265 2669 in
1290 2633 1456 2681 tempus
1479 2631 1591 2668 aliud
1619 2632 1751 2681 magis
1777 2644 1920 2681 oppor-

364 2736 414 2765 24.
442 2736 504 2756 ceu
522 2730 572 2756 II:
598 2736 660 2757 seu
678 2730 711 2757 F.
826 2738 881 2765 30·
904 2738 968 2758 ceu
986 2731 1020 2759 H
1037 2740 1043 2759 ε
1067 2738 1128 2759 seu
1146 2731 1180 2759 F.
1306 2737 1358 2767 35.
1385 2730 1498 2766 notes,
1516 2738 1638 2768 carpas
1654 2730 1690 2759 et
1706 2727 1854 2759 damnes
1873 2731 1917 2760 H.

319 2771 373 2809 36.
397 2780 518 2809 parcas
535 2772 575 2800 II.
713 2780 765 2809 50.
791 2771 906 2802 habeo
924 2774 979 2802 H:
1004 2782 1127 2803 omnes
1144 2772 1256 2803 habeo
1271 2774 1308 2803 F.

367 2889 416 2918 15.
442 2882 623 2920 praesenti
641 2890 736 2910 anno
753 2880 828 2920 hic]
848 2881 944 2912 Fora
963 2883 1084 2920 report
1196 2891 1248 2919 27.
1274 2880 1530 2922 interfectrici]
1555 2881 1606 2912 Cf.
1628 2891 1646 2911 2
1664 2880 1740 2911 Cor.
1759 2890 1788 2920 3.
1808 2881 1838 2911 6.

321 2924 357 2954 of
371 2924 550 2954 Erasmus’
575 2924 682 2954 death
701 2926 845 2954 current
872 2925 911 2954 in
938 2925 1081 2955 Central
1195 2935 1246 2963 3ο.
1274 2924 1395 2964 poeta]
1428 2925 1505 2956 Ter.
1537 2928 1638 2955 Andr.
1669 2926 1735 2964 68;
1766 2924 1810 2955 cf.
1844 2924 1923 2956 Cic:

320 2967 459 3006 Europe
497 2969 535 2998 in
572 2968 677 3007 April
710 2977 792 3007 1519
823 2968 866 2999 cf.
900 2968 963 3008 Ep.
999 2969 1084 2998 1008
1151 2971 1255 2999 Amic.
1273 2977 1324 3006 24.
1347 2969 1398 3007 89.

319 3011 450 3042 introd.
1195 3022 1246 3051 34.
1274 3010 1495 3051 Innocuum]
1523 3011 1573 3042 Cf.
1595 3012 1658 3050 Ep.
1680 3021 1774 3050 1007.
1793 3011 1873 3042 81n.
