1990 3353
309 117 390 155 440
776 115 1028 153 LETTERS
1069 115 1137 153 OF
1177 113 1441 153 ERASMUS
1786 112 1905 166 [1521

250 240 290 271 45
367 226 484 276 Quod
523 227 654 275 igitur
691 225 979 276 praescribam,
1020 226 1086 263 vir
1123 225 1287 274 optime,
1329 238 1413 262 non
1452 223 1593 268 habeo,
1632 224 1740 272 quod
1772 226 1911 273 optem

311 281 454 320 habeo.
516 281 702 330 Optat-im
724 280 837 318 enim
853 280 1039 329 primum
1060 281 1183 317 istam
1200 292 1368 317 omnem
1384 278 1595 326 regionem
1615 277 1695 315 sibi
1715 278 1912 327 coniungi

311 335 551 374 Christiana
571 335 801 380 concordia,
827 334 976 372 deinde
1005 347 1101 371 curn
1127 334 1298 371 caeteris
1325 332 1521 371 omnibus
1547 331 1651 369 citra
1678 334 1911 370 controuer-

310 390 416 429 siam
436 390 585 428 habere
604 402 750 439 pacem
770 401 815 426 ac
835 389 1072 426 societatem
1094 388 1330 438 perfectam.
1381 387 1442 424 Ac
1463 387 1547 424 iam
1568 386 1748 435 quidem,
1770 385 1806 424 si
1825 399 1911 425 non

310 445 503 492 maxima,
534 447 642 482 certe
676 443 834 492 optima
863 444 978 492 regni
1007 455 1100 492 pars
1129 442 1316 492 agnoscit
1344 440 1555 490 publicam
1586 440 1792 478 Ecclesiae
1821 454 1911 479 con-

249 514 292 545 50
311 499 506 537 cordiam.
587 498 652 536 Ad
688 498 799 545 haec,
843 497 1121 547 prodigiosam
1173 496 1471 534 Nicolaitarum
1517 495 1741 532 factionem
1784 494 1911 533 etiam

312 553 462 602 vulgus
483 552 622 600 isthic,
646 554 693 590 vt
712 552 845 599 audio,
870 554 1091 590 execratur.
1153 551 1349 600 Superest-
1378 549 1464 588 sola
1483 549 1768 598 Pygardorum
1789 548 1911 587 factio

310 606 625 646 reconcilianda.
687 607 789 644 Eius
808 606 867 644 rei
897 606 1174 644 conficiendae
1201 606 1353 643 bonam
1372 604 1492 643 video
1519 616 1649 652 spem,
1673 603 1708 641 si
1731 616 1806 653 per
1823 616 1908 652 vos,

311 661 561 700 Pontificem
595 674 640 700 ac
673 661 880 711 principes
918 661 1074 710 aliquot
1113 660 1163 698 ad
1203 659 1387 697 eruditos
1426 658 1585 707 aliquot
1623 659 1912 708 spectataeque

309 716 564 766 integritatis
583 717 707 765 viros,
731 715 949 765 negocium
969 715 1046 753 hoc
1067 714 1274 752 deferatur
1293 728 1301 761 ;
1331 713 1508 751 exclusis
1535 712 1586 751 ab
1606 713 1683 750 hoc
1703 711 1798 750 albo
1819 711 1912 750 istis

248 780 288 811 55
309 772 380 820 qui
409 771 519 809 nulli
548 770 719 820 negocio
748 783 792 808 se
822 783 905 808 11011
935 769 1178 816 admiscent,
1209 781 1305 806 cum
1334 768 1457 816 longe
1485 766 1596 805 aliud
1624 766 1907 815 profiteantur.

309 825 404 863 Non
427 826 535 875 quod
556 825 651 862 illos
672 825 839 872 oderim,
865 824 899 861 si
919 824 1043 861 modo
1064 824 1318 872 praestarent
1338 822 1446 871 quod
1467 821 1741 871 profitentur:
1771 821 1841 859 sed
1861 834 1911 859 ex

308 879 374 917 his
399 880 588 917 videmus
616 879 771 929 passim
799 879 973 916 existere
998 878 1070 927 qui
1096 878 1153 915 sic
1182 877 1440 924 clamoribus,
1473 875 1724 914 tumultibus
1748 876 1789 912 et
1815 875 1911 913 adu-

307 934 535 972 lationibus
575 936 717 983 agunt,
757 936 804 971 vt
850 933 953 982 ipsis
991 932 1168 975 videtur,
1210 931 1427 968 Pontificis
1465 929 1697 980 negocium,
1735 931 1781 967 vt
1820 942 1912 968 mea

307 988 476 1038 quidem
497 988 703 1026 sententia
723 1000 846 1025 nemo
872 987 1004 1035 magis
1031 987 1179 1024 officiat
1207 985 1424 1023 Pontificis
1444 984 1651 1033 dignitati.
1712 983 1776 1021 Sic
1797 984 1910 1022 enim

247 1050 289 1081 60
306 1043 586 1081 vociferantur
624 1046 670 1080 vt
709 1042 849 1080 idiotis
890 1041 1016 1079 etiam
1055 1042 1256 1090 putentur
1295 1039 1488 1078 insanire.
1548 1039 1632 1076 Nec
1664 1037 1742 1076 vlli
1780 1038 1912 1088 magis

305 1097 522 1135 affectibus
559 1097 702 1146 populi
739 1096 1085 1134 commendarunt
1123 1095 1357 1133 Lutherum
1389 1107 1514 1143 quam
1549 1092 1620 1142 qui
1654 1092 1911 1131 odiosissime

306 1152 522 1190 vociferati
561 1159 660 1190 sunt
698 1151 742 1189 in
776 1150 1024 1188 Lutherum.
1084 1149 1143 1187 Hi
1182 1149 1333 1186 timent
1373 1148 1510 1186 nescio
1550 1147 1662 1197 quid.
1699 1149 1740 1184 et
1777 1147 1828 1185 ob
1867 1148 1909 1185 id

307 1219 475 1244 omnem
503 1208 677 1244 mouent
700 1205 885 1255 lapidem
915 1218 996 1254 quo
1022 1217 1198 1254 regnum
1224 1216 1347 1241 suum
1372 1201 1596 1241 stabiliant„
1660 1202 1752 1239 Hos
1781 1202 1910 1251 igitur

307 1261 356 1298 ab
395 1261 473 1299 hoc
511 1261 686 1299 arbitrio
726 1260 854 1298 velim
900 1259 1069 1296 omnino
1110 1261 1325 1296 semoueri.
1387 1256 1505 1306 Quod
1545 1256 1581 1294 si
1618 1269 1684 1294 res
1722 1258 1912 1305 ageretur

245 1322 285 1362 65
305 1315 536 1353 mansuetis
555 1328 601 1353 ac
616 1314 839 1353 moderatis
854 1314 1099 1358 rationibus,
1119 1312 1319 1361 sperarim
1334 1312 1421 1349 fore
1437 1313 1483 1349 vt
1498 1313 1538 1349 et
1555 1311 1637 1348 Leo
1654 1310 1907 1360 Pont<ifex>

305 1370 486 1407 auferret
520 1369 688 1407 laudem
719 1368 962 1407 clementiae
992 1367 1220 1417 pastoralis,
1254 1371 1294 1404 et
1326 1367 1397 1404 isti
1427 1366 1594 1404 laudem
1623 1365 1690 1404 vel
1726 1365 1910 1403 fructum

304 1425 442 1474 potius
462 1424 718 1462 obedientiae
737 1423 1010 1462 Christianae.

361 1479 444 1516 Nec
465 1479 579 1517 enim
599 1478 685 1516 vllo
709 1479 832 1516 modo
859 1476 1062 1526 probandi
1087 1477 1185 1514 sunt
1206 1475 1276 1525 qui
1305 1476 1544 1513 Romanum
1571 1473 1820 1512 Pontificem
1843 1475 1911 1512 vel

304 1533 551 1571 exacerbant
595 1532 795 1571 conuiciis
835 1531 902 1570 vel
953 1531 1299 1569 oblatrationibus
1347 1529 1582 1567 traducunt.
1657 1529 1827 1566 Etenim
1875 1529 1911 1567 si

247 1601 286 1634 70
305 1586 457 1625 Petrus
477 1587 626 1625 merito
643 1587 835 1636 obiurgat
855 1600 924 1624 eos
940 1586 1011 1635 qui
1032 1584 1199 1634 glorias,
1218 1585 1296 1622 hoc
1317 1587 1378 1622 est
1393 1584 1503 1622 viros
1524 1582 1689 1632 publica
1708 1585 1909 1632 potestate

304 1642 521 1690 praeditos,
541 1644 825 1690 aspernantur,
843 1641 970 1678 etiam
983 1640 1018 1678 si
1035 1640 1119 1677 sint
1131 1639 1299 1685 ethnici,
1318 1640 1473 1688 quanto
1489 1637 1632 1686 minus
1644 1638 1911 1687 impetendus

306 1699 368 1734 est
388 1696 455 1734 cui
475 1696 654 1745 primam
673 1696 940 1733 autoritatem
961 1694 1153 1732 deferunt
1174 1706 1319 1731 01111100
1338 1693 1467 1730 ferme
1487 1691 1711 1730 ecclesiae?
1768 1692 1910 1742 Neque

305 1751 418 1788 enim
447 1750 532 1788 iam
563 1750 729 1800 disputo
759 1750 869 1787 vnde
903 1748 967 1786 illi
1001 1748 1139 1786 delata
1171 1749 1224 1785 sit
1253 1748 1354 1786 haec
1383 1747 1592 1794 autoritas,
1625 1748 1734 1784 certe
1769 1760 1910 1796 quem-

304 1805 530 1843 admodum
548 1804 650 1843 olim
665 1817 686 1842 e
707 1805 853 1842 multis
872 1802 1127 1853 presbyteris
1147 1803 1281 1840 adhuc
1297 1801 1537 1851 aequalibus
1554 1814 1662 1838 vnus
1682 1801 1911 1849 eligebatur

246 1873 285 1907 75
305 1859 530 1908 episcopus,
566 1872 620 1897 110
657 1859 839 1897 schisma
879 1859 1127 1905 nasceretur,
1160 1857 1218 1895 ita
1253 1869 1365 1894 nunc
1397 1869 1446 1893 ex
1481 1855 1677 1893 omnibus
1709 1855 1910 1905 episcopis

305 1914 470 1963 expedit
496 1913 621 1963 deligi
639 1926 774 1952 vnum
803 1912 1066 1959 Pontificem,
1090 1924 1175 1949 11011
1202 1911 1340 1949 00111111
1366 1911 1415 1948 ad
1447 1910 1702 1948 excludenda
1725 1910 1906 1957 dissidia,

304 1981 451 2006 verum
480 1968 606 2005 etiam
636 1969 685 2006 ad
715 1967 1027 2017 temperandam
1058 1966 1327 2014 tyrannidem
1355 1964 1532 2002 aliorum
1553 1964 1851 2013 episcoporum,
1874 1966 1909 2003 si

305 2023 397 2071 quis
415 2022 523 2060 forte
543 2036 639 2061 suos
659 2023 920 2071 opprimeret,
945 2034 991 2059 ac
1011 2020 1247 2070 principum
1268 2019 1590 2069 prophanorum.
1651 2018 1793 2068 Neque
1812 2032 1909 2057 vero

305 2077 441 2115 nescio
462 2090 565 2126 quae
586 2076 711 2126 vulgo
738 2075 924 2126 querelae
950 2075 1157 2113 iactentur
1182 2075 1232 2112 de
1256 2074 1350 2112 sede
1371 2073 1586 2121 Romana;
1616 2073 1687 2111 sed
1717 2073 1909 2123 quemad-

243 2137 283 2167 80
304 2132 475 2169 modum
488 2131 774 2170 inconsultum
788 2133 851 2169 est
863 2130 1006 2169 statim
1019 2130 1178 2167 credere
1192 2128 1299 2179 quod
1312 2127 1522 2177 spargitur
1532 2140 1698 2165 rumore
1705 2127 1906 2177 populari,

304 2186 362 2224 ita
400 2185 568 2224 videtur
606 2185 801 2235 iniquum
840 2184 1035 2234 quicquid
1077 2184 1232 2221 Romae
1270 2183 1436 2232 geritur,
1476 2181 1683 2231 imputare
1721 2181 1910 2221 Romano

305 2240 513 2278 Pontifici.
575 2240 706 2278 Multa
735 2241 939 2289 geruntur
968 2238 1039 2276 illo
1068 2238 1331 2276 inscio—nec
1351 2236 1465 2274 enim
1484 2249 1593 2274 vnus
1614 2237 1748 2285 potest
1768 2237 1909 2275 omnia

305 2307 614 2344 cognosce1·e-——,
638 2294 773 2332 multa
800 2294 872 2332 illo
902 2293 1036 2331 inuito
1066 2295 1108 2330 et
1136 2292 1376 2330 reluctante.
1435 2292 1574 2340 Atque
1594 2293 1642 2329 vt
1670 2303 1781 2329 nunc
1810 2294 1909 2330 sunt

305 2361 370 2386 res
390 2349 610 2397 humanae,
633 2349 668 2386 si
688 2349 840 2387 Petrus
859 2347 946 2398 ipse
968 2347 1125 2385 Romae
1146 2345 1406 2396 praesideret,
1431 2347 1654 2394 cogeretur,
1677 2345 1834 2394 opinor,
1856 2346 1906 2384 ad

244 2414 284 2453 85
307 2403 509 2451 quaedam
539 2403 761 2441 conniuere
790 2415 895 2452 quae
925 2414 1188 2451 nequaquam
1217 2400 1412 2450 probaret
1439 2399 1484 2437 in
1512 2399 1654 2437 animo
1681 2411 1767 2437 SUO.
1828 2400 1907 2438 Sed

306 2457 405 2495 haec
434 2458 643 2507 vteunque
673 2457 840 2503 habent,
871 2456 994 2505 longe
1022 2455 1116 2505 plus
1144 2456 1333 2504 ageretur
1362 2453 1585 2492 moderatis
1615 2453 1804 2502 precibus
1835 2457 1908 2492 aut

307 2510 539 2549 rationibus
569 2514 640 2549 aut
670 2511 837 2549 blandis
866 2510 1056 2560 querelis,
1088 2523 1212 2559 quam
1242 2508 1614 2546 obtrectationibus
1643 2510 1714 2546 aut
1743 2508 1909 2558 scriptis

307 2565 588 2602 amarulentis.
650 2565 767 2614 Quod
797 2566 831 2603 si
861 2565 939 2603 hoc
969 2566 1181 2602 merentur
1209 2564 1352 2601 nostra
1385 2562 1618 2610 commissa,
1649 2564 1696 2600 vt
1726 2563 1909 2601 mundus

308 2632 458 2668 magno
496 2618 682 2657 tumultu
720 2620 953 2669 castigetur,
989 2620 1028 2656 et
1067 2618 1103 2656 si
1136 2630 1300 2656 necesse
1334 2619 1395 2655 est
1424 2618 1470 2654 vt
1500 2616 1671 2655 veniant
1701 2616 1905 2663 scandala,

348 2714 400 2744 55.
427 2715 462 2735 se
478 2707 531 2735 F:
556 2714 631 2735 sese
648 2706 689 2735 N.
802 2706 854 2736 66.
878 2706 913 2735 et
931 2707 1005 2735 adel.
1023 2707 1065 2736 N.
1202 2714 1251 2742 74.
1277 2714 1294 2734 e
1312 2714 1368 2734 om.
1387 2706 1430 2735 H.
1545 2712 1596 2741 75.
1623 2711 1721 2732 nunc
1737 2704 1794 2732 H:
1817 2703 1855 2732 vt
1870 2705 1905 2733 F.

348 2799 402 2829 50.
428 2791 704 2832 Nicolaitarum]
724 2792 787 2822 See
804 2792 866 2832 Ep.
889 2802 982 2823 1021.
999 2802 1051 2831 97.
1186 2801 1235 2829 70.
1264 2790 1408 2830 Petrus]
1423 2799 1449 2821 1.
1465 2799 1494 2820 2.
1515 2799 1552 2828 13
1563 2799 1636 2829 seq.
1666 2789 1717 2821 Cf.
1729 2789 1908 2820 Erasmus’

348 2844 401 2873 51.
430 2834 690 2876 Pygardorum]
708 2836 770 2866 See
784 2836 848 2875 Ep.
865 2845 955 2866 1021.
974 2836 1070 2866 18111.
1141 2834 1357 2874 paraphrase
1375 2843 1421 2864 on
1438 2833 1500 2863 the
1517 2842 1673 2872 passage.

350 2887 402 2916 54.
428 2878 524 2919 istis]
541 2879 616 2909 The
633 2880 761 2909 monks
777 2880 849 2910 and
866 2879 982 2910 friars.
1184 2879 1236 2915 84.
1263 2878 1393 2908 Romae
1411 2875 1648 2917 praesideret]
1674 2875 1726 2908 Cf.
1744 2876 1806 2916 Ep.
1826 2885 1902 2915 950.

348 2923 401 2952 60.
430 2922 568 2962 idiotis]
586 2922 639 2953 Cf.
658 2922 720 2961 Ep.
741 2932 832 2961 1153.
857 2932 955 2961 171n.
1139 2931 1180 2960 54

348 2966 402 2996 66.
428 2965 656 3006 elementiae]
692 2966 743 2997 Cf.
773 2967 860 3005 Epp.
893 2976 986 3006 1199.
1015 2975 1067 3005 33,
1183 2944 1236 3003 ¹89.
1262 2963 1444 3005 scandala]
1471 2964 1521 2995 Cf.
1552 2963 1652 2994 Matt.
1680 2963 1728 2994 18.
1751 2973 1780 3002 7,
1806 2962 1906 2994 Luke

308 3018 399 3048 1203.
422 3019 477 3049 23.
1142 3017 1191 3046 17.
1214 3017 1240 3038 1.
