1990 3353
323 124 405 162 510
794 123 1047 163 LETTERS
1085 124 1156 163 OF
1192 124 1458 164 ERASMUS

1797 123 1919 179 [1521

323 245 428 283 quae
463 232 602 271 sanari
639 235 810 282 possent
846 234 889 271 et
925 235 1135 283 cuperent.
1193 232 1283 271 Has
1327 233 1429 271 dum
1467 233 1621 273 crebris
1659 234 1926 275 concionibus

322 286 640 336 hortatibusque
665 289 875 326 reuocaret
897 288 946 326 ad
974 287 1201 336 Christum,
1226 289 1317 326 octo
1346 287 1580 337 deploratae
1604 302 1652 327 ex
1678 302 1726 327 eo
1753 302 1926 329 numero

323 342 624 390 conspirarant,
639 343 680 380 et
699 341 913 380 hominem
933 341 1197 381 obseruatum
1218 342 1263 380 in
1282 341 1420 380 locum
1435 345 1644 381 semotum
1664 343 1925 393 pertrahunt,

264 403 304 444 85
323 397 447 445 atque
477 395 536 433 ibi
558 395 696 434 fasciis
724 395 889 434 iniectis
917 396 1167 446 praefocant.
1227 395 1312 434 Nec
1337 396 1466 434 finem
1492 397 1650 435 faciunt
1679 398 1807 436 donec
1830 410 1926 437 casu

325 450 465 488 nescio
485 450 556 499 qui
576 450 903 489 interuenientes
923 450 1102 501 impium
1127 450 1290 489 facinus
1316 450 1533 489 dirimunt.
1592 454 1732 501 Atque
1751 452 1823 490 ille
1843 452 1927 490 iam

325 504 589 543 exanimatus
603 506 702 552 erat,
721 504 874 554 vixque
892 507 1109 544 reuocatus
1122 508 1186 544 est
1200 506 1246 542 vt
1265 504 1451 555 spiraret.
1493 505 1578 544 Nec
1592 508 1734 544 tamen
1749 518 1927 556 vsquam

325 558 402 596 hac
431 559 481 597 de
510 572 553 597 re
583 561 753 609 questus
781 561 854 605 est,
887 572 940 597 ne
970 558 1037 597 his
1070 559 1241 609 quidem
1270 572 1373 609 quos
1405 559 1584 598 habebat
1615 560 1813 608 intimos;
1851 573 1928 599 nec

324 613 458 651 vllum
480 612 661 651 officium
681 613 969 663 praetermisit,
993 627 1075 663 quo
1094 614 1199 652 solet
1223 612 1391 652 illarum
1418 613 1545 652 saluti
1567 615 1812 662 subuenire;
1841 615 1926 653 imo

264 683 306 715 90
325 680 377 705 ne
397 667 539 706 vultus
560 667 727 717 quidem
748 681 931 718 vnquam
953 668 1069 707 visus
1093 670 1157 706 est
1182 668 1225 705 in
1253 668 1347 706 illas
1371 667 1495 706 solito
1514 668 1684 707 tristior.
1744 669 1927 708 Nouerat

326 722 515 760 autorem
543 722 668 760 huius
696 722 1026 772 conspirationis.
1084 721 1129 761 Is
1155 724 1241 761 erat
1267 722 1486 771 theologus
1510 722 1707 768 Iacobita‚
1734 723 1928 773 Episcopi

325 775 576 815 Morinensis
594 790 618 815 a
637 776 848 825 suffragiis
868 776 1106 827 Episcopus,
1131 776 1195 815 vii
1213 776 1381 827 palam
1371 776 1522 826 impiae
1540 777 1662 816 vitae.
1721 777 1806 816 Nec
1828 777 1927 816 huic

324 843 509 880 vnquam
539 830 665 869 verbo
699 832 900 870 molestus
930 831 1024 880 fuit,
1057 833 1224 870 tametsi
1255 830 1365 869 nulli
1402 831 1623 870 hominum
1662 831 1802 882 generi
1839 834 1928 871 erat

323 884 507 934 iniquior
534 899 664 948 ‚quam
699 886 771 935 qui
805 886 991 924 doctores
1024 898 1070 924 ac
1100 886 1224 924 duces
1257 885 1422 935 pietatis
1452 886 1624 936 professi
1661 885 1848 925 moribus
1881 899 1928 925 ac

262 951 303 983 95
323 939 542 978 doctrina
531 940 660 990 impia
678 940 877 990 populum
899 953 922 978 a
941 939 1105 979 Christo
1123 940 1362 978 alienarent

378 993 694 1044 Nonnunquam
727 994 879 1044 septies
916 994 1239 1033 concionabatur
1272 1007 1355 1032 vno
1394 994 1484 1042 die3
1528 1007 1604 1033 nec
1639 1007 1826 1044 vnquam
1864 994 1929 1033 illi

324 1047 464 1086 deerat
498 1049 703 1087 sermonis
731 1049 883 1087 eruditi
911 1049 1038 1098 copia,
1072 1048 1234 1099 quoties
1262 1049 1313 1087 de
1342 1048 1509 1088 Christo
1538 1049 1794 1098 loquendum
1824 1052 1923 1088 erat.

324 1102 570 1153 Quanquam
597 1105 685 1141 tota
712 1102 827 1141 illius
847 1103 933 1141 vita
959 1103 1070 1142 nihil
1093 1105 1182 1142 erat
1207 1102 1292 1142 nisi
1319 1116 1432 1141 sacra
1454 1102 1610 1141 concio.
1670 1104 1769 1142 Erat
1795 1103 1928 1142 alacer

324 1157 581 1206 minimeque
602 1157 774 1196 tetricus
794 1157 839 1195 in
860 1157 1054 1196 conuiuio
1070 1171 1079 1205 3
1108 1157 1179 1196 sed
1200 1157 1258 1196 sic
1273 1160 1319 1196 vt
1336 1157 1497 1196 nullam
1509 1170 1693 1207 vnquam
1715 1158 1928 1207 praeberet

246 1225 306 1246 100
324 1212 504 1260 speciem
523 1211 708 1250 leuitatis
724 1214 795 1250 aut
814 1211 1006 1262 ineptiae,
1025 1211 1150 1251 luxus
1164 1214 1236 1250 aut
1255 1211 1601 1261 intemperantiae
1616 1212 1749 1250 multo
1770 1213 1922 1251 minus.

324 1265 524 1304 Miscebat
539 1279 750 1304 sermones
764 1266 957 1315 eruditos,
977 1266 1207 1317 plerunque
1222 1279 1357 1305 sacros
1371 1270 1412 1305 et
1427 1267 1477 1305 ad
1494 1266 1692 1317 pietatem
1713 1266 1923 1306 facientes.

324 1320 440 1358 Talia
468 1323 588 1359 erant
608 1320 818 1371 colloquia,
843 1321 880 1359 si
909 1322 1003 1371 quis
1031 1320 1152 1359 illum
1181 1320 1322 1359 adibat
1350 1323 1423 1359 aut
1451 1321 1486 1359 si
1515 1334 1639 1370 quem
1668 1321 1740 1360 ille
1758 1322 1923 1360 viseret.

323 1375 412 1412 Aut
435 1373 471 1412 si
496 1388 576 1425 quo
604 1376 755 1414 faceret
783 1376 875 1423 iter,
903 1375 1082 1414 habebat
1105 1377 1295 1425 potentes
1321 1375 1486 1424 amicos,
1518 1376 1591 1425 qui
1618 1375 1682 1413 illi
1706 1376 1751 1413 in
1777 1375 1926 1414 itinere

324 1428 489 1467 mulum
519 1429 738 1479 aliquoties
769 1431 841 1468 aut
873 1443 1027 1479 equum
1062 1429 1350 1476 subiiciebant,
1383 1443 1463 1479 quo
1499 1430 1758 1468 commodius
1782 1430 1928 1470 liceret

323 1483 603 1522 confabulari:
632 1484 690 1522 ibi
709 1484 924 1533 promebat
943 1484 1009 1523 vir
1033 1484 1219 1534 optimus
1242 1483 1471 1522 exhilarato
1492 1483 1640 1533 spiritu
1667 1497 1770 1534 quae
1796 1484 1927 1524 nullis

322 1537 502 1587 gemmis
521 1540 711 1587 poterant
730 1537 948 1577 aestimari.
1008 1538 1230 1576 Neminem
1251 1538 1303 1576 ab
1322 1551 1364 1576 se
1385 1538 1547 1577 tristem
1568 1538 1817 1586 dimittebat,
1841 1539 1926 1577 imo

323 1591 534 1631 neminem
551 1605 636 1631 non
649 1592 887 1631 dimittebat
899 1592 1116 1631 meliorem
1129 1595 1170 1631 et
1184 1593 1234 1631 ad
1247 1592 1413 1643 pietatis
1422 1606 1608 1635 'amorem
1620 1592 1923 1632 animatiorem.

378 1646 497 1685 Nihil
524 1652 610 1685 erat
636 1647 681 1684 in
709 1660 791 1697 quo
817 1647 971 1685 sentire
997 1647 1128 1697 possis
1152 1647 1276 1686 illum
1298 1646 1376 1686 vlli
1402 1660 1476 1685 suo
1499 1647 1717 1685 commodo
1743 1648 1925 1694 seruire;

324 1714 409 1739 non
436 1701 585 1749 ventri,
614 1715 699 1739 non
725 1701 958 1750 ambitioni,
985 1715 1069 1740 non
1098 1701 1312 1749 auariciae,
1340 1714 1424 1739 non
1450 1701 1675 1751 voluptati,
1702 1715 1787 1740 non
1817 1702 1921 1750 odio,

324 1768 411 1793 non
431 1754 566 1802 liuori,
590 1769 675 1794 non
702 1755 798 1794 vllis
821 1755 944 1794 malis
973 1755 1189 1794 affectibus
1218 1757 1305 1794 erat
1329 1755 1543 1794 obnoxius.
1604 1755 1808 1806 Quicquid
1827 1757 1925 1794 acci-

326 1809 450 1856 derat,
474 1810 619 1859 agebat
648 1810 800 1859 gratias
826 1810 939 1857 Deo;
969 1823 1044 1849 nec
1066 1810 1178 1849 aliud
1204 1812 1292 1848 erat
1311 1810 1507 1859 gaudium
1534 1823 1659 1860 quam
1685 1810 1719 1848 si
1743 1823 1846 1860 quos
1865 1810 1926 1848 in·

321 1864 578 1902 flammasset
605 1864 654 1903 ad
684 1865 873 1903 studium
901 1864 1175 1915 Euangelicae
1195 1864 1372 1914 pietatis.
1432 1864 1517 1903 Nec
1542 1864 1686 1902 irritus
1706 1865 1786 1903 fuit
1814 1864 1925 1904 illius

322 1921 505 1957 conatus.
565 1918 810 1968 Complures
836 1921 928 1957 tum
959 1919 1072 1958 viros
1098 1922 1189 1958 tum
1213 1918 1418 1958 foeminas
1447 1919 1703 1957 lucrifecerat
1730 1919 1923 1962 Christ02

322 1972 393 2022 qui
413 1975 619 2022 quantum
646 1973 862 2012 differrent
884 1973 934 2012 ab
960 1973 1037 2012 hoc
1058 1973 1391 2013 Christianorum
1412 1973 1551 2022 vulgo,
1573 1986 1687 2011 mors
1712 1973 1920 2023 arguebat.

322 2026 508 2065 Vidisses
526 2027 641 2066 enim
661 2027 788 2066 huius
814 2027 1038 2078 discipulos
1058 2041 1223 2066 summa
1251 2040 1347 2065 cum
1372 2028 1584 2066 alacritate
1607 2027 1777 2077 spiritus
1802 2028 1921 2076 mori,

322 2082 363 2119 et
382 2081 460 2120 sub
486 2084 665 2120 mortem
694 2095 790 2121 vere
815 2095 1013 2133 cygneam
1044 2095 1189 2120 canere
1216 2082 1462 2129 cantionem,
1489 2095 1536 2120 ea
1558 2085 1797 2131 promentes
1822 2096 1924 2132 quae

320 2138 465 2185 pectus
483 2135 668 2175 afflatum
689 2149 802 2175 sacro
823 2136 994 2175 numine
1020 2138 1296 2176 testarentur:
1327 2149 1421 2174 cum
1443 2136 1604 2183 caeteri,
1627 2136 1802 2187 peractis
1822 2150 1924 2176 cere·

243 1498 303 1531 105

241 1769 304 1791 110

240 2039 302 2071 115

717 2259 770 2289 91.
799 2250 957 2281 Iacobita
972 2253 1020 2282 F:
1044 2250 1303 2282 Dominicanus
1318 2252 1360 2281 H.

365 2338 418 2375 89.
444 2337 551 2378 solet]
575 2337 643 2368 For
667 2339 742 2369 this
766 2349 828 2370 use
852 2340 891 2370 of
917 2339 980 2370 the
1012 2349 1086 2380 pre-

321 2382 403 2411 sent
419 2382 520 2412 tense
537 2382 579 2412 cf.
598 2381 635 2412 ll.
658 2383 729 2421 138,
747 2384 821 2421 456,
838 2393 910 2423 513.

364 2434 419 2463 91.
445 2424 618 2466 Iacobita]
654 2425 702 2456 Le
731 2427 905 2465 Vasseur3
938 2436 993 2457 see
1023 2427 1085 2467 Ep.

323 2477 394 2506 130.
411 2469 491 2506 63n.

363 2521 415 2550 92.
444 2511 674 2553 Morinensis]
708 2512 830 2554 Philip
867 2514 904 2545 of
939 2514 1089 2546 Luxem-

318 2555 409 2593 burg
426 2555 496 2594 (†2
519 2555 613 2586 June
642 2558 752 2597 1519),
777 2567 797 2588 a
812 2558 948 2597 prelate
969 2559 1089 2589 whose

321 2598 581 2629 advancement
603 2601 640 2630 at
667 2600 776 2631 Rome
801 2600 866 2632 left
891 2601 967 2632 him
992 2602 1087 2633 little

321 2642 452 2672 leisure
474 2642 528 2672 for
555 2642 618 2673 the
643 2643 763 2674 affairs
788 2645 826 2674 of
853 2645 916 2675 the
944 2656 1017 2676 sees
1041 2646 1086 2676 he

318 2685 417 2715 held.
466 2686 522 2716 He
546 2695 618 2716 was
642 2687 810 2718 Cardinal
839 2689 876 2719 in
902 2691 994 2728 1496,
1018 2689 1084 2729 Bp.

315 2729 359 2759 of
393 2729 600 2760 Terouenne
650 2739 850 2771 1497-1512,
892 2733 932 2763 of
976 2734 1085 2763 Arras

324 2782 482 2812 1512-15,
497 2775 536 2803 of
546 2773 593 2803 Le
608 2773 708 2805 Mans
722 2784 880 2815 1509-19‚
898 2776 937 2806 of
946 2776 1085 2807 Albano

323 2825 416 2855 1510,
436 2816 507 2846 and
529 2817 567 2847 os
590 2816 747 2848 Frasmti
773 2828 865 2857 15¹1·
913 2820 969 2850 He
986 2820 1015 2851 is
1033 2830 1084 2850 re-

315 2858 448 2890 corded
467 2860 552 2898 (GC
570 2870 603 2890 x.
621 2862 717 2900 1569)
736 2871 773 2892 as
788 2862 935 2903 making
949 2863 1085 2894 solemn

315 2903 455 2933 -entrics
470 2903 548 2933 into
564 2904 651 2934 'reru
646 2914 781 2943 nenne,
801 2904 886 2948 (29)
903 2906 994 2946 May,
1013 2907 1085 2937 and

321 2947 397 2976 into
425 2946 475 2978 St.
503 2947 621 2985 Omer,
652 2958 673 2986 9
698 2948 793 2979 June
820 2958 912 2989 1502,
941 2951 1088 2990 bearing

315 2989 381 3020 tthe
397 2990 628 3030 indulgences
644 2993 681 3022 ot
696 2992 756 3022 thc
769 2992 909 3024 Jubilee
922 3003 1025 3033 >eal-z
1050 2987 1086 3025 at

1157 2340 1219 2371 the
1237 2350 1333 2371 same
1350 2341 1437 2371 time
1456 2340 1500 2371 he
1517 2342 1744 2373 consecrated
1761 2343 1823 2372 the
1841 2353 1921 2374 new

1155 2383 1291 2415 church
1309 2384 1348 2414 of
1360 2384 1422 2414 the
1438 2384 1673 2416 Franciscans
1691 2385 1730 2424 (1.
1752 2387 1839 2425 1691.

1202 2437 1272 2466 104.
1298 2427 1455 2469 mulum]
1494 2428 1569 2459 The
1600 2430 1752 2460 statutes
1788 2431 1826 2460 of
1861 2430 1922 2461 the

1158 2471 1357 2502 Observant
1385 2471 1627 2509 Franciscans,
1648 2482 1685 2503 as
1709 2473 1858 2504 codified
1883 2475 1921 2504 in

1157 2515 1219 2545 the
1230 2515 1383 2546 General
1395 2515 1550 2555 Chapter
1559 2518 1596 2546 at
1606 2516 1811 2557 Barcelona,
1829 2527 1888 2557 145
1896 2527 1920 2555 1,

1157 2559 1314 2598 forbade,
1342 2568 1381 2589 as
1406 2559 1533 2597 before,
1561 2559 1624 2590 the
1650 2570 1711 2591 use
1735 2560 1774 2591 of
1800 2561 1921 2593 horses

1157 2602 1229 2633 and
1255 2603 1429 2641 carriages
1454 2604 1491 2633 to
1517 2603 1711 2643 travelling
1737 2604 1919 2644 brethren,

1155 2646 1228 2676 and
1255 2646 1477 2677 condemned
1505 2646 1579 2677 also
1609 2647 1672 2678 the
1699 2648 1839 2679 evasion
1875 2649 1920 2688 by

1154 2689 1274 2720 which
1314 2690 1401 2729 they
1439 2690 1578 2720 availed
1625 2690 1840 2722 themselves
1886 2691 1925 2722 of

1154 2732 1278 2763 mules.
1324 2733 1373 2764 At
1402 2734 1464 2764 the
1491 2743 1587 2764 same
1615 2734 1772 2774 Chapter
1795 2735 1824 2765 it
1848 2744 1920 2766 was
1971 2739 1973 2767 ῖ

1153 2776 1302 2807 enacted
1326 2777 1406 2807 that
1429 2787 1534 2817 every
1558 2777 1705 2808 brother
1727 2778 1865 2817 should,
1883 2789 1920 2809 as

1154 2819 1209 2850 far
1239 2829 1277 2851 as
1307 2821 1469 2860 possible,
1504 2821 1545 2851 be
1582 2822 1835 2861 accompanied
1873 2823 1920 2862 by

1154 2863 1308 2894 another
1331 2863 1389 2904 (cf.
1408 2864 1447 2895 ll.
1469 2873 1540 2904 141,
1562 2865 1637 2904 155)
1662 2865 1769 2896 when
1791 2865 1920 2896 travel-

1155 2906 1234 2947 ling
1248 2917 1288 2938 or
1303 2908 1448 2947 staying
1462 2907 1603 2938 outside
1615 2918 1635 2939 a
1651 2911 1816 2940 convent.
1854 2909 1918 2940 See

1154 2953 1355 2981 Monumonta
1384 2954 1598 2982 Franciscana
1628 2951 1743 2990 (Rolls
1775 2952 1918 2992 Series),

1156 2994 1195 3033 ii,
1210 2994 1264 3025 ed.
1281 2995 1321 3026 R.
1341 2995 1513 3031 Howlett,
1533 2995 1626 3035 1882,
1646 3004 1679 3036 p.
1697 3005 1751 3035 95.
