1990 3353
304 132 356 171 44
775 133 1024 172 LETTERS
1064 134 1132 172 OF
1170 133 1436 173 ERASMUS

1774 133 1900 188 [1519

305 239 508 288 placidius
547 254 591 278 ac
629 242 786 280 mitius.
859 242 1079 281 Dubitanti
1116 244 1278 282 credere
1317 258 1414 283 mox
1451 245 1714 295 ingesserunt
1751 245 1904 295 scripta

308 294 582 343 Pepericorni,
606 295 758 344 scripta
778 296 921 343 Gratii,
945 297 1098 346 scripta
1118 298 1171 336 M.
1198 298 1246 336 Ν.
1265 299 1444 337 Arnoldi
1466 299 1726 347 Tongrensis‚
1742 300 1904 349 aliaque

308 360 410 396 quae
436 362 547 387 nunc
576 363 661 387 non
688 363 852 388 necesse
881 353 944 389 est
969 364 1304 391 commemorare.
1363 353 1424 391 De
1452 354 1640 392 moribus
1667 354 1751 391 tuis
1778 353 1905 392 varia-

248 417 290 447 40
308 402 409 440 bant
429 405 668 441 sententiae.
731 403 861 442 Erant
882 405 952 454 qui
972 406 1254 454 praedicarent
1272 407 1410 456 ipsum
1430 410 1469 445 te
1489 408 1673 446 moribus
1693 421 1781 446 esse
1805 407 1906 446 satis

308 458 537 495 commodis
556 459 625 495 sed
647 460 908 507 quorundam
928 459 1198 498 instinctibus
1217 460 1490 501 inflammari:
1521 475 1664 501 rursus
1682 462 1792 500 bona
1811 474 1905 511 pars

307 512 565 549 asseuerabat
598 512 675 549 tibi
708 512 847 550 nullos
884 526 972 551 esse
1010 515 1143 563 magis
1180 515 1225 552 in
1263 515 1434 553 consilio
1472 530 1598 566 quam
1634 517 1905 554 ambitionem

309 567 348 602 et
382 566 609 610 auaritiam,
634 566 740 615 quod
769 568 809 604 et
837 567 1009 616 plurimi
1038 568 1127 606 fieri
1158 569 1286 607 velles
1314 571 1365 608 ob
1394 571 1615 620 plusquam
1643 571 1906 618 tyrannicam

308 619 467 668 ingenii
497 619 762 665 ferocitatem,
795 623 835 659 et
865 621 914 658 ob
944 621 1234 671 inexplebilem
1264 624 1443 662 habendi
1471 625 1624 663 famem
1655 624 1905 662 Iudaeorum

247 677 288 707 45
308 672 578 712 facultatibus
604 674 799 713 inhiares.
860 676 968 713 Mihi
991 689 1089 714 sane
1116 690 1278 726 semper
1303 678 1372 716 1116
1396 691 1485 716 11105
1508 679 1599 724 fuit,
1622 682 1669 717 vt
1692 679 1737 716 in
1766 678 1906 716 melio-

308 740 397 764 rem
417 731 576 776 partem
597 728 841 767 credulitate
861 743 1029 779 vergere
1049 731 1219 769 mallem
1239 745 1365 781 quam
1387 733 1431 770 in
1451 733 1695 771 deteriorem
1712 748 1719 771 :
1749 746 1794 770 ac
1814 734 1906 770 tum

309 781 477 829 quidem
497 796 582 820 non
598 784 715 831 potui
735 784 922 822 refellere
943 785 1093 831 omnia,
1117 785 1216 823 lenii
1236 788 1376 824 tamen
1397 800 1472 836 pro
1492 787 1651 825 viribus
1667 799 1907 825 sermonum

307 837 577 875 atrocitatem.

364 890 594 940 Aliquanto
630 894 721 940 post
751 893 890 930 euenit
919 895 963 930 vt
993 895 1033 931 et
1063 895 1150 932 acta
1180 895 1357 943 legerem
1387 895 1515 933 totius
1545 908 1703 943 causae,
1732 897 1771 933 et
1807 897 1906 933 tuus

310 944 475 982 libellus
505 946 636 984 exiret
664 947 709 984 in
739 959 889 984 manus
915 947 1147 994 hominum,
1171 962 1250 998 quo
1271 949 1454 998 Benigni
1483 950 1694 1000 dialogum
1723 949 1906 997 refellis;

310 1012 432 1047 quem
451 1000 588 1048 ipsum
608 1002 750 1038 tamen
771 1014 855 1038 11011
877 1002 957 1038 11151
981 1003 1157 1051 carptim
1185 1003 1277 1051 legi.
1337 1004 1411 1042 Vis
1437 1004 1572 1042 dicam
1603 1003 1808 1054 quomodo
1839 1016 1908 1042 me

311 1053 526 1091 affecerit?
596 1054 774 1104 Eloquar
812 1056 972 1093 inuitus
1010 1057 1078 1094 sed
1119 1059 1346 1096 verissime.
1422 1058 1572 1096 Melius
1611 1071 1819 1096 senseram
1858 1058 1908 1095 de

311 1107 358 1144 R.
382 1107 429 1145 P.
453 1108 496 1146 T.
530 1109 770 1158 priusquam
800 1112 839 1146 te
869 1110 948 1147 tibi
977 1111 1303 1160 patrocinantem
1338 1112 1542 1161 legissem.
1605 1112 1772 1160 Quoties
1801 1112 1907 1150 illud

311 1173 473 1199 mecum
511 1162 621 1200 inter
657 1164 879 1212 legendum
919 1165 1202 1209 mussitabam,
1240 1166 1413 1204 Vtinam
1452 1167 1520 1204 hic
1557 1180 1600 1204 se
1639 1168 1742 1204 meis
1777 1166 1909 1205 oculis

251 1226 289 1258 55
311 1218 495 1253 cerneret
513 1218 522 1254 l
582 1217 676 1255 Non
707 1219 910 1255 excutiam
939 1221 1099 1257 caetera
1119 1233 1222 1269 quae
1241 1233 1383 1258 meum
1411 1221 1602 1259 animum
1622 1220 1708 1259 illic
1728 1220 1906 1259 offende-

311 1269 405 1316 rint,
438 1283 569 1320 neque
591 1272 640 1309 de
660 1275 748 1310 tota
767 1285 889 1310 causa
910 1274 1130 1322 quicquam
1151 1275 1312 1323 attingo
1332 1289 1340 1321 ;
1369 1288 1503 1324 neque
1523 1276 1637 1313 enim
1657 1288 1749 1313 mea
1768 1275 1905 1314 refert.

312 1323 431 1362 Certe
450 1326 642 1373 plurimis
662 1326 705 1363 in
732 1327 833 1364 locis
858 1328 990 1365 animi
1017 1328 1233 1366 lenitatem
1260 1329 1669 1378 moderationemque
1696 1329 1909 1379 desydera-

310 1377 416 1425 bam,
450 1379 620 1428 dignam
650 1380 821 1419 homine
850 1381 1100 1429 Christiano,
1135 1382 1305 1432 dignam
1337 1384 1543 1432 theologo,
1581 1384 1752 1432 dignam
1788 1383 1908 1421 Prae-

311 1431 502 1472 dicatore.
565 1434 735 1482 Quoties
767 1435 941 1482 indolui,
975 1437 1136 1486 quoties
1169 1438 1317 1475 erubui
1349 1441 1421 1475 tuo
1454 1439 1635 1484 nomine,
1667 1437 1910 1487 priusquam

312 1487 608 1535 praefationem
639 1489 757 1527 illam
787 1491 1065 1539 perlegerem!
1125 1491 1231 1539 Quid
1262 1492 1330 1529 hic
1354 1505 1517 1530 mecum
1548 1492 1774 1541 cogitarim,
1810 1492 1909 1542 quid

311 1543 546 1591 aestum-im,
567 1544 665 1593 quid
686 1545 968 1583 stomachatus
994 1546 1086 1594 sim,
1110 1546 1354 1595 placabilius
1381 1547 1528 1596 opinor
1552 1546 1595 1584 in
1621 1547 1763 1584 sinum
1788 1549 1910 1584 tuum

315 1595 534 1645 effundere,
559 1599 594 1635 si
614 1597 877 1647 colloquendi
898 1600 1013 1648 copia
1033 1601 1208 1638 daretur.

366 1652 478 1688 Ante
508 1651 596 1690 dies
616 1665 712 1690 vero
741 1666 826 1690 non
856 1654 914 1691 ita
942 1654 1096 1692 multos
1125 1667 1218 1692 casu
1245 1656 1390 1693 nactus
1417 1668 1512 1692 sum
1535 1655 1580 1696 in
1607 1655 1739 1693 aliena
1765 1655 1911 1692 biblio-

250 954 291 985 50

251 1491 293 1521 60

312 1703 429 1743 theca
448 1705 650 1744 iacentem
670 1706 860 1744 libellum
883 1709 1104 1756 quendam,
1123 1709 1346 1746 habentem
1367 1709 1562 1759 epistolas
1581 1709 1740 1759 aliquot
1759 1722 1912 1758 magna

276 1786 286 1794 .
311 1757 499 1797 libertate
526 1761 831 1799 stomachantes
860 1763 905 1799 in
927 1763 973 1800 R.
999 1762 1048 1800 P.
1070 1763 1114 1801 Τ.
1135 1778 1143 1801 ;
1172 1764 1317 1812 prima,
1343 1764 1387 1800 ni
1408 1764 1540 1811 fallor.
1563 1766 1650 1802 erat
1669 1763 1911 1812 Capnionis,

312 1812 440 1851 altera
470 1814 691 1852 clarissimi
725 1815 898 1854 Comitis
928 1830 951 1854 a
985 1817 1103 1855 Noua
1131 1817 1280 1866 aquila,
1309 1818 1430 1855 tertia
1461 1818 1696 1856 Hei-manni
1724 1818 1912 1863 Buschii,

313 1869 455 1916 quarta
485 1869 676 1907 Hutteni.
738 1869 902 1908 Harum
933 1872 1120 1909 omnium
1155 1871 1474 1910 amarulentiam
1509 1873 1625 1910 nullo
1658 1876 1775 1921 pacto
1805 1872 1911 1910 ferre

313 1921 553 1970 potuissem,
569 1924 651 1961 nisi
671 1925 825 1973 scripta
846 1925 961 1973 prius
980 1939 1027 1963 ea
1042 1926 1236 1976 legissem
1253 1927 1404 1975 quibus
1422 1926 1471 1964 ad
1494 1927 1599 1964 hanc
1619 1927 1910 1975 intemperiem

315 1976 564 2015 videbantur
583 1978 751 2016 efferati.
813 1979 894 2017 Eas
920 1980 1049 2029 igitur
1077 1993 1162 2018 non
1188 1980 1369 2029 simplici
1397 1994 1490 2018 611111
1518 1981 1656 2018 dolore
1686 1980 1776 2030 legi,
1799 1994 1911 2019 nunc

255 2040 295 2072 70
313 2029 492 2077 illorum,
526 2045 636 2070 nunc
666 2036 782 2070 tuam
803 2033 937 2071 vicem
966 2035 1252 2084 ingemiscens,
1287 2035 1462 2073 subinde
1491 2037 1682 2073 metuens
1712 2048 1764 2072 ne
1792 2035 1912 2073 bonis

314 2087 356 2122 et
386 2086 527 2135 aequis
558 2087 661 2124 viris
691 2090 778 2124 tam
813 2089 957 2126 acerba
987 2089 1173 2126 conuicia
1206 2102 1290 2126 non
1329 2090 1499 2127 omnino
1537 2090 1580 2127 in
1619 2089 1911 2127 immerentem

314 2142 501 2178 contorta
532 2141 796 2180 viderentur:
838 2144 879 2180 et
912 2145 1051 2181 tamen
1084 2143 1179 2181 illos
1208 2143 1441 2182 iudicabam
1476 2143 1667 2192 indignos
1703 2157 1727 2181 a
1760 2144 1911 2193 quibus

313 2194 513 2232 eiusmodi
547 2195 834 2243 scriberentur,
873 2199 915 2234 et
952 2200 994 2235 te
1031 2197 1248 2246 cupiebam
1286 2197 1510 2247 indignum
1541 2197 1672 2235 videri
1708 2198 1752 2235 in
1787 2210 1910 2246 quem

311 2247 598 2288 scriberentur.
659 2250 767 2287 Nam
791 2251 931 2299 paucis
955 2255 1051 2290 ante
1076 2252 1221 2290 diebus
1247 2251 1429 2289 exierant
1460 2251 1592 2290 libelli
1619 2252 1712 2298 duo,
1734 2264 1910 2302 quorum

355 2329 406 2367 38.
435 2329 481 2359 M.
497 2330 537 2360 N.
561 2341 619 2360 om.
638 2332 681 2361 H.
784 2331 934 2371 Tongari
952 2334 987 2362 F.
1081 2341 1132 2370 53.
1158 2332 1196 2362 R.
1214 2332 1251 2363 P.
1270 2332 1307 2363 T.
1326 2335 1353 2362 E
1369 2343 1376 2362 z
1402 2334 1437 2362 te
1454 2335 1496 2363 H.

1589 2332 1641 2370 58.
1670 2332 1910 2371 praedicatore

310 2375 359 2402 E:
384 2373 622 2404 Dominicano
639 2377 681 2405 H.
817 2376 868 2413 65.
894 2375 932 2405 R.
953 2375 989 2407 P.
1009 2376 1045 2406 Τ.
1066 2377 1095 2404 Ε
1113 2387 1120 2406 :
1145 2377 1180 2406 te
1197 2378 1237 2406 H.

1374 2376 1428 2406 66.
1451 2374 1546 2406 EN2:
1572 2376 1750 2406 Hei-mani
1767 2374 1871 2407 FN13.

359 2484 410 2521 38.
437 2484 681 2525 Pepericorni]
708 2486 772 2516 See
790 2485 850 2524 Ep.
870 2485 945 2523 487.
964 2494 1044 2516 2011.

401 2527 532 2567 Gratii]
558 2528 620 2558 See
635 2529 698 2568 Ep.
718 2529 792 2566 526.
813 2530 870 2559 8n.

399 2571 632 2612 Tongrensis]
658 2572 721 2602 See
738 2573 800 2611 Ep.
820 2582 893 2610 543.
915 2582 971 2611 7n.

356 2624 409 2653 39.
439 2616 624 2645 variabant
663 2615 881 2655 sententiae]
920 2616 970 2646 Cf.
1013 2615 1078 2655 Ep.

1144 2487 1239 2523 rimu,
1274 2483 1438 2523 cologne,
1472 2483 1511 2513 Ε.
1548 2483 1795 2523 06111160111115,
1829 2484 1911 2525 May

1147 2529 1230 2566 1518
1245 2538 1252 2565 3
1276 2527 1488 2566 containing
1504 2525 1573 2557 RE.
1587 2536 1661 2566 251,
1675 2536 1750 2567 255,
1765 2527 1842 2559 HE.
1856 2538 1907 2567 75,

1144 2581 1164 2602 a
1176 2571 1283 2602 letter
1296 2572 1386 2601 from
1400 2570 1448 2601 H.
1462 2570 1581 2600 Busch
1594 2572 1629 2601 to
1641 2571 1693 2601 Gt.
1709 2571 1909 2610 Hermann,

1148 2625 1186 2645 12
1203 2615 1305 2654 April
1323 2613 1441 2656 (1518,
1464 2612 1646 2655 Cologne>,
1667 2615 1740 2645 and
1760 2624 1779 2644 a
1803 2615 1911 2646 letter

312 2658 386 2696 856.
404 2659 503 2697 37,8;
527 2659 598 2689 and
620 2660 675 2689 for
692 2669 711 2689 a
728 2659 910 2698 specimen
935 2669 991 2690 see
1015 2659 1078 2698 Ep.

313 2703 388 2740 849.
406 2710 524 2739 21—30.

357 2755 408 2783 50.
436 2745 594 2786 libellus]
632 2746 859 2776 Hoclxstrat's
886 2746 964 2776 first
994 2748 1079 2782 Apo-

314 2792 403 2826 loyca,
432 2789 513 2820 Feb.
547 2790 629 2827 1518
668 2790 771 2828 (Epp.
804 2790 879 2820 808.
912 2791 972 2829 6n,
1002 2790 1077 2829 889.

313 2832 422 2871 421‘1).:
448 2832 606 2871 Bocking
621 2834 717 2864 xxix.

401 2876 555 2915 Benigni
580 2875 776 2916 dialogum]
816 2876 879 2906 See
910 2876 972 2916 Ep.
1004 2877 1078 2908 680.

313 2929 398 2958 25-7
416 2930 422 2949 :
448 2919 607 2959 Bocking
623 2921 717 2950 xxvi.

356 2964 409 3000 64.
436 2962 617 3003 libellum]
639 2965 791 3000 Epis-solae
803 2968 898 2994 trium
911 2965 1080 2994 illustrium

312 3010 448 3037 virorum
479 3010 520 3037 acl
551 3009 772 3038 Hermannum
795 3010 933 3038 comitem
953 3009 1080 3038 Nzoena-

1144 2660 1235 2689 from
1255 2658 1315 2689 the
1332 2658 1449 2688 Count
1466 2659 1501 2687 to
1519 2657 1580 2687 the
1597 2657 1730 2693 reader,
1746 2667 1784 2697 13
1795 2659 1909 2698 April.

1145 2703 1208 2732 See
1226 2701 1303 2732 HE.
1322 2711 1379 2741 pp.
1397 2700 1469 2738 20⁷³,
1490 2700 1562 2732 21*-

1186 2746 1238 2784 67.
1268 2743 1442 2784 Hutteni]
1492 2744 1549 2774 He
1590 2744 1780 2776 demun-red
1823 2755 1910 2786 very

1143 2789 1250 2819 much
1261 2791 1298 2819 to
1309 2789 1384 2819 this
1394 2797 1536 2827 passage
1549 2797 1556 2824 ;
1571 2788 1637 2818 but
1647 2788 1700 2818 Ct.
1710 2788 1910 2827 Hermann,

1144 2833 1311 2863 Erasmus
1328 2833 1447 2868 states,
1467 2831 1646 2870 approved
1664 2832 1702 2861 of
1716 2832 1777 2862 the
1795 2832 1910 2863 whole

1144 2877 1260 2906 letter.
1309 2875 1373 2905 See
1398 2874 1572 2906 Hutten's
1588 2877 1798 2911 Exposcuzsztio
1815 2876 1909 2915 (HE.

1143 2929 1219 2958 310,
1255 2921 1293 2957 ἐξ
1326 2919 1418 2957 589)
1451 2918 1523 2948 and
1563 2918 1739 2949 Erasmus’
1771 2921 1911 2957 Sponqia

1144 2963 1238 3004 (HE.
1253 2971 1328 3001 333,
1343 2964 1378 3000 ἐξ
1391 2963 1500 3000 61—70
1511 2972 1519 2992 t
1532 2961 1600 2993 LB.
1617 2972 1648 2993 x.
1666 2963 1746 3001 1637
1762 2963 1847 3002 2-38
1858 2963 1909 3003 n).

1189 3017 1239 3045 74.
1265 3005 1381 3036 libelli
1407 3005 1493 3045 duo]
1525 3008 1695 3036 Destructio
1724 3009 1832 3037 Gabale
1857 3015 1910 3037 seu
