1990 3353
319 126 400 165 576
782 124 1032 164 LETTERS
1071 125 1141 164 OF
1180 125 1446 164 ERASMUS
1794 123 1915 178 [1521

282 249 299 281 5
321 236 368 274 R.
392 235 507 274 Card.
532 234 845 282 Eboracensem,
870 249 993 285 quem
1015 236 1138 286 Regis
1162 237 1227 275 sui
1251 236 1420 275 nomine
1449 236 1654 287 legatione
1680 237 1921 287 fungentem

319 289 491 329 Carolus
520 290 662 327 noster
689 288 812 339 plane
840 290 953 339 regia
982 291 1161 340 quadam
1191 291 1478 330 munificentia
1507 292 1677 341 excepit.
1736 290 1923 330 Aderant

319 343 542 383 Gutbertus
558 342 810 390 Tonstallus,
827 344 1011 382 Thomas
1030 345 1172 384 Morus
1191 358 1235 383 ac
1251 344 1486 384 Gulielmus
1505 346 1744 394 Montioius,
1762 347 1924 396 praeter

319 398 424 437 alios
454 398 724 444 innumeros;
763 410 868 446 quos
898 398 989 436 ideo
1017 412 1102 437 non
1130 412 1423 448 commemoro,
1455 399 1563 449 quod
1593 401 1721 439 sciam
1751 412 1820 438 eos
1847 399 1924 438 tibi

320 452 455 491 adhuc
476 451 721 501 incognitos.
782 452 964 491 Thomas
983 452 1124 491 Morus
1153 466 1348 503 magnam
1376 466 1494 503 spem
1522 454 1662 492 animo
1685 455 1924 503 conceperat

263 521 302 543 10
321 509 368 546 vt
385 506 517 545 Caleti
536 506 581 544 in
602 505 763 544 Gallica
782 506 987 556 legatione
1007 509 1048 545 te
1069 507 1419 557 complecteretur.
1471 508 1701 547 Cardinalis
1719 509 1925 547 aduentus

321 561 398 599 hoc
418 560 588 599 nomine
608 559 715 598 mihi
734 560 817 599 fuit
839 560 1070 609 iucundior,
1094 562 1204 612 quod
1226 562 1442 612 sperabam
1462 562 1549 600 fore
1568 565 1615 601 vt
1635 562 1844 601 tumultus
1863 561 1924 600 hii

320 615 393 665 qui
413 615 523 653 inter
542 617 771 653 summates
801 615 913 654 orbis
940 615 1149 666 principes
1178 629 1329 666 magno
1358 616 1518 666 generis
1545 616 1723 655 humani
1743 615 1925 666 periculo

319 671 551 717 vertuntur,
572 669 699 707 huius
718 670 939 719 prudentia
959 672 1084 720 atque
1102 670 1323 709 autoritate
1352 673 1709 721 componerentur.
1767 671 1926 710 Verum

320 726 366 763 vt
386 737 499 762 nunc
520 737 584 762 res
604 723 769 767 habent,
793 737 877 762 non
898 724 1016 763 video
1046 725 1146 775 quid
1171 738 1343 775 sperem,
1367 725 1449 763 nisi
1476 725 1557 766 θεός
1584 743 1638 766 τις
1665 726 1738 763 ἀπὸ
1758 726 1927 776 μηχανῆς

262 788 300 820 15
320 780 419 826 φασὶ
452 780 595 816 nostra
627 777 798 816 consilia
830 780 965 817 vertat
998 780 1043 817 in
1081 778 1245 818 melius.
1302 779 1380 818 Sed
1416 779 1461 817 hi
1490 793 1637 830 regum
1671 781 1812 818 motus
1841 792 1926 818 non

320 833 526 872 dirimunt
546 831 761 871 Musarum
781 833 953 872 foedera.

375 887 483 926 Sunt
504 900 682 937 quorum
702 886 933 926 rationibus
958 887 1151 926 conducit
1180 901 1264 926 non
1291 888 1445 938 optime
1466 888 1687 927 conuenire
1706 887 1868 928 Caesari
1885 889 1927 926 et

322 942 556 981 Galliarum
576 941 691 991 Regi.
753 941 849 998 Q
859 941 1018 980 dissidii
1049 942 1322 981 seminarium
1352 942 1580 981 subiiciunt
1608 944 1696 981 arte
1725 942 1926 981 nimirum

321 996 549 1046 tyrannica,
572 998 617 1034 vt
647 996 747 1033 dum
778 1009 853 1034 nos
881 996 1041 1034 mutuis
1070 996 1398 1037 dissensionibus
1428 1010 1523 1047 opes
1552 999 1716 1036 nostras
1744 999 1927 1036 attenua·

265 1064 305 1087 20
322 1064 428 1097 mus,
459 1050 539 1100 ipsi
567 1063 684 1088 suam
719 1049 932 1088 stabiliant
962 1050 1241 1099 tyrannidem.
1259 1050 1485 1094 4‘2Diuinas,
1519 1051 1677 1101 opinor,
1710 1064 1812 1102 quos
1840 1064 1928 1089 sen-

322 1105 436 1144 tiam.
496 1105 669 1142 Vtinam
698 1104 775 1142 hoc
805 1104 1053 1154 prouideant
1081 1105 1245 1155 vtrique
1274 1105 1491 1155 principes,
1525 1119 1576 1143 ne
1610 1108 1703 1155 post
1732 1105 1929 1144 emittant

322 1172 466 1198 vocem
486 1159 604 1197 illam
625 1172 736 1197 serae
755 1159 999 1208 prudentiae
1021 1159 1233 1209 nimioque
1255 1162 1428 1209 emptae,
1455 1159 1573 1198 ‘Non
1593 1163 1784 1210 putaram
1801 1161 1810 1175 '
1827 1161 1836 1198 i

378 1214 454 1252 Est
484 1213 593 1263 quod
625 1213 740 1251 Moro
771 1213 1003 1263 gratuleris.
1065 1213 1173 1252 Nam
1207 1214 1295 1252 Rex
1325 1215 1437 1253 hunc
1466 1228 1541 1253 nec
1570 1214 1827 1253 ambientem
1856 1225 1929 1252 nec

323 1269 584 1318 flagitantem
621 1281 794 1306 munere
832 1268 1054 1318 magnifico
1101 1268 1352 1317 honestauit,
1392 1268 1534 1307 addito
1578 1269 1728 1307 salario
1774 1281 1927 1317 nequa-

265 1327 450 1374 25‘quam
480 1322 743 1371 poenitendo.
803 1322 880 1360 Est
909 1323 1021 1360 enim
1043 1322 1229 1373 Principi
1254 1336 1329 1361 suo
1356 1336 1379 1362 a
1403 1323 1621 1362 thesauris.
1682 1323 1744 1362 Ea
1771 1322 1928 1361 functio

324 1377 433 1427 apud
464 1377 704 1425 Britannos,
735 1379 780 1415 vt
810 1379 872 1415 est
900 1376 1118 1426 splendida
1146 1390 1241 1416 cum
1271 1377 1420 1426 primis
1447 1379 1571 1427 atque
1601 1377 1839 1423 honorifica,
1871 1376 1928 1415 ita

325 1444 411 1469 non
448 1431 676 1470 admodum
715 1433 778 1469 est
822 1431 1000 1469 obnoxia
1044 1445 1120 1470 nec
1163 1431 1345 1470 inuidiae
1383 1445 1460 1470 nec
1498 1431 1689 1470 molestis
1732 1431 1925 1481 negociis.

326 1486 428 1524 Erat
447 1485 704 1535 competitor,
728 1485 853 1523 homo
881 1488 944 1524 sat
972 1486 1187 1535 gratiosus,
1212 1486 1283 1536 qui
1312 1487 1372 1525 sic
1400 1486 1610 1525 ambiebat
1639 1486 1714 1524 hoc
1743 1486 1928 1524 muneris

324 1542 371 1578 vt
411 1553 497 1579 non
537 1542 779 1590 grauaretur
817 1552 892 1578 suo
931 1539 1045 1579 victu
1085 1540 1259 1591 ciboque
1299 1553 1449 1590 gerere.
1519 1541 1579 1579 At
1618 1540 1707 1579 Rex
1745 1540 1930 1590 optimus

266 1614 307 1645 30
325 1595 393 1632 hic
432 1594 712 1633 certissimum
748 1595 794 1632 in
833 1594 996 1632 Morum
1036 1595 1190 1644 fauoris
1228 1597 1524 1646 argumentum
1570 1594 1695 1643 dedit,
1737 1594 1808 1645 qui
1845 1607 1930 1632 non

324 1648 526 1687 ambienti
545 1648 744 1687 salarium
773 1648 901 1687 etiam
930 1648 1078 1687 addere
1107 1649 1304 1688 maluerit
1323 1663 1448 1699 quam
1473 1649 1700 1699 gratuitum
1721 1648 1931 1698 magistra-

324 1705 418 1741 tum
443 1703 671 1741 admittere.
732 1702 818 1741 Nec
846 1702 923 1741 hoc
954 1705 1175 1742 contentus
1194 1704 1396 1754 Princeps
1425 1703 1750 1753 benignissimus
1778 1703 1931 1752 equitis

324 1757 460 1796 aurati
496 1757 743 1807 dignitatem
780 1757 939 1796 adiecit.
1009 1758 1151 1808 Neque
1187 1757 1466 1796 dubitandum
1503 1760 1565 1796 est
1585 1758 1689 1808 quin
1722 1757 1845 1795 illum
1876 1757 1931 1796 sit

325 1811 597 1861 amplioribus
630 1810 887 1850 ornamentis
916 1810 1140 1862 aliquando
1178 1812 1477 1861 cumulaturus,
1511 1825 1641 1862 quum
1671 1825 1758 1850 sese
1788 1812 1930 1850 offeret

267 1881 306 1913 35
325 1866 505 1905 occasio:
537 1865 744 1916 siquidem
775 1866 952 1905 coelibes
975 1866 1152 1905 euehere
1176 1867 1296 1916 longe
1324 1866 1552 1916 procliuius
1578 1868 1638 1904 est
1658 1866 1927 1916 principibus.

325 1921 384 1959 At
405 1921 546 1959 Morus
572 1920 629 1959 sic
658 1923 720 1959 est
748 1920 959 1959 admixtus
989 1921 1125 1959 ordini
1154 1921 1379 1970 coniugum
1402 1924 1448 1960 vt
1477 1934 1553 1959 nec
1572 1920 1712 1960 vxoris
1742 1920 1857 1959 obitu
1878 1920 1931 1958 sit

325 1975 659 2024 emancipandus.
719 1974 909 2013 Priorem
944 1975 1056 2014 enim
1095 1989 1219 2025 quam
1249 1975 1457 2025 virginem
1492 1975 1663 2014 duxerat
1696 1975 1857 2022 extulit,
1890 1977 1930 2013 et

326 2030 434 2068 hanc
456 2029 608 2068 viduus
627 2029 797 2068 viduam
818 2029 948 2069 duxit.

380 2083 460 2122 Sed
480 2083 594 2122 hunc
613 2084 824 2133 Principis
851 2085 1040 2124 animum
1064 2084 1140 2123 hoc
1167 2084 1302 2134 magis
1331 2084 1519 2134 gratulor
1537 2084 1668 2131 Mero,
1688 2083 1796 2133 quod
1821 2083 1929 2133 quic·

266 2162 309 2194 40
326 2138 426 2188 quid
456 2138 552 2177 huic
581 2138 795 2177 accesserit
824 2139 891 2177 vel
922 2139 1155 2179 autoritatis
1185 2139 1251 2177 vel
1279 2139 1445 2189 gratiae,
1477 2138 1520 2176 id
1549 2138 1784 2177 existimem
1812 2137 1931 2176 bonis

326 2191 477 2231 studiis
496 2193 687 2231 accedere
705 2207 714 2231 ε
745 2193 896 2243 quibus
915 2194 987 2232 ille
1007 2193 1065 2231 sic
1086 2193 1197 2232 fauet
1216 2196 1273 2241 vt,
1298 2193 1334 2231 si
1352 2206 1469 2243 pares
1490 2194 1627 2232 essent
1646 2192 1789 2231 animo
1808 2191 1930 2230 facul·
1980 2211 1981 2214 ¹

327 2248 446 2296 tates,
480 2259 567 2285 non
601 2247 759 2285 deesset
795 2248 903 2297 apud
938 2248 1163 2287 Britannos
1199 2247 1389 2286 felicibus
1426 2246 1608 2297 ingeniis
1645 2246 1848 2285 candidus
1884 2259 1930 2284 ac

326 2301 532 2351 benignus
571 2300 796 2340 Moecenas.
869 2302 1012 2342 Solent
1059 2301 1174 2340 aulae
1218 2301 1454 2352 principum
1495 2301 1606 2339 idem
1649 2301 1781 2340 facere
1820 2300 1929 2350 quod

372 2397 402 2426 5.
421 2388 460 2418 R.
475 2391 519 2419 F:
537 2388 776 2419 reuerendum
787 2391 832 2420 H.
903 2398 953 2421 11.
972 2389 1025 2420 hii
1037 2391 1171 2420 FLond.
1187 2399 1195 2419 :
1211 2387 1250 2418 hi
1262 2386 1329 2419 NS:
1347 2388 1450 2418 iiLB.
1523 2388 1571 2418 18.
1588 2386 1655 2418 Hii
1666 2385 1757 2418 FN‘2:
1777 2386 1827 2417 Hi
1838 2384 1927 2417 HN2.

333 2441 381 2470 19.
408 2434 463 2462 H:
487 2431 769 2463 dissentionibus
786 2434 822 2464 F.

374 2536 403 2564 7.
430 2525 565 2566 Morus]
584 2525 630 2556 In
645 2526 791 2566 writing
809 2528 844 2557 to
859 2526 922 2558 the
932 2525 1095 2566 Sign0r1a
1113 2510 1124 2518 ο

330 2570 419 2599 from
451 2569 596 2609 Bruges,
624 2579 665 2608 19
690 2570 779 2609 Aug.
811 2579 902 2609 1521,
940 2570 1096 2610 Gasparo

331 2613 519 2643 Contarini
547 2614 728 2644 mentions
759 2614 839 2644 that
869 2613 915 2644 he
942 2613 1014 2644 had
1042 2614 1095 2643 in-

331 2656 430 2686 vited
455 2657 491 2687 to
513 2655 598 2687 dine
620 2656 711 2687 with
735 2657 812 2687 him
831 2659 922 2688 ‘vno
941 2656 1097 2687 caualier

331 2699 483 2739 Englese
505 2700 617 2731 molto
634 2701 804 2737 litterato.
821 2700 885 2731 che
902 2710 939 2731 se
955 2700 1097 2732 chiama

332 2753 463 2773 messer
478 2743 612 2773 Thoma
628 2743 746 2774 Moro’
764 2744 910 2783 (Brown
935 2744 987 2774 iii.
1004 2745 1096 2783 302).

329 2787 447 2825 Vives,
467 2788 535 2823 too,
557 2788 629 2817 met
646 2787 742 2818 More
758 2789 794 2818 at
810 2788 946 2828 Bruges
962 2797 1008 2819 on
1025 2787 1099 2818 this

332 2830 417 2861 visit
433 2841 440 2860 ε
464 2840 521 2860 see
546 2829 603 2860 his
624 2831 764 2870 prefaee
780 2833 816 2862 to
832 2831 895 2862 the
911 2833 1098 2862 Declamatio

332 2884 395 2911 qua
418 2876 611 2911 Quintiliano
635 2877 800 2914 respondet,
831 2875 871 2905 in
904 2874 962 2905 his
988 2877 1095 2912 Opera,

333 2917 445 2957 Basle,
470 2926 562 2957 1555,
582 2916 605 2949 i.
624 2927 698 2957 252.

379 2971 429 2992 10.
454 2959 585 3001 Caleti]
609 2961 659 2991 As
681 2961 769 3001 they
785 2961 856 2992 had
878 2963 952 2993 met
974 2963 1011 2992 at
1035 2961 1096 2992 the

332 3003 432 3035 Field
460 3004 499 3035 of
521 3004 582 3035 the
610 3004 717 3035 Cloth
748 3004 788 3035 of
814 3004 904 3036 Gold
936 3005 974 3036 in
1001 3005 1097 3036 June

1167 2534 1251 2564 1520
1265 2524 1344 2564 (Ep.
1363 2524 1456 2555 1106.
1470 2523 1556 2564 93n)
1574 2533 1582 2554 ε
1606 2532 1662 2554 see
1677 2522 1715 2553 Τ.
1731 2522 1928 2562 Stapleton,

1166 2571 1238 2599 Tres
1265 2570 1405 2606 leomae‚
1436 2568 1529 2606 1588,
1555 2567 1640 2597 Vita
1662 2566 1765 2605 Mori,
1792 2575 1850 2606 pp.
1874 2567 1929 2606 67,
1982 2577 1983 2587 ¹

1164 2622 1207 2643 20
1231 2637 1239 2644 .

1211 2622 1227 2651 7
1252 2655 1389 2687 Gallica
1440 2653 1633 2695 legatione]
1692 2653 1729 2685 It
1785 2653 1931 2685 entered

1167 2699 1283 2730 Calais
1310 2709 1355 2730 on
1380 2699 1536 2738 Sunday,
1567 2709 1587 2737 4
1613 2698 1703 2737 Aug.
1738 2705 1840 2735 1521:
1873 2707 1930 2728 see

1167 2744 1312 2774 Brewer
1336 2743 1388 2773 iii.
1412 2743 1505 2781 1462,
1532 2742 1624 2781 1467.
1671 2740 1742 2771 But
1765 2740 1932 2772 Budaeus

1166 2796 1240 2817 was
1256 2788 1319 2817 not
1335 2795 1355 2816 a
1371 2786 1529 2816 member
1545 2785 1584 2816 of
1596 2786 1638 2816 it.

1213 2831 1261 2862 18.
1288 2830 1365 2869 Hii]
1397 2828 1592 2869 Evidently
1622 2828 1685 2860 the
1715 2827 1847 2859 friars:
1885 2828 1928 2860 cf.

1166 2873 1254 2914 Epp.
1271 2874 1346 2913 998.
1367 2882 1446 2913 59n,
1468 2882 1561 2912 1215.
1577 2873 1609 2904 8.

1209 2927 1261 2948 22.
1287 2917 1366 2948 Non
1383 2915 1567 2956 putaram]
1582 2915 1633 2948 Cf.
1653 2917 1716 2958 Ep.
1739 2916 1830 2946 1161.
1851 2924 1928 2954 14n.

1209 2970 1263 2999 25.
1287 2970 1307 2991 a
1323 2960 1519 3001 thesauris]
1539 2960 1590 2992 Cf.
1609 2959 1672 3001 Ep.
1694 2969 1787 2991 1210.
1809 2968 1885 2990 1on.

1209 3005 1261 3035 28.
1287 3003 1513 3044 competitor]
1531 3003 1544 3035 I
1562 3003 1652 3035 have
1669 3014 1715 3036 no
1730 3002 1820 3035 clue.
