1990 3353
232 696 273 726 40

229 1514 269 1545 55

227 1774 269 1806 60

250 2057 266 2086 5
287 2053 372 2078 non
402 2054 592 2080 occurras
620 2055 822 2089 summus,
853 2042 1119 2090 admirabilis,
1149 2043 1376 2081 absolutus.

293 136 385 174 272·
761 137 1013 176 LETTERS
1052 138 1122 176 OF
1159 138 1426 177 ERASMUS
1774 137 1900 192 [1520

296 260 430 294 mum,
451 250 495 286 vt
518 248 563 285 in
587 248 838 286 commentis
864 248 959 294 illis,
982 248 1305 298 disputatorem:
1336 247 1453 286 mille
1480 248 1574 287 huic
1602 250 1720 295 artes,
1743 249 1778 287 si
1805 250 1896 300 quis

295 301 505 340 similibus
539 302 829 352 congrediatur
861 301 1000 348 armis,
1038 302 1279 353 impetendi,
1311 302 1429 341 mille
1462 302 1690 352 repetendi,
1722 303 1898 343 totidem

295 356 512 403 euadendi,
545 355 746 402 elabendi,
779 356 986 395 eludendi.
1048 356 1255 395 Dixerunt
1286 356 1429 404 multa,
1461 357 1549 394 vidi
1578 357 1666 406 ipse
1700 357 1820 406 plura
1853 358 1898 396 in

257 416 272 446 5
296 410 344 448 D.
367 410 549 449 Martino
570 410 780 454 Lusitano.
798 411 1031 461 propinquo
1053 411 1119 450 sui
1139 411 1274 460 Regis,
1292 411 1410 450 cuius
1428 412 1577 450 merita
1597 411 1753 450 mentio
1768 414 1899 450 totam

294 464 375 503 sibi
395 464 613 514 epistolam
634 466 889 515 postularet;
919 465 991 516 qui
1011 467 1175 516 gustato
1196 466 1268 504 illo
1294 465 1601 516 sophismatum
1628 478 1814 504 amarore
1840 466 1898 506 ita

294 531 478 568 saporem
502 518 625 557 illum
645 519 875 566 exhorruit,
894 521 940 558 vt
960 520 1127 559 natiuae
1147 520 1242 559 huic
1263 522 1304 558 et
1324 533 1420 558 vere
1439 520 1648 558 humanae
1672 520 1898 559 eruditioni

293 585 338 611 se
359 574 506 615 totum.
530 573 798 612 tradideritne
825 574 960 613 dicam
986 587 1040 612 an
1066 574 1353 613 immerserit?
1381 574 1457 613 hoc
1484 574 1617 621 credo,
1641 587 1721 624 quo
1748 574 1898 613 melius

293 640 523 666 amarorem
544 627 666 666 illum
686 642 707 666 e
727 628 864 678 palato
883 629 1041 667 elueret
1059 629 1139 667 isto
1160 628 1336 667 dulcore.
1397 627 1572 678 Magnos
1592 628 1716 667 habet
1735 629 1780 667 in
1806 628 1899 667 istis

294 680 523 731 disciplinis
540 695 779 732 progressus
794 697 803 731 ς
831 683 876 721 in
893 682 1045 733 quibus
1060 683 1168 734 quod
1186 682 1472 733 suspicabatur
1488 696 1554 721 me
1573 682 1730 733 aliquid
1746 682 1893 731 valere,

292 735 450 774 mirum
468 749 550 786 qua
570 750 637 775 me
655 736 959 785 beneuolenffia,
983 751 1064 787 quo
1084 737 1236 784 animo,
1260 751 1341 788 quo
1361 737 1504 776 fauore
1523 740 1765 787 prosecutus
1784 737 1849 777 sit.

350 790 543 840 Longum
564 793 673 830 esset
689 805 931 830 enumerare
947 791 1018 841 qui
1035 791 1227 830 homines
1242 794 1283 830 et
1304 804 1405 842 quos
1425 791 1602 830 honores
1623 792 1728 830 mihi
1748 791 1897 830 habue-

292 844 379 882 rint
413 844 465 883 ob
499 845 675 884 eandem
708 846 758 885 de
792 845 960 896 ingenio
994 859 1087 885 meo
1121 846 1384 895 opinionem:
1424 859 1498 884 nec
1527 846 1663 884 solum
1691 846 1896 896 principes

293 898 536 949 nobilesque
554 900 644 947 viri,
670 901 741 950 qui
761 901 871 939 vitae
891 913 936 938 ac
955 900 1097 950 generi
1118 913 1320 950 congruas
1341 900 1583 950 disciplinas
1603 900 1834 950 suspiciunt
1855 903 1896 939 et

255 967 271 997 5
292 955 596 1001 consectantur,
625 955 769 993 sordes
795 955 1042 1004 relinquunt
1072 954 1262 1002 sordidis,
1293 955 1362 993 sed
1394 957 1520 993 etiam
1548 954 1754 1004 praecipui
1782 954 1896 993 illius

291 1007 542 1046 Academiae
567 1008 760 1060 theologi.
821 1009 903 1048 Vix
930 1009 1043 1048 enim
1071 1009 1213 1048 credas
1240 1010 1420 1059 quantus
1448 1009 1503 1047 sit
1529 1009 1699 1047 illorum
1728 1009 1894 1049 candor.

292 1064 448 1112 quanto
470 1063 799 1112 interpretentur
819 1063 969 1102 melius
989 1063 1131 1102 onmia
1151 1076 1278 1114 quam
1304 1063 1430 1102 multi
1457 1076 1560 1113 quos
1587 1063 1710 1102 nosti.
1773 1063 1895 1114 Igno—

291 1119 385 1155 rant
406 1116 578 1167 aliquid,
602 1117 715 1156 dolet
735 1118 811 1156 hoe
832 1118 917 1165 eis;
948 1118 1176 1156 scientibus
1196 1131 1280 1156 non
1308 1117 1512 1166 inuident,
1537 1117 1742 1157 discentes
1769 1118 1895 1156 etiam

289 1171 484 1210 excitant.

347 1225 604 1264 conuiuatus
623 1238 717 1264 sum
738 1239 835 1264 cum
856 1227 963 1275 istis,
986 1228 1027 1265 et
1048 1227 1216 1277 quidem
1237 1227 1478 1277 frequenter
1504 1228 1545 1265 et
1571 1227 1770 1266 suauiter.
1826 1227 1893 1265 Ad

291 1292 480 1318 mensam
499 1280 623 1319 tertio
642 1280 768 1318 verbo
789 1294 925 1319 sermo
945 1281 1089 1320 statim
1106 1281 1156 1319 de
1171 1283 1211 1320 te
1226 1281 1378 1329 varius,
1397 1281 1558 1320 multus
1577 1281 1703 1320 etiam
1719 1280 1897 1320 sublatis

291 1334 460 1373 mensis.
520 1335 553 1373 O
575 1335 634 1373 mi
654 1335 838 1383 Erasme,
861 1336 1040 1375 dicerem
1062 1336 1213 1383 omnia,
1237 1336 1272 1374 si
1292 1336 1490 1385 patereris
1509 1338 1552 1374 te
1575 1335 1619 1374 in
1646 1335 1820 1385 epistola
1844 1336 1895 1374 ad

290 1390 331 1427 te
368 1387 541 1427 laudari.
600 1389 774 1428 Vtinam
814 1390 864 1429 ad
903 1390 1033 1429 alium
1067 1390 1310 1430 scriberem!
1369 1390 1607 1429 Tacendum
1641 1390 1780 1440 itaque
1818 1390 1895 1428 erit

291 1442 426 1481 inuito
446 1443 545 1493 quid
566 1443 630 1482 illi
650 1443 791 1482 dicant
812 1444 860 1482 de
883 1445 1143 1495 Hieronymo
1164 1446 1235 1485 tua
1256 1457 1378 1495 opera
1397 1444 1559 1495 sibiipsi
1574 1444 1777 1490 restituto,
1797 1444 1895 1494 quid

291 1497 341 1536 de
361 1497 481 1536 Nouo
497 1497 765 1536 Testamento
787 1512 883 1537 suae
899 1498 1126 1548 integritati
1142 1498 1313 1548 reddito,
1332 1498 1472 1538 labore
1491 1499 1613 1548 longe
1634 1498 1895 1538 Christianae

291 1552 434 1601 pietati
454 1552 618 1590 vtiliore
639 1565 763 1602 quam
785 1566 887 1602 quae
907 1555 1006 1591 sunt
1025 1554 1135 1591 intra
1155 1553 1272 1592 mille
1290 1566 1421 1591 annos
1441 1553 1486 1591 in
1513 1552 1668 1592 scholis
1694 1552 1894 1599 clamata;

288 1608 493 1655 quantum
513 1607 772 1645 admirentur
793 1607 1082 1657 Paraphrases,
1107 1607 1148 1645 id
1170 1609 1231 1645 est
1251 1607 1433 1646 Paulum
1454 1608 1637 1657 apertius
1658 1607 1801 1646 diuina
1821 1606 1894 1646 illa

287 1673 360 1698 sua
391 1660 654 1710 eloquentem
683 1674 829 1709 sensa;
868 1665 1072 1712 quantum
1102 1662 1286 1711 Adagiis,
1322 1662 1448 1711 Copia
1476 1661 1641 1701 etaliis
1666 1661 1894 1712 prophanis

289 1714 483 1764 operibus
517 1715 601 1753 tuis
637 1715 896 1754 delectentur
928 1718 969 1754 et
1003 1716 1252 1766 proficiant;
1294 1718 1340 1755 vt
1373 1716 1505 1763 Moria
1534 1717 1590 1755 sit
1619 1715 1816 1755 omnibus
1850 1715 1893 1753 in

288 1769 454 1815 deliciis,
480 1770 691 1808 neminem
714 1770 904 1817 offendat,
929 1771 1132 1809 nimirum
1155 1772 1264 1820 quod
1286 1771 1478 1809 maiestas
1496 1770 1667 1809 illorum
1686 1770 1893 1820 theologo-

288 1835 379 1861 rum
401 1823 543 1862 durior
562 1826 603 1862 et
623 1824 770 1863 fortior
788 1826 851 1863 est
871 1838 997 1875 quam
1017 1825 1206 1865 aliorum.
1251 1827 1284 1864 O
1305 1838 1372 1864 me
1391 1825 1597 1864 rusticum
1618 1827 1659 1863 et
1679 1824 1893 1863 inciuilem

288 1877 397 1927 quod
418 1878 467 1916 de
487 1877 553 1916 his
574 1881 741 1927 taceam,
767 1882 807 1917 te
828 1880 978 1917 durum
1001 1880 1073 1930 qui
1094 1880 1257 1918 iubeas!
1306 1879 1385 1919 Sed
1407 1880 1487 1918 erit
1507 1879 1620 1918 locus
1640 1879 1685 1918 in
1700 1892 1781 1929 quo
1809 1891 1891 1917 non

287 1931 436 1981 parebo
456 1932 545 1971 tibi.

342 1986 454 2024 Illud
477 2000 588 2025 nunc
610 1987 714 2026 feres
735 1987 842 2027 velis
868 1988 989 2036 nolis,
1014 1988 1132 2027 nulla
1157 1990 1199 2027 te
1225 1988 1320 2027 illos
1345 2002 1395 2027 ex
1422 1990 1539 2038 parte
1565 1989 1760 2038 spectare,
1782 1988 1891 2026 vnde

1434 2043 1615 2081 Possum
1646 2042 1723 2080 tibi
1753 2041 1891 2092 plures

286 2108 412 2144 quam
442 2095 584 2134 decem
614 2110 664 2134 ex
693 2096 937 2136 hominibus
967 2097 1124 2136 ordinis
1152 2097 1269 2136 illius
1299 2097 1525 2144 nominare,
1558 2096 1629 2147 qui
1664 2109 1783 2135 suam
1812 2096 1891 2135 tibi

286 2162 455 2188 omnem
489 2163 671 2200 operam,
708 2151 984 2201 diligentiam,
1021 2152 1220 2198 fauorem,
1253 2151 1442 2190 studium
1475 2150 1725 2200 pollicentur
1753 2153 1795 2190 et
1828 2150 1890 2190 de-

286 2203 426 2242 ferunt
444 2218 453 2242 :
484 2205 591 2243 nihil
612 2218 654 2244 se
676 2207 747 2244 tua
767 2218 888 2244 causa
910 2220 995 2244 non
1016 2207 1213 2253 facturos,
1228 2219 1325 2245 suas
1344 2218 1433 2244 esse
1451 2205 1529 2243 tibi
1550 2206 1711 2256 apertas
1732 2205 1888 2251 domos,

285 2258 319 2295 si
346 2258 446 2297 illue
473 2259 614 2307 iueris,
645 2262 807 2309 paratas
833 2260 1062 2308 facultates,
1086 2261 1278 2307 familias,
1304 2273 1412 2309 opeS,
1438 2259 1602 2298 amicos.
1662 2260 1892 2298 Precantur

285 2314 327 2350 te
346 2315 468 2363 atque
489 2313 711 2352 hortantur
730 2316 776 2352 vt
796 2328 955 2364 pergas,
978 2315 1087 2353 nihil
1107 2315 1368 2353 indoctorum
1395 2313 1692 2363 obgannitibus
1720 2326 1888 2364 expaue-

463 2469 516 2498 35.
544 2459 584 2491 D.
604 2470 661 2491 om.
682 2463 723 2491 H.
860 2470 912 2500 37.
939 2470 1021 2491 vere
1039 2459 1084 2488 N2
1102 2471 1109 2490 z
1135 2469 1235 2490 verae
1253 2458 1338 2491 FN3.
1386 2461 1429 2496 Cf.
1449 2462 1508 2497 Ep.
1530 2469 1623 2498 1115.
1644 2460 1697 2491 6η.

289 2590 368 2629 1518
387 2590 458 2621 and
480 2591 573 2629 1526,
592 2591 684 2622 with
701 2591 937 2629 dedications,
956 2591 1062 2622 dated

284 2634 375 2664 from
404 2634 466 2664 the
496 2634 634 2674 College
661 2634 704 2666 de
733 2636 920 2674 Beauvais,
938 2637 974 2666 to
999 2635 1060 2666 the

284 2677 513 2717 Dominican,
532 2678 629 2710 John
647 2678 685 2709 of
697 2679 838 2717 Toledo,
857 2689 921 2710 son
939 2679 979 2710 of
999 2679 1060 2709 the

285 2720 387 2752 Duke
416 2721 454 2751 of
487 2721 580 2752 Alva
614 2721 692 2762 (Ep.
725 2724 817 2761 1256.
850 2723 949 2763 3211).
1006 2722 1061 2762 By

287 2765 370 2803 1528
386 2764 432 2795 he
458 2774 530 2795 was
554 2764 655 2804 dead,
678 2766 896 2797 ‘immatura
925 2764 1060 2797 morte'

284 2807 411 2847 (Alvar
441 2808 581 2847 Gomez,
622 2811 667 2839 De
700 2813 790 2841 rebus·
828 2813 921 2848 gestis
958 2812 1057 2841 Fran.

283 2854 443 2890 Ximenii‚
473 2851 606 2888 Alcala,
639 2853 732 2893 1569,
762 2853 784 2884 f.
817 2863 881 2884 222
905 2854 986 2891 v0):
1021 2862 1059 2883 so

283 2895 363 2926 that
392 2895 437 2925 he
466 2905 548 2934 may
566 2895 657 2926 have
685 2897 771 2927 been
803 2897 992 2927 ‘iuuenis’
1021 2898 1058 2927 at

283 2939 358 2970 this
387 2939 484 2970 time.
535 2938 601 2969 For
627 2938 686 2969 his
715 2939 833 2980 books,
854 2940 974 2972 which
998 2950 1057 2971 are

282 2992 364 3014 now
391 2991 481 3021 rare,
509 2991 568 3013 see
598 2982 660 3013 the
692 2983 893 3023 catalogues
926 2983 966 3015 of
994 2982 1058 3014 the

283 3026 489 3057 colombina
524 3028 559 3057 at
593 3025 724 3057 Seville
757 3027 827 3057 and
867 3027 928 3059 the
962 3026 1054 3058 Bibl.

1111 2590 1302 2622 Nationale
1318 2592 1354 2621 at
1374 2590 1494 2627 Paris;
1522 2591 1593 2622 and
1620 2592 1695 2624 Nic.
1714 2592 1886 2623 Antonio.

1110 2637 1190 2665 Bibl.
1210 2636 1360 2671 Hispana
1376 2645 1472 2675 noua,
1499 2635 1591 2674 1783,
1613 2636 1633 2667 i.
1651 2637 1771 2675 375-6.
1814 2635 1888 2667 The

1111 2677 1288 2710 Bodleian
1305 2677 1377 2708 also
1394 2678 1459 2709 has
1480 2688 1500 2710 a
1522 2679 1712 2710 collection
1734 2679 1774 2711 of
1788 2679 1888 2711 three

1111 2723 1175 2762 (8⁰.
1195 2721 1240 2753 M.
1267 2731 1307 2752 10
1322 2721 1422 2761 Art).

1153 2774 1206 2804 35.
1234 2765 1424 2806 Lusitano]
1461 2766 1493 2796 A
1518 2775 1639 2806 young
1670 2766 1832 2797 member
1853 2766 1891 2797 of

1108 2808 1171 2840 the
1201 2809 1367 2849 reigning
1391 2808 1520 2849 family
1538 2810 1576 2841 of
1600 2809 1779 2850 portugal.
1828 2809 1882 2841 Jo.

1107 2852 1151 2882 de
1168 2851 1297 2892 Celaya
1313 2851 1502 2884 dedicated
1515 2855 1551 2884 to
1568 2853 1647 2884 him
1663 2863 1711 2884 an
1726 2855 1884 2890 Eaepositio

1109 2899 1143 2926 ln
1168 2898 1258 2926 libros
1276 2899 1423 2934 priorum
1447 2899 1632 2936 Aristotelis,
1653 2897 1764 2936 Paris,
1785 2896 1831 2928 H.
1851 2897 1883 2927 le

1108 2939 1218 2978 feure,
1237 2950 1262 2971 s.
1276 2950 1306 2972 a.
1328 2938 1375 2982 (c.
1400 2938 1515 2982 1516).

1196 2982 1317 3024 Regis]
1358 2983 1499 3015 Manoel
1530 2992 1545 3015 1
1578 2983 1614 3023 (3
1648 2983 1729 3024 May
1758 2983 1885 3022 1469—

1112 3035 1149 3065 13
1168 3025 1249 3058 Dec.
1274 3027 1383 3067 1521),
1402 3027 1490 3067 king
1506 3027 1545 3058 of
1558 3025 1726 3067 Portugnl
1748 3035 1839 3066 1495.
