<?xml version="1.0" encoding="UTF-8"?>
<!DOCTYPE html PUBLIC "-//W3C//DTD XHTML 1.0 Transitional//EN"
    "http://www.w3.org/TR/xhtml1/DTD/xhtml1-transitional.dtd">
<html xmlns="http://www.w3.org/1999/xhtml" xml:lang="en" lang="en">
 <head>
  <title>
</title>
<meta http-equiv="Content-Type" content="text/html;charset=utf-8" />
  <meta name='ocr-system' content='tesseract 3.04.00' />
  <meta name='ocr-capabilities' content='ocr_page ocr_carea ocr_par ocr_line ocrx_word'/>
</head>
<body>
  <div class='ocr_page' id='page_1' title='image "./opusepistolarumd04erasuoft_0210.png"; bbox 0 0 1990 3353; ppageno 0'>
   <div class='ocr_carea' id='block_1_1' title="bbox 225 926 286 957">
    <p class='ocr_par' dir='ltr' id='par_1_1' title="bbox 225 926 286 957">
     <span class='ocr_line' id='line_1_1' title="bbox 225 926 286 957; baseline 0.016 -1"><span class='ocrx_word' id='word_1_1' title='bbox 225 926 286 957; x_wconf 81' lang='lat'>280</span> 
     </span>
    </p>
   </div>
   <div class='ocr_carea' id='block_1_2' title="bbox 226 1478 285 1509">
    <p class='ocr_par' dir='ltr' id='par_1_2' title="bbox 226 1478 285 1509">
     <span class='ocr_line' id='line_1_2' title="bbox 226 1478 285 1509; baseline 0.017 -11"><span class='ocrx_word' id='word_1_2' title='bbox 226 1478 285 1509; x_wconf 79' lang='lat'>290</span> 
     </span>
    </p>
   </div>
   <div class='ocr_carea' id='block_1_3' title="bbox 225 2292 284 2323">
    <p class='ocr_par' dir='ltr' id='par_1_3' title="bbox 225 2292 284 2323">
     <span class='ocr_line' id='line_1_3' title="bbox 225 2292 284 2323; baseline 0.017 -1"><span class='ocrx_word' id='word_1_3' title='bbox 225 2292 284 2323; x_wconf 77' lang='lat'>305</span> 
     </span>
    </p>
   </div>
   <div class='ocr_carea' id='block_1_4' title="bbox 224 2561 287 2592">
    <p class='ocr_par' dir='ltr' id='par_1_4' title="bbox 224 2561 287 2592">
     <span class='ocr_line' id='line_1_4' title="bbox 224 2561 287 2592; baseline 0.016 -10"><span class='ocrx_word' id='word_1_4' title='bbox 224 2561 287 2592; x_wconf 79' lang='lat'>310</span> 
     </span>
    </p>
   </div>
   <div class='ocr_carea' id='block_1_5' title="bbox 305 151 1900 206">
    <p class='ocr_par' dir='ltr' id='par_1_5' title="bbox 305 151 1900 206">
     <span class='ocr_line' id='line_1_5' title="bbox 305 151 1900 206; baseline -0.002 -13"><span class='ocrx_word' id='word_1_5' title='bbox 305 154 383 193; x_wconf 88' lang='lat'>166</span> <span class='ocrx_word' id='word_1_6' title='bbox 771 154 1018 194; x_wconf 85' lang='lat' dir='ltr'><strong>LETTERS</strong></span> <span class='ocrx_word' id='word_1_7' title='bbox 1055 152 1125 193; x_wconf 84' lang='lat' dir='ltr'>OF</span> <span class='ocrx_word' id='word_1_8' title='bbox 1162 153 1428 193; x_wconf 78' lang='lat' dir='ltr'>ERASMUS</span> <span class='ocrx_word' id='word_1_9' title='bbox 1772 151 1900 206; x_wconf 89' lang='lat'><strong>[1520</strong></span> 
     </span>
    </p>
   </div>
   <div class='ocr_carea' id='block_1_6' title="bbox 303 264 1899 640">
    <p class='ocr_par' dir='ltr' id='par_1_6' title="bbox 303 264 1899 640">
     <span class='ocr_line' id='line_1_6' title="bbox 357 264 1897 315; baseline -0.001 -11"><span class='ocrx_word' id='word_1_10' title='bbox 357 266 461 305; x_wconf 79' lang='lat' dir='ltr'>Eno.</span> <span class='ocrx_word' id='word_1_11' title='bbox 504 265 572 304; x_wconf 84' lang='lat' dir='ltr'>Sic</span> <span class='ocrx_word' id='word_1_12' title='bbox 605 265 709 303; x_wconf 92' lang='lat' dir='ltr'>mihi</span> <span class='ocrx_word' id='word_1_13' title='bbox 743 278 869 315; x_wconf 87' lang='lat' dir='ltr'>aequa</span> <span class='ocrx_word' id='word_1_14' title='bbox 903 266 1119 303; x_wconf 86' lang='lat' dir='ltr'>doctorum</span> <span class='ocrx_word' id='word_1_15' title='bbox 1152 264 1339 302; x_wconf 81' lang='lat' dir='ltr'>virorum</span> <span class='ocrx_word' id='word_1_16' title='bbox 1374 264 1523 303; x_wconf 87' lang='lat' dir='ltr'>iudicia</span> <span class='ocrx_word' id='word_1_17' title='bbox 1556 264 1816 313; x_wconf 82' lang='lat' dir='ltr'>contingant,</span> <span class='ocrx_word' id='word_1_18' title='bbox 1850 267 1897 303; x_wconf 85' lang='lat' dir='ltr'>vt</span> 
     </span>
     <span class='ocr_line' id='line_1_7' title="bbox 303 318 1899 369; baseline -0.001 -11"><span class='ocrx_word' id='word_1_19' title='bbox 303 319 468 358; x_wconf 87' lang='lat' dir='ltr'>laudem</span> <span class='ocrx_word' id='word_1_20' title='bbox 494 333 543 358; x_wconf 77' lang='lat' dir='ltr'>ex</span> <span class='ocrx_word' id='word_1_21' title='bbox 570 320 644 358; x_wconf 89' lang='lat' dir='ltr'>hac</span> <span class='ocrx_word' id='word_1_22' title='bbox 673 333 716 357; x_wconf 88' lang='lat' dir='ltr'>re</span> <span class='ocrx_word' id='word_1_23' title='bbox 745 332 828 357; x_wconf 87' lang='lat' dir='ltr'>non</span> <span class='ocrx_word' id='word_1_24' title='bbox 858 332 998 369; x_wconf 88' lang='lat' dir='ltr'>spero:</span> <span class='ocrx_word' id='word_1_25' title='bbox 1035 319 1117 357; x_wconf 88' lang='lat' dir='ltr'>nisi</span> <span class='ocrx_word' id='word_1_26' title='bbox 1142 318 1248 357; x_wconf 89' lang='lat' dir='ltr'>forte</span> <span class='ocrx_word' id='word_1_27' title='bbox 1275 321 1447 358; x_wconf 87' lang='lat' dir='ltr'>eatenus</span> <span class='ocrx_word' id='word_1_28' title='bbox 1475 320 1677 369; x_wconf 87' lang='lat' dir='ltr'>quatenus</span> <span class='ocrx_word' id='word_1_29' title='bbox 1704 318 1899 368; x_wconf 84' lang='lat' dir='ltr'>prodesse</span> 
     </span>
     <span class='ocr_line' id='line_1_8' title="bbox 303 372 1898 423; baseline -0.001 -11"><span class='ocrx_word' id='word_1_30' title='bbox 303 375 428 413; x_wconf 81' lang='lat' dir='ltr'>volui.</span> <span class='ocrx_word' id='word_1_31' title='bbox 488 374 580 412; x_wconf 87' lang='lat' dir='ltr'>Iam</span> <span class='ocrx_word' id='word_1_32' title='bbox 604 376 648 411; x_wconf 92' lang='lat' dir='ltr'>tu</span> <span class='ocrx_word' id='word_1_33' title='bbox 667 387 788 423; x_wconf 84' lang='lat' dir='ltr'>vrges</span> <span class='ocrx_word' id='word_1_34' title='bbox 807 375 854 411; x_wconf 86' lang='lat' dir='ltr'>vt</span> <span class='ocrx_word' id='word_1_35' title='bbox 873 373 1057 423; x_wconf 82' lang='lat' dir='ltr'>experiar</span> <span class='ocrx_word' id='word_1_36' title='bbox 1075 373 1218 411; x_wconf 87' lang='lat' dir='ltr'>aleam.</span> <span class='ocrx_word' id='word_1_37' title='bbox 1273 373 1365 411; x_wconf 83' lang='lat' dir='ltr'>Scio</span> <span class='ocrx_word' id='word_1_38' title='bbox 1386 373 1633 422; x_wconf 84' lang='lat' dir='ltr'>quibusdam</span> <span class='ocrx_word' id='word_1_39' title='bbox 1654 372 1826 422; x_wconf 89' lang='lat' dir='ltr'>probata</span> <span class='ocrx_word' id='word_1_40' title='bbox 1844 373 1898 411; x_wconf 85' lang='lat' dir='ltr'>iri</span> 
     </span>
     <span class='ocr_line' id='line_1_9' title="bbox 304 427 1898 478; baseline -0.001 -12"><span class='ocrx_word' id='word_1_41' title='bbox 304 431 456 477; x_wconf 86' lang='lat' dir='ltr'>nostra,</span> <span class='ocrx_word' id='word_1_42' title='bbox 482 430 624 466; x_wconf 87' lang='lat' dir='ltr'>contra</span> <span class='ocrx_word' id='word_1_43' title='bbox 649 427 897 478; x_wconf 86' lang='lat' dir='ltr'>quibusdam</span> <span class='ocrx_word' id='word_1_44' title='bbox 927 430 1007 466; x_wconf 85' lang='lat' dir='ltr'>tua.</span> <span class='ocrx_word' id='word_1_45' title='bbox 1066 427 1187 466; x_wconf 86' lang='lat' dir='ltr'>Forte</span> <span class='ocrx_word' id='word_1_46' title='bbox 1216 429 1362 465; x_wconf 78' lang='lat' dir='ltr'>neuter</span> <span class='ocrx_word' id='word_1_47' title='bbox 1389 427 1491 465; x_wconf 87' lang='lat' dir='ltr'>satis</span> <span class='ocrx_word' id='word_1_48' title='bbox 1518 428 1700 476; x_wconf 82' lang='lat' dir='ltr'><strong>opimam</strong></span> <span class='ocrx_word' id='word_1_49' title='bbox 1730 427 1898 465; x_wconf 88' lang='lat' dir='ltr'>laudem</span> 
     </span>
     <span class='ocr_line' id='line_1_10' title="bbox 303 481 1898 530; baseline -0.001 -10"><span class='ocrx_word' id='word_1_50' title='bbox 303 483 453 520; x_wconf 86' lang='lat' dir='ltr'>referet</span> <span class='ocrx_word' id='word_1_51' title='bbox 481 496 531 520; x_wconf 80' lang='lat' dir='ltr'>ex</span> <span class='ocrx_word' id='word_1_52' title='bbox 558 483 635 520; x_wconf 90' lang='lat' dir='ltr'>hoc</span> <span class='ocrx_word' id='word_1_53' title='bbox 664 482 900 520; x_wconf 76' lang='lat' dir='ltr'>certamine.</span> <span class='ocrx_word' id='word_1_54' title='bbox 960 482 1065 520; x_wconf 87' lang='lat' dir='ltr'>Mihi</span> <span class='ocrx_word' id='word_1_55' title='bbox 1094 483 1234 520; x_wconf 90' lang='lat' dir='ltr'>minus</span> <span class='ocrx_word' id='word_1_56' title='bbox 1261 481 1484 520; x_wconf 81' lang='lat' dir='ltr'>infeliciter</span> <span class='ocrx_word' id='word_1_57' title='bbox 1516 482 1630 520; x_wconf 88' lang='lat' dir='ltr'>cadet</span> <span class='ocrx_word' id='word_1_58' title='bbox 1664 494 1753 520; x_wconf 89' lang='lat' dir='ltr'>sors</span> <span class='ocrx_word' id='word_1_59' title='bbox 1787 482 1898 530; x_wconf 90' lang='lat' dir='ltr'>quod</span> 
     </span>
     <span class='ocr_line' id='line_1_11' title="bbox 304 535 1899 586; baseline -0.001 -12"><span class='ocrx_word' id='word_1_60' title='bbox 304 537 529 586; x_wconf 71' lang='lat' dir='ltr'>propiciam</span> <span class='ocrx_word' id='word_1_61' title='bbox 563 536 694 574; x_wconf 88' lang='lat' dir='ltr'>aleam</span> <span class='ocrx_word' id='word_1_62' title='bbox 732 549 816 574; x_wconf 92' lang='lat' dir='ltr'>non</span> <span class='ocrx_word' id='word_1_63' title='bbox 853 538 1092 586; x_wconf 84' lang='lat' dir='ltr'>expectem:</span> <span class='ocrx_word' id='word_1_64' title='bbox 1135 549 1372 586; x_wconf 83' lang='lat' dir='ltr'>quanquam</span> <span class='ocrx_word' id='word_1_65' title='bbox 1410 536 1488 574; x_wconf 90' lang='lat' dir='ltr'>hoc</span> <span class='ocrx_word' id='word_1_66' title='bbox 1522 536 1627 574; x_wconf 90' lang='lat' dir='ltr'>meis</span> <span class='ocrx_word' id='word_1_67' title='bbox 1666 535 1899 574; x_wconf 86' lang='lat' dir='ltr'>rationibus</span> 
     </span>
     <span class='ocr_line' id='line_1_12' title="bbox 305 589 1896 640; baseline 0 -12"><span class='ocrx_word' id='word_1_68' title='bbox 305 591 503 629; x_wconf 82' lang='lat' dir='ltr'>nonnihil</span> <span class='ocrx_word' id='word_1_69' title='bbox 540 591 734 640; x_wconf 80' lang='lat' dir='ltr'>prodesse</span> <span class='ocrx_word' id='word_1_70' title='bbox 774 591 894 628; x_wconf 88' lang='lat' dir='ltr'>debet</span> <span class='ocrx_word' id='word_1_71' title='bbox 931 591 1038 640; x_wconf 86' lang='lat' dir='ltr'>apud</span> <span class='ocrx_word' id='word_1_72' title='bbox 1077 603 1228 640; x_wconf 89' lang='lat' dir='ltr'>aequos</span> <span class='ocrx_word' id='word_1_73' title='bbox 1268 603 1404 628; x_wconf 88' lang='lat' dir='ltr'>rerum</span> <span class='ocrx_word' id='word_1_74' title='bbox 1438 590 1751 637; x_wconf 69' lang='lat' dir='ltr'>existimatores,</span> <span class='ocrx_word' id='word_1_75' title='bbox 1787 589 1896 640; x_wconf 87' lang='lat' dir='ltr'>quod</span> 
     </span>
    </p>
   </div>
   <div class='ocr_carea' id='block_1_7' title="bbox 267 645 916 689">
    <p class='ocr_par' dir='ltr' id='par_1_7' title="bbox 267 645 916 689">
     <span class='ocr_line' id='line_1_13' title="bbox 267 645 916 689; baseline 0 -6"><span class='ocrx_word' id='word_1_76' title='bbox 267 659 283 689; x_wconf 72' lang='lat'><strong><em>5</em></strong></span> <span class='ocrx_word' id='word_1_77' title='bbox 302 645 463 683; x_wconf 79' lang='lat' dir='ltr'>inuitus</span> <span class='ocrx_word' id='word_1_78' title='bbox 482 646 624 683; x_wconf 84' lang='lat' dir='ltr'>trahor</span> <span class='ocrx_word' id='word_1_79' title='bbox 641 645 686 682; x_wconf 91' lang='lat' dir='ltr'>in</span> <span class='ocrx_word' id='word_1_80' title='bbox 706 645 916 684; x_wconf 83' lang='lat' dir='ltr'>harenam.</span> 
     </span>
    </p>
   </div>
   <div class='ocr_carea' id='block_1_8' title="bbox 304 699 1913 2704">
    <p class='ocr_par' dir='ltr' id='par_1_8' title="bbox 304 699 1900 802">
     <span class='ocr_line' id='line_1_14' title="bbox 358 699 1900 747; baseline 0 -10"><span class='ocrx_word' id='word_1_81' title='bbox 358 700 483 737; x_wconf 63' lang='lat' dir='ltr'>Emis.</span> <span class='ocrx_word' id='word_1_82' title='bbox 517 700 597 738; x_wconf 84' lang='lat' dir='ltr'>Nee</span> <span class='ocrx_word' id='word_1_83' title='bbox 629 700 760 738; x_wconf 72' lang='lat' dir='ltr'>dubito</span> <span class='ocrx_word' id='word_1_84' title='bbox 788 701 883 747; x_wconf 73' lang='lat' dir='ltr'>qam</span> <span class='ocrx_word' id='word_1_85' title='bbox 911 700 981 737; x_wconf 73' lang='lat' dir='ltr'>tibi</span> <span class='ocrx_word' id='word_1_86' title='bbox 1008 700 1118 738; x_wconf 79' lang='lat' dir='ltr'>valde</span> <span class='ocrx_word' id='word_1_87' title='bbox 1144 711 1250 738; x_wconf 75' lang='lat' dir='ltr'>mmo</span> <span class='ocrx_word' id='word_1_88' title='bbox 1279 700 1480 738; x_wconf 75' lang='lat' dir='ltr'>arrideant</span> <span class='ocrx_word' id='word_1_89' title='bbox 1507 711 1604 746; x_wconf 76' lang='lat' dir='ltr'>qaae</span> <span class='ocrx_word' id='word_1_90' title='bbox 1633 700 1766 738; x_wconf 70' lang='lat' dir='ltr'>scribis</span> <span class='ocrx_word' id='word_1_91' title='bbox 1779 711 1797 744; x_wconf 81' lang='lat'>,·</span> <span class='ocrx_word' id='word_1_92' title='bbox 1833 699 1900 737; x_wconf 79' lang='lat' dir='ltr'>sed</span> 
     </span>
     <span class='ocr_line' id='line_1_15' title="bbox 304 754 1854 802; baseline -0.001 -11"><span class='ocrx_word' id='word_1_93' title='bbox 304 765 399 792; x_wconf 66' lang='lat' dir='ltr'>caue</span> <span class='ocrx_word' id='word_1_94' title='bbox 410 756 527 801; x_wconf 75' lang='lat' dir='ltr'>pates</span> <span class='ocrx_word' id='word_1_95' title='bbox 545 755 678 792; x_wconf 73' lang='lat' dir='ltr'>itidem</span> <span class='ocrx_word' id='word_1_96' title='bbox 698 756 874 792; x_wconf 71' lang='lat' dir='ltr'>omnibus</span> <span class='ocrx_word' id='word_1_97' title='bbox 892 755 1084 800; x_wconf 74' lang='lat' dir='ltr'>arrisum,</span> <span class='ocrx_word' id='word_1_98' title='bbox 1108 765 1227 802; x_wconf 74' lang='lat' dir='ltr'>qaam</span> <span class='ocrx_word' id='word_1_99' title='bbox 1246 754 1373 792; x_wconf 80' lang='lat' dir='ltr'>clarae</span> <span class='ocrx_word' id='word_1_100' title='bbox 1393 755 1470 792; x_wconf 76' lang='lat' dir='ltr'>laci</span> <span class='ocrx_word' id='word_1_101' title='bbox 1488 765 1567 792; x_wconf 82' lang='lat' dir='ltr'>sese</span> <span class='ocrx_word' id='word_1_102' title='bbox 1587 755 1854 792; x_wconf 74' lang='lat' dir='ltr'>commiserint.</span> 
     </span>
    </p>

    <p class='ocr_par' dir='ltr' id='par_1_9' title="bbox 359 807 1897 857">
     <span class='ocr_line' id='line_1_16' title="bbox 359 807 1897 857; baseline 0 -12"><span class='ocrx_word' id='word_1_103' title='bbox 359 807 462 846; x_wconf 85' lang='lat' dir='ltr'>EDo.</span> <span class='ocrx_word' id='word_1_104' title='bbox 494 807 601 846; x_wconf 90' lang='lat' dir='ltr'>Mihi</span> <span class='ocrx_word' id='word_1_105' title='bbox 616 808 750 845; x_wconf 88' lang='lat' dir='ltr'>fausta</span> <span class='ocrx_word' id='word_1_106' title='bbox 769 808 848 846; x_wconf 88' lang='lat' dir='ltr'>erit</span> <span class='ocrx_word' id='word_1_107' title='bbox 866 808 954 846; x_wconf 87' lang='lat' dir='ltr'>alea</span> <span class='ocrx_word' id='word_1_108' title='bbox 972 808 1008 846; x_wconf 91' lang='lat' dir='ltr'>si</span> <span class='ocrx_word' id='word_1_109' title='bbox 1023 809 1193 857; x_wconf 87' lang='lat' dir='ltr'>posthac</span> <span class='ocrx_word' id='word_1_110' title='bbox 1208 808 1472 847; x_wconf 87' lang='lat' dir='ltr'>arridebunt:</span> <span class='ocrx_word' id='word_1_111' title='bbox 1501 807 1743 846; x_wconf 89' lang='lat' dir='ltr'>arridebunt</span> <span class='ocrx_word' id='word_1_112' title='bbox 1759 810 1897 845; x_wconf 89' lang='lat' dir='ltr'>autem</span> 
     </span>
    </p>

    <p class='ocr_par' dir='ltr' id='par_1_10' title="bbox 304 861 1901 1182">
     <span class='ocr_line' id='line_1_17' title="bbox 304 861 1899 901; baseline -0.001 -1"><span class='ocrx_word' id='word_1_113' title='bbox 304 861 341 900; x_wconf 87' lang='lat' dir='ltr'>si</span> <span class='ocrx_word' id='word_1_114' title='bbox 379 862 510 900; x_wconf 82' lang='lat' dir='ltr'>doctis</span> <span class='ocrx_word' id='word_1_115' title='bbox 546 862 768 901; x_wconf 83' lang='lat' dir='ltr'>arriserint.</span> <span class='ocrx_word' id='word_1_116' title='bbox 828 863 979 900; x_wconf 88' lang='lat' dir='ltr'>Adhuc</span> <span class='ocrx_word' id='word_1_117' title='bbox 1018 864 1126 900; x_wconf 90' lang='lat' dir='ltr'>certe</span> <span class='ocrx_word' id='word_1_118' title='bbox 1164 876 1249 900; x_wconf 91' lang='lat' dir='ltr'>non</span> <span class='ocrx_word' id='word_1_119' title='bbox 1287 862 1480 900; x_wconf 80' lang='lat' dir='ltr'>arrident.</span> <span class='ocrx_word' id='word_1_120' title='bbox 1547 862 1733 900; x_wconf 82' lang='lat' dir='ltr'>Stultum</span> <span class='ocrx_word' id='word_1_121' title='bbox 1771 861 1899 899; x_wconf 83' lang='lat' dir='ltr'>fuerit</span> 
     </span>
     <span class='ocr_line' id='line_1_18' title="bbox 304 916 1315 966; baseline 0.002 -13"><span class='ocrx_word' id='word_1_122' title='bbox 304 916 584 966; x_wconf 86' lang='lat' dir='ltr'>praeiudicare</span> <span class='ocrx_word' id='word_1_123' title='bbox 604 917 681 954; x_wconf 90' lang='lat' dir='ltr'>tibi</span> <span class='ocrx_word' id='word_1_124' title='bbox 702 917 963 964; x_wconf 80' lang='lat' dir='ltr'>sententiam,</span> <span class='ocrx_word' id='word_1_125' title='bbox 985 917 1022 955; x_wconf 92' lang='lat' dir='ltr'>si</span> <span class='ocrx_word' id='word_1_126' title='bbox 1042 916 1131 955; x_wconf 88' lang='lat' dir='ltr'>orbi</span> <span class='ocrx_word' id='word_1_127' title='bbox 1151 917 1315 955; x_wconf 84' lang='lat' dir='ltr'>scribaS.</span> 
     </span>
     <span class='ocr_line' id='line_1_19' title="bbox 306 971 1899 1020; baseline 0 -13"><span class='ocrx_word' id='word_1_128' title='bbox 306 992 308 994; x_wconf 37' lang='lat' dir='ltr'>v</span> <span class='ocrx_word' id='word_1_129' title='bbox 359 971 484 1008; x_wconf 81' lang='lat' dir='ltr'>ERAs.</span> <span class='ocrx_word' id='word_1_130' title='bbox 520 971 630 1020; x_wconf 70' lang='lat' dir='ltr'>Quod</span> <span class='ocrx_word' id='word_1_131' title='bbox 658 972 813 1010; x_wconf 71' lang='lat' dir='ltr'>iuuenis</span> <span class='ocrx_word' id='word_1_132' title='bbox 837 972 983 1019; x_wconf 58' lang='lat' dir='ltr'>gloriae</span> <span class='ocrx_word' id='word_1_133' title='bbox 1002 972 1115 1019; x_wconf 82' lang='lat' dir='ltr'>fame</span> <span class='ocrx_word' id='word_1_134' title='bbox 1141 972 1370 1019; x_wconf 71' lang='lat' dir='ltr'>stimularis,</span> <span class='ocrx_word' id='word_1_135' title='bbox 1395 971 1666 1020; x_wconf 50' lang='lat' dir='ltr'>&amp;noscendum</span> <span class='ocrx_word' id='word_1_136' title='bbox 1694 971 1899 1015; x_wconf 76' lang='lat' dir='ltr'>arbitror,-</span> 
     </span>
     <span class='ocr_line' id='line_1_20' title="bbox 305 1026 1901 1074; baseline -0.001 -11"><span class='ocrx_word' id='word_1_137' title='bbox 305 1027 349 1063; x_wconf 67' lang='grc' dir='ltr'>αὐ</span> <span class='ocrx_word' id='word_1_138' title='bbox 377 1026 476 1072; x_wconf 73' lang='lat' dir='ltr'>quod</span> <span class='ocrx_word' id='word_1_139' title='bbox 504 1026 581 1064; x_wconf 63' lang='lat' dir='ltr'>ista</span> <span class='ocrx_word' id='word_1_140' title='bbox 609 1027 672 1064; x_wconf 79' lang='lat' dir='ltr'>via</span> <span class='ocrx_word' id='word_1_141' title='bbox 698 1027 897 1074; x_wconf 62' lang='lat' dir='ltr'>massaris</span> <span class='ocrx_word' id='word_1_142' title='bbox 923 1027 976 1063; x_wconf 74' lang='lat' dir='ltr'>acl</span> <span class='ocrx_word' id='word_1_143' title='bbox 997 1026 1174 1074; x_wconf 72' lang='lat' dir='ltr'>ylorz&#39;am,</span> <span class='ocrx_word' id='word_1_144' title='bbox 1199 1027 1267 1074; x_wconf 75' lang='lat' dir='ltr'>qai</span> <span class='ocrx_word' id='word_1_145' title='bbox 1292 1037 1370 1064; x_wconf 67' lang='lat' dir='ltr'>reon</span> <span class='ocrx_word' id='word_1_146' title='bbox 1393 1026 1519 1065; x_wconf 79' lang='lat' dir='ltr'>solum</span> <span class='ocrx_word' id='word_1_147' title='bbox 1548 1026 1739 1073; x_wconf 67' lang='lat' dir='ltr'>tlzeoloyus</span> <span class='ocrx_word' id='word_1_148' title='bbox 1767 1035 1812 1063; x_wconf 81' lang='lat' dir='ltr'>ae</span> <span class='ocrx_word' id='word_1_149' title='bbox 1839 1026 1901 1062; x_wconf 71' lang='lat' dir='ltr'>vir</span> 
     </span>
     <span class='ocr_line' id='line_1_21' title="bbox 305 1080 1894 1128; baseline 0.001 -11"><span class='ocrx_word' id='word_1_150' title='bbox 305 1080 425 1118; x_wconf 71' lang='lat' dir='ltr'>bonas</span> <span class='ocrx_word' id='word_1_151' title='bbox 450 1092 582 1117; x_wconf 72' lang='lat' dir='ltr'>veram</span> <span class='ocrx_word' id='word_1_152' title='bbox 603 1082 719 1118; x_wconf 65' lang='lat' dir='ltr'>etiam</span> <span class='ocrx_word' id='word_1_153' title='bbox 744 1081 947 1119; x_wconf 67' lang='lat' dir='ltr'>sawetalas</span> <span class='ocrx_word' id='word_1_154' title='bbox 965 1081 1095 1119; x_wconf 77' lang='lat' dir='ltr'>haberi</span> <span class='ocrx_word' id='word_1_155' title='bbox 1113 1082 1179 1127; x_wconf 73' lang='lat' dir='ltr'>vis,</span> <span class='ocrx_word' id='word_1_156' title='bbox 1198 1080 1309 1118; x_wconf 75' lang='lat' dir='ltr'>nulla</span> <span class='ocrx_word' id='word_1_157' title='bbox 1328 1092 1408 1119; x_wconf 67' lang='lat' dir='ltr'>ozon</span> <span class='ocrx_word' id='word_1_158' title='bbox 1430 1080 1658 1128; x_wconf 76' lang='lat' dir='ltr'>improbabit</span> <span class='ocrx_word' id='word_1_159' title='bbox 1673 1080 1894 1126; x_wconf 69' lang='lat' dir='ltr'>posteritas,</span> 
     </span>
     <span class='ocr_line' id='line_1_22' title="bbox 306 1133 1394 1182; baseline 0 -10"><span class='ocrx_word' id='word_1_160' title='bbox 306 1133 422 1172; x_wconf 79' lang='lat' dir='ltr'>etiam</span> <span class='ocrx_word' id='word_1_161' title='bbox 442 1135 477 1171; x_wconf 76' lang='lat' dir='ltr'>si-</span> <span class='ocrx_word' id='word_1_162' title='bbox 496 1145 574 1171; x_wconf 75' lang='lat' dir='ltr'>ozon</span> <span class='ocrx_word' id='word_1_163' title='bbox 593 1135 732 1172; x_wconf 63' lang='lat' dir='ltr'>clesma</span> <span class='ocrx_word' id='word_1_164' title='bbox 744 1134 913 1181; x_wconf 78' lang='lat' dir='ltr'>fortasse</span> <span class='ocrx_word' id='word_1_165' title='bbox 934 1136 999 1182; x_wconf 77' lang='lat' dir='ltr'>qai</span> <span class='ocrx_word' id='word_1_166' title='bbox 1018 1146 1122 1172; x_wconf 73' lang='lat' dir='ltr'>mmo</span> <span class='ocrx_word' id='word_1_167' title='bbox 1142 1135 1394 1182; x_wconf 70' lang='lat' dir='ltr'>applaudant.</span> 
     </span>
    </p>

    <p class='ocr_par' dir='ltr' id='par_1_11' title="bbox 305 1187 1901 1727">
     <span class='ocr_line' id='line_1_23' title="bbox 359 1187 1901 1238; baseline 0.001 -13"><span class='ocrx_word' id='word_1_168' title='bbox 359 1188 460 1226; x_wconf 76' lang='lat' dir='ltr'>EDo.</span> <span class='ocrx_word' id='word_1_169' title='bbox 496 1188 658 1226; x_wconf 84' lang='lat' dir='ltr'>Gloriae</span> <span class='ocrx_word' id='word_1_170' title='bbox 685 1189 853 1238; x_wconf 88' lang='lat' dir='ltr'>quidem</span> <span class='ocrx_word' id='word_1_171' title='bbox 880 1189 988 1227; x_wconf 88' lang='lat' dir='ltr'>fame</span> <span class='ocrx_word' id='word_1_172' title='bbox 1014 1202 1137 1238; x_wconf 87' lang='lat' dir='ltr'>quam</span> <span class='ocrx_word' id='word_1_173' title='bbox 1165 1202 1249 1226; x_wconf 93' lang='grc'>11011</span> <span class='ocrx_word' id='word_1_174' title='bbox 1275 1188 1477 1235; x_wconf 88' lang='lat' dir='ltr'>stimulor,</span> <span class='ocrx_word' id='word_1_175' title='bbox 1502 1187 1700 1226; x_wconf 84' lang='lat' dir='ltr'>Erasmus</span> <span class='ocrx_word' id='word_1_176' title='bbox 1725 1187 1901 1226; x_wconf 86' lang='lat' dir='ltr'>idoneus</span> 
     </span>
     <span class='ocr_line' id='line_1_24' title="bbox 305 1242 1898 1292; baseline 0 -12"><span class='ocrx_word' id='word_1_177' title='bbox 305 1242 424 1280; x_wconf 87' lang='lat' dir='ltr'>testis</span> <span class='ocrx_word' id='word_1_178' title='bbox 449 1244 524 1286; x_wconf 73' lang='lat' dir='ltr'>est,</span> <span class='ocrx_word' id='word_1_179' title='bbox 546 1242 616 1292; x_wconf 91' lang='lat' dir='ltr'>qui</span> <span class='ocrx_word' id='word_1_180' title='bbox 643 1243 814 1292; x_wconf 84' lang='lat' dir='ltr'>gloriam</span> <span class='ocrx_word' id='word_1_181' title='bbox 847 1243 952 1280; x_wconf 89' lang='lat' dir='ltr'>mihi</span> <span class='ocrx_word' id='word_1_182' title='bbox 981 1242 1262 1281; x_wconf 86' lang='lat' dir='ltr'>immortalem</span> <span class='ocrx_word' id='word_1_183' title='bbox 1292 1256 1375 1281; x_wconf 87' lang='lat' dir='ltr'>non</span> <span class='ocrx_word' id='word_1_184' title='bbox 1402 1244 1569 1291; x_wconf 76' lang='lat' dir='ltr'>rogatus</span> <span class='ocrx_word' id='word_1_185' title='bbox 1594 1242 1800 1289; x_wconf 87' lang='lat' dir='ltr'>obtulerit,</span> <span class='ocrx_word' id='word_1_186' title='bbox 1824 1255 1898 1280; x_wconf 88' lang='lat' dir='ltr'>nec</span> 
     </span>
     <span class='ocr_line' id='line_1_25' title="bbox 305 1296 1898 1347; baseline 0.001 -13"><span class='ocrx_word' id='word_1_187' title='bbox 305 1297 542 1346; x_wconf 88' lang='lat' dir='ltr'>acceperim,</span> <span class='ocrx_word' id='word_1_188' title='bbox 565 1298 651 1335; x_wconf 90' lang='lat' dir='ltr'>imo</span> <span class='ocrx_word' id='word_1_189' title='bbox 672 1310 724 1335; x_wconf 88' lang='lat' dir='ltr'>ne</span> <span class='ocrx_word' id='word_1_190' title='bbox 746 1298 896 1347; x_wconf 85' lang='lat' dir='ltr'>gratias</span> <span class='ocrx_word' id='word_1_191' title='bbox 923 1297 1093 1347; x_wconf 88' lang='lat' dir='ltr'>quidem</span> <span class='ocrx_word' id='word_1_192' title='bbox 1119 1299 1285 1347; x_wconf 78' lang='lat' dir='ltr'>egerim.</span> <span class='ocrx_word' id='word_1_193' title='bbox 1346 1296 1518 1336; x_wconf 87' lang='lat' dir='ltr'>Vtinam</span> <span class='ocrx_word' id='word_1_194' title='bbox 1544 1296 1623 1334; x_wconf 89' lang='lat' dir='ltr'>sim</span> <span class='ocrx_word' id='word_1_195' title='bbox 1648 1296 1714 1334; x_wconf 90' lang='lat' dir='ltr'>vir</span> <span class='ocrx_word' id='word_1_196' title='bbox 1739 1297 1898 1335; x_wconf 75' lang='lat' dir='ltr'>bonus!</span> 
     </span>
     <span class='ocr_line' id='line_1_26' title="bbox 305 1350 1901 1400; baseline 0.001 -12"><span class='ocrx_word' id='word_1_197' title='bbox 305 1351 551 1389; x_wconf 84' lang='lat' dir='ltr'>Sanctulum</span> <span class='ocrx_word' id='word_1_198' title='bbox 573 1352 710 1389; x_wconf 91' lang='lat' dir='ltr'>nescio</span> <span class='ocrx_word' id='word_1_199' title='bbox 729 1364 801 1389; x_wconf 87' lang='lat' dir='ltr'>cur</span> <span class='ocrx_word' id='word_1_200' title='bbox 820 1351 943 1397; x_wconf 86' lang='lat' dir='ltr'>dicas,</span> <span class='ocrx_word' id='word_1_201' title='bbox 967 1351 1048 1390; x_wconf 89' lang='lat' dir='ltr'>nisi</span> <span class='ocrx_word' id='word_1_202' title='bbox 1069 1352 1109 1390; x_wconf 84' lang='lat' dir='ltr'>id</span> <span class='ocrx_word' id='word_1_203' title='bbox 1136 1355 1177 1389; x_wconf 90' lang='lat' dir='ltr'>te</span> <span class='ocrx_word' id='word_1_204' title='bbox 1196 1352 1300 1390; x_wconf 85' lang='lat' dir='ltr'>forte</span> <span class='ocrx_word' id='word_1_205' title='bbox 1323 1351 1430 1389; x_wconf 90' lang='lat' dir='ltr'>male</span> <span class='ocrx_word' id='word_1_206' title='bbox 1456 1351 1606 1389; x_wconf 86' lang='lat' dir='ltr'>habeat</span> <span class='ocrx_word' id='word_1_207' title='bbox 1632 1350 1740 1400; x_wconf 91' lang='lat' dir='ltr'>quod</span> <span class='ocrx_word' id='word_1_208' title='bbox 1769 1350 1901 1389; x_wconf 84' lang='lat' dir='ltr'>officia</span> 
     </span>
     <span class='ocr_line' id='line_1_27' title="bbox 305 1405 1899 1456; baseline 0 -14"><span class='ocrx_word' id='word_1_209' title='bbox 305 1418 407 1454; x_wconf 89' lang='lat' dir='ltr'>quae</span> <span class='ocrx_word' id='word_1_210' title='bbox 439 1407 588 1443; x_wconf 86' lang='lat' dir='ltr'>vocant</span> <span class='ocrx_word' id='word_1_211' title='bbox 620 1406 794 1453; x_wconf 86' lang='lat' dir='ltr'>horaria,</span> <span class='ocrx_word' id='word_1_212' title='bbox 826 1406 975 1444; x_wconf 84' lang='lat' dir='ltr'>cotidie</span> <span class='ocrx_word' id='word_1_213' title='bbox 1002 1406 1215 1456; x_wconf 89' lang='lat' dir='ltr'>persoluo:</span> <span class='ocrx_word' id='word_1_214' title='bbox 1251 1406 1458 1456; x_wconf 87' lang='lat' dir='ltr'>reliquum</span> <span class='ocrx_word' id='word_1_215' title='bbox 1487 1406 1617 1443; x_wconf 88' lang='lat' dir='ltr'>ferme</span> <span class='ocrx_word' id='word_1_216' title='bbox 1646 1405 1756 1442; x_wconf 86' lang='lat' dir='ltr'>diem</span> <span class='ocrx_word' id='word_1_217' title='bbox 1785 1405 1899 1442; x_wconf 90' lang='lat' dir='ltr'>domi</span> 
     </span>
     <span class='ocr_line' id='line_1_28' title="bbox 306 1459 1899 1510; baseline 0 -14"><span class='ocrx_word' id='word_1_218' title='bbox 306 1459 411 1497; x_wconf 88' lang='lat' dir='ltr'>mihi</span> <span class='ocrx_word' id='word_1_219' title='bbox 449 1460 548 1498; x_wconf 88' lang='lat' dir='ltr'>viuo</span> <span class='ocrx_word' id='word_1_220' title='bbox 585 1461 625 1497; x_wconf 89' lang='lat' dir='ltr'>et</span> <span class='ocrx_word' id='word_1_221' title='bbox 664 1460 807 1498; x_wconf 88' lang='lat' dir='ltr'>literis.</span> <span class='ocrx_word' id='word_1_222' title='bbox 867 1460 993 1498; x_wconf 89' lang='lat' dir='ltr'>Nulla</span> <span class='ocrx_word' id='word_1_223' title='bbox 1029 1460 1177 1510; x_wconf 89' lang='lat' dir='ltr'>prebeo</span> <span class='ocrx_word' id='word_1_224' title='bbox 1210 1460 1318 1498; x_wconf 83' lang='lat' dir='ltr'>foras</span> <span class='ocrx_word' id='word_1_225' title='bbox 1351 1459 1503 1498; x_wconf 88' lang='lat' dir='ltr'>indicia</span> <span class='ocrx_word' id='word_1_226' title='bbox 1539 1459 1785 1507; x_wconf 65' lang='lat' dir='ltr'>sanctitatis,</span> <span class='ocrx_word' id='word_1_227' title='bbox 1823 1472 1899 1497; x_wconf 89' lang='lat' dir='ltr'>nec</span> 
     </span>
     <span class='ocr_line' id='line_1_29' title="bbox 305 1513 1900 1564; baseline 0.001 -13"><span class='ocrx_word' id='word_1_228' title='bbox 305 1513 439 1552; x_wconf 88' lang='lat' dir='ltr'>sancti</span> <span class='ocrx_word' id='word_1_229' title='bbox 460 1527 612 1552; x_wconf 91' lang='lat' dir='ltr'>nomen</span> <span class='ocrx_word' id='word_1_230' title='bbox 633 1528 815 1564; x_wconf 86' lang='lat' dir='ltr'>vnquam</span> <span class='ocrx_word' id='word_1_231' title='bbox 836 1514 1007 1552; x_wconf 86' lang='lat' dir='ltr'>ambiui.</span> <span class='ocrx_word' id='word_1_232' title='bbox 1066 1514 1171 1552; x_wconf 89' lang='lat' dir='ltr'>Mihi</span> <span class='ocrx_word' id='word_1_233' title='bbox 1198 1528 1296 1553; x_wconf 87' lang='lat' dir='ltr'>sane</span> <span class='ocrx_word' id='word_1_234' title='bbox 1320 1516 1420 1553; x_wconf 87' lang='lat' dir='ltr'>satis</span> <span class='ocrx_word' id='word_1_235' title='bbox 1446 1515 1502 1552; x_wconf 85' lang='lat' dir='ltr'>sit</span> <span class='ocrx_word' id='word_1_236' title='bbox 1530 1514 1659 1552; x_wconf 89' lang='lat' dir='ltr'>donec</span> <span class='ocrx_word' id='word_1_237' title='bbox 1685 1514 1838 1560; x_wconf 77' lang='lat' dir='ltr'>vinam,</span> <span class='ocrx_word' id='word_1_238' title='bbox 1861 1515 1900 1552; x_wconf 90' lang='lat' dir='ltr'>si</span> 
     </span>
     <span class='ocr_line' id='line_1_30' title="bbox 305 1568 1900 1618; baseline -0.001 -11"><span class='ocrx_word' id='word_1_239' title='bbox 305 1568 567 1607; x_wconf 85' lang='lat' dir='ltr'>Christianus</span> <span class='ocrx_word' id='word_1_240' title='bbox 587 1569 677 1606; x_wconf 89' lang='lat' dir='ltr'>sim.</span> <span class='ocrx_word' id='word_1_241' title='bbox 736 1571 875 1618; x_wconf 88' lang='lat' dir='ltr'>Atque</span> <span class='ocrx_word' id='word_1_242' title='bbox 895 1570 1057 1607; x_wconf 84' lang='lat' dir='ltr'>vtinam</span> <span class='ocrx_word' id='word_1_243' title='bbox 1077 1571 1185 1607; x_wconf 88' lang='lat' dir='ltr'>certe</span> <span class='ocrx_word' id='word_1_244' title='bbox 1206 1570 1285 1607; x_wconf 88' lang='lat' dir='ltr'>sim</span> <span class='ocrx_word' id='word_1_245' title='bbox 1303 1571 1311 1607; x_wconf 83' lang='lat'>!</span> <span class='ocrx_word' id='word_1_246' title='bbox 1359 1569 1468 1606; x_wconf 81' lang='lat' dir='ltr'>Nam</span> <span class='ocrx_word' id='word_1_247' title='bbox 1488 1568 1621 1606; x_wconf 81' lang='lat' dir='ltr'>multa</span> <span class='ocrx_word' id='word_1_248' title='bbox 1642 1581 1744 1617; x_wconf 83' lang='lat' dir='ltr'>quae</span> <span class='ocrx_word' id='word_1_249' title='bbox 1765 1568 1811 1605; x_wconf 90' lang='lat' dir='ltr'>in</span> <span class='ocrx_word' id='word_1_250' title='bbox 1832 1581 1900 1605; x_wconf 88' lang='lat' dir='ltr'>me</span> 
     </span>
     <span class='ocr_line' id='line_1_31' title="bbox 305 1622 1900 1672; baseline 0.001 -13"><span class='ocrx_word' id='word_1_251' title='bbox 305 1635 391 1660; x_wconf 88' lang='lat' dir='ltr'>non</span> <span class='ocrx_word' id='word_1_252' title='bbox 411 1635 596 1671; x_wconf 86' lang='lat' dir='ltr'>agnosco,</span> <span class='ocrx_word' id='word_1_253' title='bbox 622 1622 911 1672; x_wconf 87' lang='lat' dir='ltr'>complectitur</span> <span class='ocrx_word' id='word_1_254' title='bbox 937 1623 1026 1662; x_wconf 85' lang='lat' dir='ltr'>veri</span> <span class='ocrx_word' id='word_1_255' title='bbox 1052 1624 1279 1662; x_wconf 80' lang='lat' dir='ltr'>Christiani</span> <span class='ocrx_word' id='word_1_256' title='bbox 1307 1636 1472 1661; x_wconf 87' lang='lat' dir='ltr'>nomen.</span> <span class='ocrx_word' id='word_1_257' title='bbox 1534 1623 1587 1660; x_wconf 87' lang='lat' dir='ltr'>Et</span> <span class='ocrx_word' id='word_1_258' title='bbox 1614 1625 1756 1661; x_wconf 86' lang='lat' dir='ltr'>tamen</span> <span class='ocrx_word' id='word_1_259' title='bbox 1783 1635 1900 1661; x_wconf 84' lang='lat' dir='ltr'>cona-</span> 
     </span>
     <span class='ocr_line' id='line_1_32' title="bbox 305 1676 1443 1727; baseline 0.002 -14"><span class='ocrx_word' id='word_1_260' title='bbox 305 1676 445 1714; x_wconf 87' lang='lat' dir='ltr'>bimur</span> <span class='ocrx_word' id='word_1_261' title='bbox 464 1690 552 1715; x_wconf 91' lang='lat' dir='ltr'>esse</span> <span class='ocrx_word' id='word_1_262' title='bbox 570 1677 794 1727; x_wconf 89' lang='lat' dir='ltr'>aliquando</span> <span class='ocrx_word' id='word_1_263' title='bbox 815 1678 923 1727; x_wconf 84' lang='lat' dir='ltr'>quod</span> <span class='ocrx_word' id='word_1_264' title='bbox 943 1691 1107 1727; x_wconf 85' lang='lat' dir='ltr'>semper</span> <span class='ocrx_word' id='word_1_265' title='bbox 1126 1690 1215 1716; x_wconf 88' lang='lat' dir='ltr'>esse</span> <span class='ocrx_word' id='word_1_266' title='bbox 1235 1677 1443 1715; x_wconf 80' lang='lat' dir='ltr'>debemus.</span> 
     </span>
    </p>

    <p class='ocr_par' dir='ltr' id='par_1_12' title="bbox 305 1729 1913 1825">
     <span class='ocr_line' id='line_1_33' title="bbox 357 1729 1913 1780; baseline 0.001 -12"><span class='ocrx_word' id='word_1_267' title='bbox 357 1731 483 1769; x_wconf 65' lang='grc' dir='ltr'><strong>ΕΒΔΞ.</strong></span> <span class='ocrx_word' id='word_1_268' title='bbox 527 1731 658 1779; x_wconf 73' lang='lat' dir='ltr'>Atque</span> <span class='ocrx_word' id='word_1_269' title='bbox 695 1734 796 1770; x_wconf 71' lang='lat' dir='ltr'>hanc</span> <span class='ocrx_word' id='word_1_270' title='bbox 823 1733 1009 1779; x_wconf 79' lang='lat' dir='ltr'>fabulam</span> <span class='ocrx_word' id='word_1_271' title='bbox 1041 1734 1120 1771; x_wconf 70' lang='lat' dir='ltr'>iam</span> <span class='ocrx_word' id='word_1_272' title='bbox 1146 1734 1276 1780; x_wconf 79' lang='lat' dir='ltr'>ferme</span> <span class='ocrx_word' id='word_1_273' title='bbox 1309 1733 1508 1770; x_wconf 71' lang='lat' dir='ltr'>biennium</span> <span class='ocrx_word' id='word_1_274' title='bbox 1540 1729 1653 1780; x_wconf 57' lang='lat'>“9²73’‘</span> <span class='ocrx_word' id='word_1_275' title='bbox 1695 1734 1809 1778; x_wconf 70' lang='lat' dir='ltr'>atque</span> <span class='ocrx_word' id='word_1_276' title='bbox 1842 1732 1913 1769; x_wconf 69' lang='lat' dir='ltr'>aa·</span> 
     </span>
     <span class='ocr_line' id='line_1_34' title="bbox 305 1785 1285 1825; baseline 0 -2"><span class='ocrx_word' id='word_1_277' title='bbox 305 1785 487 1823; x_wconf 71' lang='lat' dir='ltr'>dulcescit</span> <span class='ocrx_word' id='word_1_278' title='bbox 507 1787 605 1823; x_wconf 68' lang='lat' dir='ltr'>actio</span> <span class='ocrx_word' id='word_1_279' title='bbox 628 1789 662 1824; x_wconf 80' lang='lat' dir='ltr'>vt</span> <span class='ocrx_word' id='word_1_280' title='bbox 682 1788 801 1824; x_wconf 75' lang='lat' dir='ltr'>etiam</span> <span class='ocrx_word' id='word_1_281' title='bbox 823 1788 1091 1825; x_wconf 72' lang='lat' dir='ltr'>immorituras</span> <span class='ocrx_word' id='word_1_282' title='bbox 1109 1788 1285 1825; x_wconf 75' lang='lat' dir='ltr'>videaris.</span> 
     </span>
    </p>

    <p class='ocr_par' dir='ltr' id='par_1_13' title="bbox 304 1839 1901 2704">
     <span class='ocr_line' id='line_1_35' title="bbox 357 1839 1900 1890; baseline 0.001 -13"><span class='ocrx_word' id='word_1_283' title='bbox 357 1840 460 1877; x_wconf 79' lang='lat' dir='ltr'>Eoo.</span> <span class='ocrx_word' id='word_1_284' title='bbox 494 1839 603 1887; x_wconf 76' lang='lat' dir='ltr'>Quin</span> <span class='ocrx_word' id='word_1_285' title='bbox 621 1853 718 1878; x_wconf 88' lang='lat' dir='ltr'>vero</span> <span class='ocrx_word' id='word_1_286' title='bbox 734 1841 934 1879; x_wconf 81' lang='lat' dir='ltr'>Erasmus</span> <span class='ocrx_word' id='word_1_287' title='bbox 952 1841 1036 1890; x_wconf 83' lang='lat' dir='ltr'>egit</span> <span class='ocrx_word' id='word_1_288' title='bbox 1052 1856 1061 1879; x_wconf 91' lang='lat'>:</span> <span class='ocrx_word' id='word_1_289' title='bbox 1089 1854 1186 1878; x_wconf 84' lang='lat' dir='ltr'>nam</span> <span class='ocrx_word' id='word_1_290' title='bbox 1203 1841 1335 1879; x_wconf 92' lang='lat' dir='ltr'>Leeus</span> <span class='ocrx_word' id='word_1_291' title='bbox 1350 1853 1564 1890; x_wconf 86' lang='lat' dir='ltr'>nunquam</span> <span class='ocrx_word' id='word_1_292' title='bbox 1578 1841 1662 1889; x_wconf 79' lang='lat' dir='ltr'>egit</span> <span class='ocrx_word' id='word_1_293' title='bbox 1677 1841 1900 1890; x_wconf 84' lang='lat' dir='ltr'>quicquam</span> 
     </span>
     <span class='ocr_line' id='line_1_36' title="bbox 307 1893 1899 1944; baseline 0.001 -14"><span class='ocrx_word' id='word_1_294' title='bbox 307 1893 389 1931; x_wconf 88' lang='lat' dir='ltr'>uisi</span> <span class='ocrx_word' id='word_1_295' title='bbox 410 1898 657 1943; x_wconf 83' lang='lat' dir='ltr'>prouocatus</span> <span class='ocrx_word' id='word_1_296' title='bbox 676 1895 727 1932; x_wconf 87' lang='lat' dir='ltr'>ab</span> <span class='ocrx_word' id='word_1_297' title='bbox 747 1895 931 1933; x_wconf 86' lang='lat' dir='ltr'>Erasmo.</span> <span class='ocrx_word' id='word_1_298' title='bbox 972 1895 1143 1933; x_wconf 89' lang='lat' dir='ltr'>Vtinam</span> <span class='ocrx_word' id='word_1_299' title='bbox 1160 1895 1344 1933; x_wconf 84' lang='lat' dir='ltr'>licuisset</span> <span class='ocrx_word' id='word_1_300' title='bbox 1362 1894 1440 1933; x_wconf 87' lang='lat' dir='ltr'>tibi</span> <span class='ocrx_word' id='word_1_301' title='bbox 1460 1895 1587 1933; x_wconf 84' lang='lat' dir='ltr'>oculis</span> <span class='ocrx_word' id='word_1_302' title='bbox 1602 1895 1645 1932; x_wconf 90' lang='lat' dir='ltr'>in</span> <span class='ocrx_word' id='word_1_303' title='bbox 1661 1894 1899 1944; x_wconf 84' lang='lat' dir='ltr'>praecordia</span> 
     </span>
     <span class='ocr_line' id='line_1_37' title="bbox 305 1949 1896 2000; baseline 0.001 -15"><span class='ocrx_word' id='word_1_304' title='bbox 305 1960 395 1985; x_wconf 79' lang='lat' dir='ltr'>mea</span> <span class='ocrx_word' id='word_1_305' title='bbox 416 1950 653 1997; x_wconf 79' lang='lat' dir='ltr'>penetrare!</span> <span class='ocrx_word' id='word_1_306' title='bbox 686 1952 730 1987; x_wconf 89' lang='lat' dir='ltr'>vt</span> <span class='ocrx_word' id='word_1_307' title='bbox 749 1949 891 1987; x_wconf 90' lang='lat' dir='ltr'>videre</span> <span class='ocrx_word' id='word_1_308' title='bbox 906 1962 1044 2000; x_wconf 83' lang='lat' dir='ltr'>posses</span> <span class='ocrx_word' id='word_1_309' title='bbox 1060 1963 1184 1999; x_wconf 88' lang='lat' dir='ltr'>quam</span> <span class='ocrx_word' id='word_1_310' title='bbox 1201 1950 1417 1999; x_wconf 85' lang='lat' dir='ltr'>grauatim,</span> <span class='ocrx_word' id='word_1_311' title='bbox 1434 1950 1593 1998; x_wconf 87' lang='lat' dir='ltr'>quoties</span> <span class='ocrx_word' id='word_1_312' title='bbox 1614 1951 1659 1986; x_wconf 92' lang='lat' dir='ltr'>tu</span> <span class='ocrx_word' id='word_1_313' title='bbox 1680 1961 1896 1998; x_wconf 84' lang='lat' dir='ltr'>pungeres,</span> 
     </span>
     <span class='ocr_line' id='line_1_38' title="bbox 305 1999 1895 2054; baseline 0.002 -15"><span class='ocrx_word' id='word_1_314' title='bbox 305 1999 616 2054; x_wconf 83' lang='lat' dir='ltr'>reli[n]querim</span> <span class='ocrx_word' id='word_1_315' title='bbox 655 2004 905 2053; x_wconf 86' lang='lat' dir='ltr'>praescripta</span> <span class='ocrx_word' id='word_1_316' title='bbox 944 2004 1083 2042; x_wconf 87' lang='lat' dir='ltr'>studia</span> <span class='ocrx_word' id='word_1_317' title='bbox 1116 2017 1217 2051; x_wconf 78' lang='lat' dir='ltr'>mea,</span> <span class='ocrx_word' id='word_1_318' title='bbox 1255 2006 1300 2042; x_wconf 89' lang='lat' dir='ltr'>vt</span> <span class='ocrx_word' id='word_1_319' title='bbox 1331 2003 1416 2042; x_wconf 90' lang='lat' dir='ltr'>tuis</span> <span class='ocrx_word' id='word_1_320' title='bbox 1451 2003 1560 2041; x_wconf 82' lang='lat' dir='ltr'>votis</span> <span class='ocrx_word' id='word_1_321' title='bbox 1593 2003 1895 2052; x_wconf 86' lang='lat' dir='ltr'>responderem.</span> 
     </span>
     <span class='ocr_line' id='line_1_39' title="bbox 306 2056 1899 2107; baseline 0.001 -14"><span class='ocrx_word' id='word_1_322' title='bbox 306 2056 443 2103; x_wconf 82' lang='lat' dir='ltr'>Quum</span> <span class='ocrx_word' id='word_1_323' title='bbox 455 2070 530 2106; x_wconf 88' lang='lat' dir='ltr'>ego</span> <span class='ocrx_word' id='word_1_324' title='bbox 544 2058 676 2095; x_wconf 85' lang='lat' dir='ltr'>altum</span> <span class='ocrx_word' id='word_1_325' title='bbox 690 2058 953 2106; x_wconf 80' lang='lat' dir='ltr'>quiescerem,</span> <span class='ocrx_word' id='word_1_326' title='bbox 967 2059 1134 2096; x_wconf 89' lang='lat' dir='ltr'>beatum</span> <span class='ocrx_word' id='word_1_327' title='bbox 1148 2072 1213 2096; x_wconf 92' lang='lat' dir='ltr'>me</span> <span class='ocrx_word' id='word_1_328' title='bbox 1227 2061 1377 2107; x_wconf 85' lang='lat' dir='ltr'>putans</span> <span class='ocrx_word' id='word_1_329' title='bbox 1390 2058 1500 2107; x_wconf 88' lang='lat' dir='ltr'>quod</span> <span class='ocrx_word' id='word_1_330' title='bbox 1514 2058 1670 2095; x_wconf 87' lang='lat' dir='ltr'>fruerer</span> <span class='ocrx_word' id='word_1_331' title='bbox 1684 2069 1775 2094; x_wconf 89' lang='grc'>11100</span> <span class='ocrx_word' id='word_1_332' title='bbox 1788 2057 1899 2095; x_wconf 83' lang='lat' dir='ltr'>dulci</span> 
     </span>
     <span class='ocr_line' id='line_1_40' title="bbox 305 2111 1901 2162; baseline 0.001 -14"><span class='ocrx_word' id='word_1_333' title='bbox 305 2111 392 2148; x_wconf 82' lang='lat' dir='ltr'>ocio</span> <span class='ocrx_word' id='word_1_334' title='bbox 419 2123 474 2158; x_wconf 85' lang='lat' dir='ltr'>ac,</span> <span class='ocrx_word' id='word_1_335' title='bbox 498 2113 544 2149; x_wconf 90' lang='lat' dir='ltr'>vt</span> <span class='ocrx_word' id='word_1_336' title='bbox 571 2111 678 2149; x_wconf 89' lang='lat' dir='ltr'>mihi</span> <span class='ocrx_word' id='word_1_337' title='bbox 704 2112 931 2159; x_wconf 88' lang='lat' dir='ltr'>videbatur,</span> <span class='ocrx_word' id='word_1_338' title='bbox 955 2126 1106 2160; x_wconf 82' lang='lat' dir='ltr'>securo,</span> <span class='ocrx_word' id='word_1_339' title='bbox 1128 2113 1172 2150; x_wconf 89' lang='lat' dir='ltr'>in</span> <span class='ocrx_word' id='word_1_340' title='bbox 1200 2126 1275 2150; x_wconf 88' lang='grc'>1100</span> <span class='ocrx_word' id='word_1_341' title='bbox 1301 2112 1552 2162; x_wconf 84' lang='lat' dir='ltr'>opinantem,</span> <span class='ocrx_word' id='word_1_342' title='bbox 1574 2111 1645 2149; x_wconf 86' lang='lat' dir='ltr'>sed</span> <span class='ocrx_word' id='word_1_343' title='bbox 1667 2124 1769 2161; x_wconf 85' lang='lat' dir='ltr'>quae</span> <span class='ocrx_word' id='word_1_344' title='bbox 1788 2112 1901 2160; x_wconf 88' lang='lat' dir='ltr'>pacis</span> 
     </span>
     <span class='ocr_line' id='line_1_41' title="bbox 305 2166 1899 2216; baseline 0.002 -14"><span class='ocrx_word' id='word_1_345' title='bbox 305 2166 404 2202; x_wconf 79' lang='lat' dir='ltr'>sunt</span> <span class='ocrx_word' id='word_1_346' title='bbox 432 2167 565 2215; x_wconf 86' lang='lat' dir='ltr'>magis</span> <span class='ocrx_word' id='word_1_347' title='bbox 591 2166 850 2215; x_wconf 85' lang='lat' dir='ltr'>cogitantem,</span> <span class='ocrx_word' id='word_1_348' title='bbox 875 2167 1142 2205; x_wconf 86' lang='lat' dir='ltr'>subitaneum</span> <span class='ocrx_word' id='word_1_349' title='bbox 1169 2180 1220 2205; x_wconf 75' lang='lat' dir='ltr'>ex</span> <span class='ocrx_word' id='word_1_350' title='bbox 1247 2169 1317 2204; x_wconf 87' lang='lat' dir='ltr'>t-ua</span> <span class='ocrx_word' id='word_1_351' title='bbox 1344 2167 1534 2216; x_wconf 85' lang='lat' dir='ltr'>pharetra</span> <span class='ocrx_word' id='word_1_352' title='bbox 1561 2166 1737 2204; x_wconf 88' lang='lat' dir='ltr'>missum</span> <span class='ocrx_word' id='word_1_353' title='bbox 1764 2166 1899 2205; x_wconf 84' lang='lat' dir='ltr'>fuerat</span> 
     </span>
     <span class='ocr_line' id='line_1_42' title="bbox 305 2219 1901 2270; baseline 0.002 -14"><span class='ocrx_word' id='word_1_354' title='bbox 305 2219 447 2267; x_wconf 84' lang='lat' dir='ltr'>telum,</span> <span class='ocrx_word' id='word_1_355' title='bbox 472 2222 512 2257; x_wconf 88' lang='lat' dir='ltr'>et</span> <span class='ocrx_word' id='word_1_356' title='bbox 538 2220 578 2257; x_wconf 90' lang='lat' dir='ltr'>id</span> <span class='ocrx_word' id='word_1_357' title='bbox 608 2221 776 2268; x_wconf 85' lang='lat' dir='ltr'>quidem</span> <span class='ocrx_word' id='word_1_358' title='bbox 802 2220 886 2258; x_wconf 86' lang='lat' dir='ltr'>iam</span> <span class='ocrx_word' id='word_1_359' title='bbox 916 2224 1088 2270; x_wconf 80' lang='lat' dir='ltr'>quater3</span> <span class='ocrx_word' id='word_1_360' title='bbox 1119 2223 1228 2270; x_wconf 90' lang='lat' dir='ltr'>quod</span> <span class='ocrx_word' id='word_1_361' title='bbox 1255 2234 1338 2258; x_wconf 88' lang='lat' dir='ltr'>non</span> <span class='ocrx_word' id='word_1_362' title='bbox 1365 2233 1430 2258; x_wconf 86' lang='lat' dir='ltr'>me</span> <span class='ocrx_word' id='word_1_363' title='bbox 1457 2220 1593 2258; x_wconf 87' lang='lat' dir='ltr'>solum</span> <span class='ocrx_word' id='word_1_364' title='bbox 1621 2221 1690 2258; x_wconf 91' lang='lat' dir='ltr'>sed</span> <span class='ocrx_word' id='word_1_365' title='bbox 1718 2222 1757 2257; x_wconf 90' lang='lat' dir='ltr'>et</span> <span class='ocrx_word' id='word_1_366' title='bbox 1785 2233 1901 2259; x_wconf 86' lang='lat' dir='ltr'>meos-</span> 
     </span>
     <span class='ocr_line' id='line_1_43' title="bbox 304 2274 1900 2324; baseline 0.002 -14"><span class='ocrx_word' id='word_1_367' title='bbox 304 2276 592 2321; x_wconf 80' lang='lat' dir='ltr'>commoueret‚</span> <span class='ocrx_word' id='word_1_368' title='bbox 626 2277 666 2312; x_wconf 85' lang='lat' dir='ltr'>et</span> <span class='ocrx_word' id='word_1_369' title='bbox 694 2275 937 2313; x_wconf 82' lang='lat' dir='ltr'>Vniuersum</span> <span class='ocrx_word' id='word_1_370' title='bbox 973 2275 1204 2313; x_wconf 88' lang='lat' dir='ltr'>tumultum</span> <span class='ocrx_word' id='word_1_371' title='bbox 1234 2278 1406 2324; x_wconf 83' lang='lat' dir='ltr'>pareret,</span> <span class='ocrx_word' id='word_1_372' title='bbox 1437 2276 1483 2312; x_wconf 90' lang='lat' dir='ltr'>vt</span> <span class='ocrx_word' id='word_1_373' title='bbox 1512 2275 1595 2312; x_wconf 91' lang='lat' dir='ltr'>iam</span> <span class='ocrx_word' id='word_1_374' title='bbox 1625 2274 1696 2311; x_wconf 89' lang='lat' dir='ltr'>diu</span> <span class='ocrx_word' id='word_1_375' title='bbox 1725 2274 1900 2313; x_wconf 83' lang='lat' dir='ltr'>Erasmo</span> 
     </span>
     <span class='ocr_line' id='line_1_44' title="bbox 305 2328 1901 2379; baseline 0 -12"><span class='ocrx_word' id='word_1_376' title='bbox 305 2340 476 2367; x_wconf 67' lang='lat' dir='ltr'>precone</span> <span class='ocrx_word' id='word_1_377' title='bbox 502 2329 645 2366; x_wconf 86' lang='lat' dir='ltr'>nullus</span> <span class='ocrx_word' id='word_1_378' title='bbox 671 2330 725 2366; x_wconf 85' lang='lat' dir='ltr'>sit</span> <span class='ocrx_word' id='word_1_379' title='bbox 751 2342 885 2367; x_wconf 89' lang='lat' dir='ltr'>sermo</span> <span class='ocrx_word' id='word_1_380' title='bbox 913 2330 1079 2368; x_wconf 87' lang='lat' dir='ltr'>habitus</span> <span class='ocrx_word' id='word_1_381' title='bbox 1103 2331 1212 2379; x_wconf 86' lang='lat' dir='ltr'>apud</span> <span class='ocrx_word' id='word_1_382' title='bbox 1240 2329 1447 2367; x_wconf 84' lang='lat' dir='ltr'>Louanios</span> <span class='ocrx_word' id='word_1_383' title='bbox 1474 2330 1513 2366; x_wconf 92' lang='lat' dir='ltr'>et</span> <span class='ocrx_word' id='word_1_384' title='bbox 1540 2329 1624 2366; x_wconf 81' lang='lat' dir='ltr'>fere</span> <span class='ocrx_word' id='word_1_385' title='bbox 1649 2328 1757 2377; x_wconf 82' lang='lat' dir='ltr'>apud</span> <span class='ocrx_word' id='word_1_386' title='bbox 1784 2341 1901 2367; x_wconf 86' lang='lat' dir='ltr'>meos</span> 
     </span>
     <span class='ocr_line' id='line_1_45' title="bbox 304 2382 1898 2432; baseline 0.002 -14"><span class='ocrx_word' id='word_1_387' title='bbox 304 2382 467 2431; x_wconf 85' lang='lat' dir='ltr'>Anglos</span> <span class='ocrx_word' id='word_1_388' title='bbox 487 2382 567 2420; x_wconf 85' lang='lat' dir='ltr'>nisi</span> <span class='ocrx_word' id='word_1_389' title='bbox 587 2383 637 2420; x_wconf 89' lang='lat' dir='ltr'>de</span> <span class='ocrx_word' id='word_1_390' title='bbox 658 2383 774 2421; x_wconf 86' lang='lat' dir='ltr'>Leeo.</span> <span class='ocrx_word' id='word_1_391' title='bbox 833 2383 1008 2422; x_wconf 87' lang='lat' dir='ltr'>Vtinam</span> <span class='ocrx_word' id='word_1_392' title='bbox 1035 2397 1118 2421; x_wconf 89' lang='lat' dir='ltr'>non</span> <span class='ocrx_word' id='word_1_393' title='bbox 1146 2383 1223 2421; x_wconf 86' lang='lat' dir='ltr'>tibi</span> <span class='ocrx_word' id='word_1_394' title='bbox 1250 2384 1410 2421; x_wconf 86' lang='lat' dir='ltr'>dulcior</span> <span class='ocrx_word' id='word_1_395' title='bbox 1436 2382 1488 2420; x_wconf 91' lang='lat' dir='ltr'>sit</span> <span class='ocrx_word' id='word_1_396' title='bbox 1516 2383 1615 2420; x_wconf 88' lang='lat' dir='ltr'>haec</span> <span class='ocrx_word' id='word_1_397' title='bbox 1642 2382 1748 2420; x_wconf 84' lang='lat' dir='ltr'>actio</span> <span class='ocrx_word' id='word_1_398' title='bbox 1774 2396 1898 2432; x_wconf 82' lang='lat' dir='ltr'>quam</span> 
     </span>
     <span class='ocr_line' id='line_1_46' title="bbox 306 2435 1899 2487; baseline 0.003 -16"><span class='ocrx_word' id='word_1_399' title='bbox 306 2435 412 2472; x_wconf 90' lang='lat' dir='ltr'>mihi</span> <span class='ocrx_word' id='word_1_400' title='bbox 432 2437 440 2473; x_wconf 72' lang='lat'>1</span> <span class='ocrx_word' id='word_1_401' title='bbox 488 2436 553 2474; x_wconf 83' lang='lat' dir='ltr'>Sic</span> <span class='ocrx_word' id='word_1_402' title='bbox 575 2450 788 2486; x_wconf 88' lang='lat' dir='ltr'>nunquam</span> <span class='ocrx_word' id='word_1_403' title='bbox 809 2451 874 2476; x_wconf 88' lang='lat' dir='ltr'>res</span> <span class='ocrx_word' id='word_1_404' title='bbox 900 2451 947 2476; x_wconf 91' lang='lat' dir='ltr'>eo</span> <span class='ocrx_word' id='word_1_405' title='bbox 968 2438 1175 2476; x_wconf 88' lang='lat' dir='ltr'>tumultus</span> <span class='ocrx_word' id='word_1_406' title='bbox 1201 2438 1473 2487; x_wconf 85' lang='lat' dir='ltr'>processisset.</span> <span class='ocrx_word' id='word_1_407' title='bbox 1533 2436 1617 2475; x_wconf 91' lang='lat' dir='ltr'>Nec</span> <span class='ocrx_word' id='word_1_408' title='bbox 1643 2449 1737 2474; x_wconf 88' lang='lat' dir='ltr'>sum</span> <span class='ocrx_word' id='word_1_409' title='bbox 1760 2437 1804 2474; x_wconf 88' lang='lat' dir='ltr'>in</span> <span class='ocrx_word' id='word_1_410' title='bbox 1824 2437 1899 2476; x_wconf 85' lang='lat' dir='ltr'>hac</span> 
     </span>
     <span class='ocr_line' id='line_1_47' title="bbox 306 2489 1897 2541; baseline 0.002 -15"><span class='ocrx_word' id='word_1_411' title='bbox 306 2489 445 2527; x_wconf 85' lang='lat' dir='ltr'>fabula</span> <span class='ocrx_word' id='word_1_412' title='bbox 478 2490 779 2530; x_wconf 88' lang='lat' dir='ltr'>immoriturus.</span> <span class='ocrx_word' id='word_1_413' title='bbox 841 2492 947 2530; x_wconf 88' lang='lat' dir='ltr'>Nam</span> <span class='ocrx_word' id='word_1_414' title='bbox 981 2495 1200 2541; x_wconf 86' lang='lat' dir='ltr'>postquam</span> <span class='ocrx_word' id='word_1_415' title='bbox 1235 2505 1344 2529; x_wconf 90' lang='lat' dir='ltr'>nunc</span> <span class='ocrx_word' id='word_1_416' title='bbox 1378 2492 1485 2530; x_wconf 83' lang='lat' dir='ltr'>votis</span> <span class='ocrx_word' id='word_1_417' title='bbox 1519 2490 1604 2528; x_wconf 92' lang='lat' dir='ltr'>tuis</span> <span class='ocrx_word' id='word_1_418' title='bbox 1638 2490 1897 2529; x_wconf 76' lang='lat' dir='ltr'>satisfactum</span> 
     </span>
     <span class='ocr_line' id='line_1_48' title="bbox 305 2544 1899 2596; baseline 0.002 -16"><span class='ocrx_word' id='word_1_419' title='bbox 305 2545 378 2591; x_wconf 80' lang='lat' dir='ltr'>est,</span> <span class='ocrx_word' id='word_1_420' title='bbox 400 2546 445 2582; x_wconf 90' lang='lat' dir='ltr'>vt</span> <span class='ocrx_word' id='word_1_421' title='bbox 472 2544 705 2593; x_wconf 81' lang='lat' dir='ltr'>ignorantia</span> <span class='ocrx_word' id='word_1_422' title='bbox 732 2548 874 2584; x_wconf 84' lang='lat' dir='ltr'>nostra</span> <span class='ocrx_word' id='word_1_423' title='bbox 900 2546 988 2584; x_wconf 89' lang='lat' dir='ltr'>orbi</span> <span class='ocrx_word' id='word_1_424' title='bbox 1015 2547 1223 2596; x_wconf 83' lang='lat' dir='ltr'>prodatur,</span> <span class='ocrx_word' id='word_1_425' title='bbox 1249 2546 1352 2583; x_wconf 82' lang='lat' dir='ltr'>forte</span> <span class='ocrx_word' id='word_1_426' title='bbox 1378 2545 1547 2595; x_wconf 88' lang='lat' dir='ltr'>posthac</span> <span class='ocrx_word' id='word_1_427' title='bbox 1577 2546 1818 2582; x_wconf 87' lang='lat' dir='ltr'>narraturus</span> <span class='ocrx_word' id='word_1_428' title='bbox 1841 2546 1899 2583; x_wconf 89' lang='lat' dir='ltr'>sis</span> 
     </span>
     <span class='ocr_line' id='line_1_49' title="bbox 306 2597 1899 2649; baseline 0.002 -15"><span class='ocrx_word' id='word_1_429' title='bbox 306 2597 490 2636; x_wconf 84' lang='lat' dir='ltr'>fabulam</span> <span class='ocrx_word' id='word_1_430' title='bbox 524 2599 661 2637; x_wconf 89' lang='lat' dir='ltr'>surdo.</span> <span class='ocrx_word' id='word_1_431' title='bbox 723 2600 766 2638; x_wconf 82' lang='lat' dir='ltr'>Si</span> <span class='ocrx_word' id='word_1_432' title='bbox 805 2613 876 2649; x_wconf 89' lang='lat' dir='ltr'>per</span> <span class='ocrx_word' id='word_1_433' title='bbox 913 2602 954 2638; x_wconf 93' lang='lat' dir='ltr'>te</span> <span class='ocrx_word' id='word_1_434' title='bbox 993 2601 1191 2648; x_wconf 86' lang='lat' dir='ltr'>licuisset,</span> <span class='ocrx_word' id='word_1_435' title='bbox 1228 2601 1309 2637; x_wconf 81' lang='lat' dir='ltr'>iam</span> <span class='ocrx_word' id='word_1_436' title='bbox 1347 2599 1504 2649; x_wconf 87' lang='lat' dir='ltr'>aliquid</span> <span class='ocrx_word' id='word_1_437' title='bbox 1538 2599 1645 2636; x_wconf 86' lang='lat' dir='ltr'>forte</span> <span class='ocrx_word' id='word_1_438' title='bbox 1684 2612 1816 2637; x_wconf 88' lang='lat' dir='ltr'>essem</span> <span class='ocrx_word' id='word_1_439' title='bbox 1855 2599 1899 2637; x_wconf 86' lang='lat' dir='ltr'>in</span> 
     </span>
     <span class='ocr_line' id='line_1_50' title="bbox 307 2651 1900 2704; baseline 0.001 -14"><span class='ocrx_word' id='word_1_440' title='bbox 307 2651 473 2690; x_wconf 83' lang='lat' dir='ltr'>Graecis</span> <span class='ocrx_word' id='word_1_441' title='bbox 501 2654 541 2690; x_wconf 87' lang='lat' dir='ltr'>et</span> <span class='ocrx_word' id='word_1_442' title='bbox 571 2653 787 2692; x_wconf 79' lang='lat' dir='ltr'>Hebraicis</span> <span class='ocrx_word' id='word_1_443' title='bbox 816 2655 960 2693; x_wconf 87' lang='lat' dir='ltr'>literis.</span> <span class='ocrx_word' id='word_1_444' title='bbox 1019 2654 1173 2692; x_wconf 79' lang='lat' dir='ltr'>Infelix</span> <span class='ocrx_word' id='word_1_445' title='bbox 1204 2667 1370 2704; x_wconf 86' lang='lat' dir='ltr'>prorsus</span> <span class='ocrx_word' id='word_1_446' title='bbox 1398 2667 1474 2703; x_wconf 88' lang='lat' dir='ltr'>ego</span> <span class='ocrx_word' id='word_1_447' title='bbox 1503 2654 1569 2691; x_wconf 85' lang='grc'>0111</span> <span class='ocrx_word' id='word_1_448' title='bbox 1600 2653 1693 2690; x_wconf 85' lang='lat' dir='ltr'>talis</span> <span class='ocrx_word' id='word_1_449' title='bbox 1728 2653 1900 2691; x_wconf 86' lang='lat' dir='ltr'>obuenit</span> 
     </span>
    </p>
   </div>
   <div class='ocr_carea' id='block_1_9' title="bbox 306 2763 1900 2892">
    <p class='ocr_par' dir='ltr' id='par_1_14' title="bbox 306 2763 1900 2892">
     <span class='ocr_line' id='line_1_51' title="bbox 350 2763 1896 2800; baseline 0.003 -9"><span class='ocrx_word' id='word_1_450' title='bbox 350 2771 423 2800; x_wconf 85' lang='lat'>277.</span> <span class='ocrx_word' id='word_1_451' title='bbox 451 2772 560 2800; x_wconf 85' lang='lat' dir='ltr'>quum</span> <span class='ocrx_word' id='word_1_452' title='bbox 580 2774 619 2793; x_wconf 81' lang='lat' dir='ltr'>a:</span> <span class='ocrx_word' id='word_1_453' title='bbox 644 2774 725 2794; x_wconf 83' lang='lat' dir='ltr'>cum</span> <span class='ocrx_word' id='word_1_454' title='bbox 742 2767 779 2794; x_wconf 89' lang='grc' dir='ltr'>Ε.</span> <span class='ocrx_word' id='word_1_455' title='bbox 989 2775 1063 2796; x_wconf 83' lang='lat' dir='ltr'>sese</span> <span class='ocrx_word' id='word_1_456' title='bbox 1080 2769 1126 2796; x_wconf 84' lang='lat' dir='ltr'>E:</span> <span class='ocrx_word' id='word_1_457' title='bbox 1151 2765 1221 2796; x_wconf 82' lang='lat' dir='ltr'>lese</span> <span class='ocrx_word' id='word_1_458' title='bbox 1238 2777 1268 2796; x_wconf 89' lang='grc' dir='ltr'>α.</span> <span class='ocrx_word' id='word_1_459' title='bbox 1477 2765 1550 2794; x_wconf 85' lang='lat'>281.</span> <span class='ocrx_word' id='word_1_460' title='bbox 1575 2763 1668 2794; x_wconf 78' lang='lat' dir='ltr'>fame</span> <span class='ocrx_word' id='word_1_461' title='bbox 1684 2766 1731 2795; x_wconf 85' lang='lat' dir='ltr'>E:</span> <span class='ocrx_word' id='word_1_462' title='bbox 1754 2763 1850 2794; x_wconf 83' lang='lat' dir='ltr'>fama</span> <span class='ocrx_word' id='word_1_463' title='bbox 1867 2776 1896 2795; x_wconf 89' lang='grc' dir='ltr'>α.</span> 
     </span>
     <span class='ocr_line' id='line_1_52' title="bbox 306 2805 1900 2848; baseline 0.003 -14"><span class='ocrx_word' id='word_1_464' title='bbox 306 2805 379 2844; x_wconf 80' lang='lat'>285.</span> <span class='ocrx_word' id='word_1_465' title='bbox 407 2805 499 2835; x_wconf 79' lang='lat' dir='ltr'>fame</span> <span class='ocrx_word' id='word_1_466' title='bbox 516 2809 645 2842; x_wconf 76' lang='lat' dir='ltr'>scripsi:</span> <span class='ocrx_word' id='word_1_467' title='bbox 672 2808 767 2838; x_wconf 79' lang='lat' dir='ltr'>fama</span> <span class='ocrx_word' id='word_1_468' title='bbox 785 2820 814 2838; x_wconf 85' lang='grc' dir='ltr'>α.</span> <span class='ocrx_word' id='word_1_469' title='bbox 950 2818 1025 2847; x_wconf 84' lang='lat'>295.</span> <span class='ocrx_word' id='word_1_470' title='bbox 1051 2811 1158 2848; x_wconf 80' lang='lat' dir='ltr'>atque</span> <span class='ocrx_word' id='word_1_471' title='bbox 1175 2809 1225 2839; x_wconf 84' lang='lat' dir='ltr'>ita</span> <span class='ocrx_word' id='word_1_472' title='bbox 1242 2820 1261 2837; x_wconf 86' lang='grc' dir='ltr'>α</span> <span class='ocrx_word' id='word_1_473' title='bbox 1278 2820 1285 2838; x_wconf 91' lang='lat'>:</span> <span class='ocrx_word' id='word_1_474' title='bbox 1309 2811 1343 2838; x_wconf 81' lang='lat' dir='ltr'>ct</span> <span class='ocrx_word' id='word_1_475' title='bbox 1361 2808 1448 2838; x_wconf 77' lang='lat' dir='ltr'>adeo</span> <span class='ocrx_word' id='word_1_476' title='bbox 1465 2810 1501 2838; x_wconf 86' lang='lat' dir='ltr'>E.</span> <span class='ocrx_word' id='word_1_477' title='bbox 1635 2808 1710 2846; x_wconf 81' lang='lat'>296.</span> <span class='ocrx_word' id='word_1_478' title='bbox 1733 2809 1772 2838; x_wconf 84' lang='lat' dir='ltr'>vt</span> <span class='ocrx_word' id='word_1_479' title='bbox 1790 2810 1900 2839; x_wconf 77' lang='lat' dir='ltr'>etiam</span> 
     </span>
     <span class='ocr_line' id='line_1_53' title="bbox 306 2850 1602 2892; baseline 0.002 -14"><span class='ocrx_word' id='word_1_480' title='bbox 306 2860 325 2877; x_wconf 87' lang='grc' dir='ltr'><em>α</em></span> <span class='ocrx_word' id='word_1_481' title='bbox 341 2859 346 2878; x_wconf 89' lang='grc'>;</span> <span class='ocrx_word' id='word_1_482' title='bbox 370 2850 410 2879; x_wconf 88' lang='lat' dir='ltr'>vt</span> <span class='ocrx_word' id='word_1_483' title='bbox 428 2851 464 2878; x_wconf 84' lang='grc' dir='ltr'>Ε.</span> <span class='ocrx_word' id='word_1_484' title='bbox 601 2860 674 2889; x_wconf 83' lang='grc'>310.</span> <span class='ocrx_word' id='word_1_485' title='bbox 703 2851 850 2890; x_wconf 78' lang='lat' dir='ltr'>posthae</span> <span class='ocrx_word' id='word_1_486' title='bbox 866 2854 977 2888; x_wconf 64' lang='lat' dir='ltr'>scripsi</span> <span class='ocrx_word' id='word_1_487' title='bbox 992 2863 997 2882; x_wconf 82' lang='lat' dir='ltr'><em>z</em></span> <span class='ocrx_word' id='word_1_488' title='bbox 1022 2853 1127 2892; x_wconf 55' lang='lat' dir='ltr'>postq</span> <span class='ocrx_word' id='word_1_489' title='bbox 1144 2853 1209 2882; x_wconf 81' lang='lat' dir='ltr'>hac</span> <span class='ocrx_word' id='word_1_490' title='bbox 1226 2864 1245 2881; x_wconf 87' lang='grc' dir='ltr'>α</span> <span class='ocrx_word' id='word_1_491' title='bbox 1260 2863 1266 2882; x_wconf 89' lang='lat'>:</span> <span class='ocrx_word' id='word_1_492' title='bbox 1292 2853 1443 2891; x_wconf 82' lang='lat' dir='ltr'>posthuc</span> <span class='ocrx_word' id='word_1_493' title='bbox 1459 2863 1478 2880; x_wconf 85' lang='grc' dir='ltr'>α</span> <span class='ocrx_word' id='word_1_494' title='bbox 1495 2854 1602 2890; x_wconf 68' lang='lat' dir='ltr'>corriq.</span> 
     </span>
    </p>
   </div>
   <div class='ocr_carea' id='block_1_10' title="bbox 307 2924 387 2927">
    <p class='ocr_par' dir='ltr' id='par_1_15' title="bbox 307 2924 387 2927">
     <span class='ocr_line' id='line_1_54' title="bbox 307 2924 387 2927; baseline 0 0"><span class='ocrx_word' id='word_1_495' title='bbox 307 2924 387 2927; x_wconf 95' lang='lat' dir='ltr'> </span> 
     </span>
    </p>
   </div>
   <div class='ocr_carea' id='block_1_11' title="bbox 411 2924 522 2927">
    <p class='ocr_par' dir='ltr' id='par_1_16' title="bbox 411 2924 522 2927">
     <span class='ocr_line' id='line_1_55' title="bbox 411 2924 522 2927; baseline 0 0"><span class='ocrx_word' id='word_1_496' title='bbox 411 2924 522 2927; x_wconf 95' lang='lat' dir='ltr'> </span> 
     </span>
    </p>
   </div>
   <div class='ocr_carea' id='block_1_12' title="bbox 546 2924 645 2928">
    <p class='ocr_par' dir='ltr' id='par_1_17' title="bbox 546 2924 645 2928">
     <span class='ocr_line' id='line_1_56' title="bbox 546 2924 645 2928; baseline 0 0"><span class='ocrx_word' id='word_1_497' title='bbox 546 2924 645 2928; x_wconf 95' lang='lat' dir='ltr'> </span> 
     </span>
    </p>
   </div>
   <div class='ocr_carea' id='block_1_13' title="bbox 304 2960 1901 3087">
    <p class='ocr_par' dir='ltr' id='par_1_18' title="bbox 304 2960 1901 3087">
     <span class='ocr_line' id='line_1_57' title="bbox 349 2960 1901 3001; baseline 0.001 -11"><span class='ocrx_word' id='word_1_498' title='bbox 349 2970 423 2999; x_wconf 84' lang='lat'>304.</span> <span class='ocrx_word' id='word_1_499' title='bbox 447 2961 589 3001; x_wconf 79' lang='lat' dir='ltr'>quater]</span> <span class='ocrx_word' id='word_1_500' title='bbox 616 2962 658 2991; x_wconf 86' lang='lat' dir='ltr'>In</span> <span class='ocrx_word' id='word_1_501' title='bbox 687 2961 724 2993; x_wconf 84' lang='lat'>11.</span> <span class='ocrx_word' id='word_1_502' title='bbox 750 2972 855 3000; x_wconf 77' lang='lat'><strong>504—7</strong></span> <span class='ocrx_word' id='word_1_503' title='bbox 882 2961 949 2993; x_wconf 67' lang='lat' dir='ltr'>Leo</span> <span class='ocrx_word' id='word_1_504' title='bbox 977 2971 1076 2992; x_wconf 86' lang='lat' dir='ltr'>men-</span> <span class='ocrx_word' id='word_1_505' title='bbox 1134 2962 1196 2992; x_wconf 72' lang='lat' dir='ltr'>Sec</span> <span class='ocrx_word' id='word_1_506' title='bbox 1207 2960 1281 2991; x_wconf 82' lang='lat' dir='ltr'>also</span> <span class='ocrx_word' id='word_1_507' title='bbox 1295 2962 1365 2991; x_wconf 72' lang='lat' dir='ltr'>two</span> <span class='ocrx_word' id='word_1_508' title='bbox 1377 2961 1585 3000; x_wconf 68' lang='lat' dir='ltr'>passagesin</span> <span class='ocrx_word' id='word_1_509' title='bbox 1598 2961 1660 2992; x_wconf 81' lang='lat' dir='ltr'>the</span> <span class='ocrx_word' id='word_1_510' title='bbox 1674 2960 1901 2991; x_wconf 66' lang='lat' dir='ltr'>new-edition</span> 
     </span>
     <span class='ocr_line' id='line_1_58' title="bbox 306 3004 1901 3045; baseline 0 -11"><span class='ocrx_word' id='word_1_511' title='bbox 306 3005 401 3034; x_wconf 66' lang='lat' dir='ltr'>tiens</span> <span class='ocrx_word' id='word_1_512' title='bbox 432 3004 498 3034; x_wconf 84' lang='lat' dir='ltr'>five</span> <span class='ocrx_word' id='word_1_513' title='bbox 535 3004 651 3043; x_wconf 78' lang='lat' dir='ltr'>places</span> <span class='ocrx_word' id='word_1_514' title='bbox 683 3005 720 3035; x_wconf 88' lang='lat' dir='ltr'>in</span> <span class='ocrx_word' id='word_1_515' title='bbox 752 3005 873 3035; x_wconf 83' lang='lat' dir='ltr'>which</span> <span class='ocrx_word' id='word_1_516' title='bbox 912 3006 956 3035; x_wconf 88' lang='grc'>110</span> <span class='ocrx_word' id='word_1_517' title='bbox 995 3015 1076 3036; x_wconf 84' lang='grc'>0011-</span> <span class='ocrx_word' id='word_1_518' title='bbox 1135 3006 1173 3035; x_wconf 82' lang='lat' dir='ltr'>of</span> <span class='ocrx_word' id='word_1_519' title='bbox 1201 3005 1262 3034; x_wconf 88' lang='lat' dir='ltr'>the</span> <span class='ocrx_word' id='word_1_520' title='bbox 1295 3007 1514 3042; x_wconf 49' lang='lat' dir='ltr'>(alloquiorum</span> <span class='ocrx_word' id='word_1_521' title='bbox 1547 3007 1709 3036; x_wconf 74' lang='lat' dir='ltr'>Formzelae</span> <span class='ocrx_word' id='word_1_522' title='bbox 1739 3004 1792 3045; x_wconf 54' lang='lat'>(11.</span> <span class='ocrx_word' id='word_1_523' title='bbox 1822 3014 1901 3044; x_wconf 81' lang='lat'>334,</span> 
     </span>
     <span class='ocr_line' id='line_1_59' title="bbox 304 3048 1283 3087; baseline 0.001 -9"><span class='ocrx_word' id='word_1_524' title='bbox 304 3048 445 3078; x_wconf 67' lang='lat' dir='ltr'>side-red</span> <span class='ocrx_word' id='word_1_525' title='bbox 462 3048 541 3079; x_wconf 80' lang='lat' dir='ltr'>that</span> <span class='ocrx_word' id='word_1_526' title='bbox 554 3048 720 3079; x_wconf 74' lang='lat' dir='ltr'>Erasmus</span> <span class='ocrx_word' id='word_1_527' title='bbox 732 3048 800 3078; x_wconf 71' lang='lat' dir='ltr'>had</span> <span class='ocrx_word' id='word_1_528' title='bbox 814 3049 975 3079; x_wconf 76' lang='lat' dir='ltr'>attacked</span> <span class='ocrx_word' id='word_1_529' title='bbox 991 3049 1079 3079; x_wconf 82' lang='lat' dir='ltr'>him.</span> <span class='ocrx_word' id='word_1_530' title='bbox 1135 3048 1283 3087; x_wconf 72' lang='lat'>3671111).</span> 
     </span>
    </p>
   </div>
  </div>
 </body>
</html>
