1990 3353
56 139 127 165 102
140 126 178 181 1]
530 131 684 170 FROM
721 133 749 171 J
752 132 874 170 OHN
913 131 1171 171 SLEOHTA
1601 134 1651 171 81

50 241 202 277 tunum
223 242 264 278 et
283 240 479 279 idoneum
498 253 758 291 seponamus,
781 239 854 278 vbi
878 242 931 286 te,
955 251 1051 277 cum
1079 238 1147 277 hic
1173 239 1260 277 fieri
1289 252 1376 277 non
1398 239 1548 289 potuit,
1573 239 1655 278 alio

49 292 139 332 loco
173 296 215 333 et
249 296 444 345 tempore,
477 295 728 334 concedente
761 293 955 341 Domino.
990 293 1300 331 conueniamus.
1361 293 1479 342 Quod
1514 295 1655 332 autem

47 347 179 397 patria
209 350 351 387 nostra
381 349 425 387 in
457 349 560 388 alias
592 348 860 399 pergentibus
890 347 1079 398 regiones
1110 349 1222 386 certo
1256 348 1457 386 comitatu
1491 350 1532 386 et
1565 361 1655 386 con-

48 401 291 441 ductoribus
324 403 559 442 securitatis
590 403 722 453 gratia
753 402 931 451 indiget,
962 401 1106 439 mirari
1139 402 1194 447 id,
1232 402 1364 440 amice
1398 401 1651 445 charissime,

48 455 224 506 desines,
257 457 292 495 si
319 457 370 496 ab
399 457 516 496 omni
543 459 658 508 parte
688 456 828 495 arduis
857 458 898 494 et
920 456 965 494 in
988 456 1123 494 altum
1148 455 1417 506 surgentibus
1439 456 1656 494 montibus

47 509 258 558 vallatam,
282 511 627 561 densissimisque
645 512 780 561 syluis
799 524 844 549 ac
864 510 1046 560 proceris
1066 510 1284 548 arboribus
1302 510 1387 549 late
1407 511 1654 560 circumsep-

46 565 134 603 tam
158 578 385 616 cognosces,
413 566 556 616 quales
578 566 622 605 in
646 565 766 615 sylua
793 564 964 603 Ercinia
983 577 1101 614 saepe
1119 564 1276 602 multas
1294 565 1437 603 videre
1456 565 1653 615 potuisti:

47 618 92 657 in
131 632 213 669 qua
249 620 577 670 frequentissimi
614 622 870 670 grassatores
907 618 1197 657 delitescentes
1236 621 1275 657 et
1314 619 1454 658 aditus
1491 619 1653 657 viarum

47 672 283 713 obsidentes
302 688 422 724 saepe
442 675 578 713 multa
597 675 750 713 damna
768 673 1001 713 viatoribus
1023 673 1165 711 minus
1188 673 1335 720 cautis,
1356 673 1537 712 maxime
1556 687 1654 712 vero

46 729 347 767 mercatoribus
372 729 574 778 inferunt,
603 729 831 767 nonnullos
855 741 954 767 vero
982 741 1067 766 non
1093 728 1232 766 solum
1257 728 1381 766 rebus
1406 728 1476 766 sed
1501 730 1542 766 et
1568 728 1654 767 vita

46 781 235 832 spoliant.
296 783 350 822 Et
375 783 567 833 quamuis
593 784 677 822 fere
700 783 881 833 singulis
905 782 1120 820 mensibus
1149 795 1199 820 ex
1227 782 1378 821 vicinis
1407 782 1580 821 vrbibus
1613 786 1654 821 et

47 836 210 886 oppidis
229 837 419 876 infinitos
441 837 484 875 id
508 851 642 887 genus
664 838 848 876 latrones
877 837 1056 887 capiant,
1084 839 1125 874 et
1152 836 1262 874 vario
1285 836 1589 887 suppliciorum
1613 840 1653 875 et

46 891 194 929 mortis
207 905 354 941 genere
368 892 620 942 disperdant,
638 905 855 942 nunquam
871 894 1013 930 tamen
1026 892 1115 929 tam
1128 890 1409 939 perniciosum
1424 893 1464 929 et
1478 893 1652 929 noxium

45 945 318 984 seminarium
333 948 374 985 et
389 947 587 996 extirpari
601 948 642 985 et
657 946 857 985 radicitus
871 946 996 985 euelli
1010 947 1168 995 potest:
1200 946 1271 983 sed
1286 958 1382 983 cum
1398 945 1442 983 hi
1458 946 1654 984 damnan-

43 1001 114 1038 tur
132 1002 173 1038 et
192 1000 394 1047 delentur,
416 1002 606 1049 protinus
625 1001 697 1039 alii
716 1001 971 1047 succedunt3
1001 999 1112 1038 haud
1133 1012 1250 1038 secus
1263 1013 1387 1049 quam
1403 1000 1528 1038 fiebat
1548 1000 1653 1039 circa

45 1053 224 1104 hydram
244 1054 363 1094 illam
385 1055 650 1103 Herculeam,
674 1056 741 1094 cui
760 1055 955 1105 adempta
975 1054 1111 1104 capita
1131 1054 1466 1093 renascebantur.

99 1108 256 1147 Scribis
276 1109 385 1148 mihi
405 1113 614 1159 postremo
634 1123 718 1148 non
739 1110 829 1148 sine
848 1112 960 1148 certa
983 1109 1274 1155 admiratione,
1295 1109 1404 1158 quod
1427 1109 1578 1148 attinet
1601 1110 1651 1148 ad

44 1162 266 1201 dissidium
299 1164 405 1202 illud
436 1164 533 1203 fidei
566 1166 608 1203 et
635 1164 864 1214 religionis,
892 1164 1001 1214 quod
1030 1177 1054 1202 a
1083 1162 1184 1201 satis
1212 1162 1441 1213 longinquo
1469 1166 1652 1213 tempore

44 1217 89 1255 in
117 1218 252 1267 patria
280 1221 421 1257 nostra
449 1219 671 1257 subortum
698 1219 845 1265 durat,
875 1218 1066 1268 quodque
1090 1218 1134 1255 in
1162 1219 1280 1255 tanto
1300 1221 1486 1268 tempore
1509 1218 1652 1256 nullus

42 1271 285 1311 inueniatur
304 1286 436 1323 neque
455 1286 505 1312 ex
520 1273 805 1312 ecclesiasticis
824 1286 958 1323 neque
976 1286 1026 1311 ex
1039 1271 1295 1311 secularibus
1308 1272 1567 1322 principibus
1580 1274 1653 1322 qui

42 1325 149 1364 illud
175 1327 225 1365 ad
252 1329 407 1365 certam
437 1327 621 1377 aliquam
651 1328 913 1366 concordiam
943 1327 1184 1377 perduceret
1200 1340 1210 1373 ;
1248 1339 1497 1376 causamque
1525 1327 1652 1365 huius

43 1393 129 1418 non
157 1380 282 1419 aliam
317 1395 444 1431 quam
476 1382 672 1431 pecuniae
701 1382 891 1421 studium
925 1381 1148 1420 arbitraris.
1207 1380 1328 1428 Quali
1362 1395 1436 1431 ego
1465 1381 1651 1431 opinioni

44 1438 137 1474 tuae
166 1435 323 1485 absque
351 1436 437 1475 vlla
466 1436 749 1475 controuersia
777 1436 1002 1475 subscribo.
1063 1436 1226 1484 Quotus
1259 1435 1372 1473 enim
1402 1449 1513 1474 nunc
1544 1436 1651 1485 quis·

43 1502 121 1538 que
150 1489 380 1538 inuenitur,
408 1491 499 1528 siue
528 1503 744 1529 summum
768 1490 1029 1534 Pontificem,
1059 1490 1147 1528 siue
1176 1489 1406 1528 cardinales
1435 1492 1476 1528 et
1504 1490 1650 1540 episco-

43 1556 129 1592 pos,
161 1545 251 1583 siue
277 1545 378 1583 alias
407 1545 701 1584 ecclesiasticas
726 1558 933 1595 personas,
964 1544 1054 1582 siue
1083 1545 1195 1593 ipsos
1224 1544 1454 1582 monachos
1477 1547 1646 1594 spectes,

43 1597 114 1648 qui
133 1611 218 1637 non
237 1600 378 1649 potius
397 1599 617 1638 ambitioni
638 1601 678 1638 et
699 1599 827 1638 lucris
845 1598 1098 1649 pecuniariis
1119 1612 1243 1648 quam
1268 1599 1394 1637 saluti
1414 1598 1650 1638 animarum

42 1653 329 1702 proximorum
349 1654 581 1693 consulant.
641 1654 686 1693 Si
706 1654 935 1692 Saluatoris
956 1653 1089 1691 nostri
1110 1654 1240 1692 vitam
1256 1655 1296 1692 et
1313 1654 1554 1699 doctrinam,
1571 1667 1651 1703 qua

42 1707 155 1756 ipsos
176 1707 418 1746 cohortatur
438 1711 479 1747 et
498 1709 697 1747 admonet
715 1710 763 1746 vt
783 1708 893 1747 bona
912 1708 993 1746 ista
1012 1710 1272 1756 temporaria,
1299 1708 1462 1755 caduca,
1485 1708 1651 1758 fragilia

44 1763 85 1800 et
121 1775 329 1812 nusquam
368 1763 641 1801 consistentia
679 1765 1007 1809 contemnerent,
1050 1762 1392 1812 religionemque,
1434 1762 1646 1812 pietatem,

42 1816 299 1865 charitatem,
324 1817 650 1856 misericordiam
671 1820 712 1856 et
731 1817 911 1867 reliquas
929 1817 1109 1855 virtutes
1127 1817 1488 1867 amplecterentur,
1509 1816 1652 1855 audire

43 1871 84 1908 et
102 1870 167 1909 illi
188 1872 472 1921 obtemperare
490 1872 662 1918 vellent,
686 1874 822 1910 certus
841 1884 937 1910 sum
957 1871 1065 1920 quod
1087 1872 1204 1910 nulla
1218 1874 1325 1910 esset
1340 1874 1425 1910 tam
1441 1873 1598 1909 remota
1610 1875 1651 1909 et

43 1925 223 1975 seposita
242 1939 345 1975 gens
363 1927 433 1964 vel
452 1926 577 1976 regio,
601 1926 718 1964 nulla
737 1928 826 1964 tam
845 1926 985 1975 grauis
1005 1929 1045 1963 et
1066 1925 1270 1964 laboriosa
1288 1926 1368 1972 via,
1389 1928 1437 1963 vt
1458 1939 1542 1964 non
1558 1939 1650 1964 eam

43 1993 115 2029 pro
132 1979 267 2018 salute
285 1980 572 2030 proximorum
591 1981 700 2019 laeto
721 1982 762 2019 et
780 1981 906 2019 alacri
927 1980 1069 2018 animo
1089 1981 1347 2030 susciperent
1363 1994 1371 2017 :
1392 1980 1500 2018 sicut
1519 1980 1651 2019 facere

43 2034 201 2072 solebat
221 2034 380 2073 Paulus
399 2037 441 2073 et
460 2035 610 2074 caeteri
628 2035 835 2084 Apostoli,
860 2047 1038 2085 quorum
1060 2048 1103 2073 se
1128 2034 1199 2073 isti
1223 2035 1401 2074 vicarios
1430 2037 1471 2072 et
1497 2047 1650 2073 succes-

42 2101 153 2127 sores
172 2089 278 2127 falso
298 2091 440 2128 tamen
460 2091 502 2128 et
520 2089 638 2128 inani
657 2089 782 2128 titulo
802 2088 1048 2139 gloriantur.

97 2143 255 2182 Forsan
274 2147 416 2183 autem
435 2144 486 2182 ab
506 2157 551 2182 re
570 2157 655 2183 non
675 2144 754 2182 erit
773 2143 810 2182 si
829 2143 909 2182 tibi
928 2146 970 2181 et
990 2143 1067 2181 hoc
1083 2143 1219 2182 obiter
1236 2142 1464 2190 ostendero,
1482 2156 1579 2181 cum
1595 2144 1651 2181 sit

43 2196 151 2235 inter
171 2199 337 2237 nostros
356 2198 440 2237 tale
458 2198 503 2237 in
523 2198 605 2236 fide
627 2200 667 2236 et
686 2197 889 2247 religione
909 2198 1148 2245 dissidium,
1166 2200 1213 2236 vt
1240 2210 1464 2247 cognoscas
1484 2200 1585 2247 quot
1609 2199 1651 2235 et

43 2264 169 2300 quam
195 2252 332 2291 variae
358 2252 445 2291 sint
477 2252 707 2292 diuisiones
736 2255 778 2291 et
805 2265 950 2291 causae
979 2252 1121 2301 ipsius.
1182 2252 1290 2291 Nam
1320 2265 1373 2290 ne
1403 2251 1580 2291 Iudaeos
1609 2254 1651 2290 et

0 2312 1 2321 ¹
42 2305 279 2356 Epicureos,
295 2307 367 2357 qui
380 2307 619 2346 animarum
630 2307 992 2345 immortalitatem
1005 2309 1170 2356 negant,
1187 2306 1381 2345 similiter
1393 2307 1436 2344 et
1449 2306 1650 2356 quosdam

44 2360 268 2399 Nicolaitas
288 2374 719 2400 commemorem—ex
739 2361 791 2399 iis
815 2360 928 2399 enim
956 2361 1153 2399 omnibus
1175 2374 1261 2399 non
1288 2361 1410 2411 pauci
1437 2361 1547 2411 apud
1574 2373 1650 2399 nos

42 2414 383 2464 inueniuntur—,
402 2417 518 2455 totus
533 2416 714 2466 populus
726 2416 844 2466 regni
857 2416 982 2454 huius
995 2417 1037 2454 et
1053 2415 1363 2454 Marchionatus
1378 2415 1590 2453 Morauiae
1605 2415 1649 2453 in

41 2469 118 2507 tris
137 2472 269 2508 sectas
288 2469 450 2509 diuisus
470 2472 543 2509 est.
602 2470 748 2508 Prima
772 2472 834 2508 est
858 2483 1003 2508 eorum
1033 2470 1104 2520 qui
1136 2470 1375 2508 Romanum
1400 2469 1648 2508 Pontificem

42 2522 87 2560 in
127 2524 323 2563 omnibus
360 2526 592 2575 sequuntur
629 2527 670 2563 et
709 2525 946 2571 obseruant,
984 2537 1212 2574 verumque
1249 2523 1453 2562 vicarium
1492 2524 1649 2563 Christi
1694 2541 1707 2560 ;

87 2635 138 2665 71.
165 2628 202 2656 et
215 2630 285 2657 ante
301 2628 472 2667 extirpari
488 2630 563 2660 add.
579 2630 620 2659 N.
758 2637 810 2666 74.
838 2626 932 2667 quod
950 2629 1002 2658 N:
1026 2627 1116 2668 quid
1130 2629 1166 2659 F.
1267 2627 1312 2659 ad
1329 2630 1403 2659 adel.
1422 2630 1461 2659 N.
1595 2627 1649 2667 85.

42 2672 74 2700 H
89 2680 96 2699 z
121 2671 338 2710 temper-aria
354 2674 389 2702 F.

85 2794 137 2824 95.
162 2785 379 2828 diuisiones]
416 2787 484 2819 For
513 2787 577 2819 the
616 2797 810 2819 numerous
880 2788 1018 2819 receive
1050 2787 1218 2825 frequent
1249 2786 1416 2817 mention
1445 2786 1482 2816 in
1515 2784 1551 2816 F.
1584 2783 1647 2815 Pa-

42 2828 211 2867 religious
228 2833 318 2861 sects
339 2831 378 2862 in
396 2831 571 2862 Bohemia
595 2830 728 2871 during
743 2842 811 2862 xv-
880 2830 1016 2871 lacky's
1050 2833 1222 2861 Geschvichte
1252 2841 1308 2860 ⁷:072
1339 2832 1478 2860 Belcmen
1515 2828 1643 2869 (1867,.

42 2871 141 2911 xvim,
159 2874 232 2904 and
248 2874 311 2905 the
334 2875 488 2914 varying
510 2884 636 2906 names
664 2875 809 2915 applied
880 2874 956 2905 bks.
975 2874 1039 2913 xii,
1057 2874 1133 2904 xiii.

43 2916 78 2946 to
93 2915 196 2947 them
213 2927 270 2949 see
294 2917 357 2949 the
379 2918 506 2949 article
529 2928 575 2949 on
600 2918 664 2949 the
693 2919 808 2949 Bohe-
966 2916 1137 2958 Iudaeos]
1163 2917 1214 2948 Cf.
1234 2916 1299 2956 Ep.
1321 2917 1416 2946 1006.
1436 2925 1534 2953 142n.

43 2960 142 2990 mian
159 2959 341 2992 Brcthren
366 2962 405 2993 in
429 2962 570 3001 Herzog
593 2961 644 2993 iii.
664 2964 806 3001 445—67.
920 2971 974 3001 97.
1002 2961 1215 3001 Nicolaitas]
1231 2960 1306 2991 The
1324 2970 1430 2991 name
1447 2960 1476 2990 is
1501 2957 1647 2990 deris-ml

42 3001 116 3032 The
149 3003 318 3045 religious
349 3005 506 3037 troubles
544 3004 583 3036 of
616 3005 678 3037 the
720 3006 808 3036 time
878 3004 969 3036 from
988 3005 1074 3036 Rev.
1095 3016 1124 3036 2.
1143 3006 1174 3043 6,
1198 3014 1245 3043 15.

110 3068 185 3089 ⁴52·4
830 3073 855 3099 G

1672 353 1714 385 60

1672 623 1713 665 65

1673 905 1713 935 ΤΟ

1673 1174 1710 1207 75

1669 1994 1711 2025 go

1669 2267 1708 2297 95
