1990 3353
125 120 244 175 1181]
605 121 672 160 ΤΟ
712 119 1039 159 SYLVESTER
1079 120 1243 159 GIGLI
1644 119 1725 158 437

119 232 237 270 iuxta
254 231 454 270 Varronis
482 230 677 280 adagium
705 229 840 267 indies
869 229 999 278 magis
1028 242 1074 267 ac
1103 229 1239 278 magis
1266 228 1425 266 bullam
1455 228 1557 275 fieri,
1585 228 1723 266 visum

120 288 183 324 est
212 286 318 323 hanc
341 284 749 324 lucubratiunculam
775 286 848 321 tuo
874 283 1036 320 nomini
1056 283 1254 330 dedicare,
1278 296 1362 320 non
1388 282 1434 319 in
1460 282 1548 328 hoc,
1573 284 1619 320 vt
1648 282 1725 320 hoc

121 340 251 378 officio
275 353 341 377 me
367 340 541 378 liberem
567 352 656 377 aere
685 337 830 383 alieno,
853 338 923 375 sed
944 340 991 375 vt
1015 340 1144 376 tester
1173 337 1365 387 pluribus
1392 336 1634 374 nominibus
1660 336 1724 374 ob-

119 394 315 432 strictum
337 394 413 431 tibi
428 407 553 443 quam
566 395 614 432 vt
628 405 812 441 vnquam
831 391 1031 430 soluendo
1046 392 1134 429 fore
1153 405 1220 429 nie
1239 404 1414 440 sperem.
1455 389 1511 428 Et
1529 393 1670 428 tamen
1691 391 1727 428 si
1752 408 1758 427 i
1769 408 1785 438 5

121 449 293 498 posthac
312 448 479 486 dabitur
498 447 596 493 vita,
622 447 657 484 si
678 446 844 484 dabitur
863 446 1032 493 occasio,
1057 446 1236 484 conabor
1256 459 1341 484 non
1361 447 1409 484 vt
1435 458 1456 482 e
1476 445 1562 483 tuis
1586 444 1725 482 diariis

120 517 262 541 meum
284 515 438 541 nomen
459 502 748 551 dispungat-ur,
771 500 880 549 quod
907 513 981 549 ego
1013 513 1111 538 sane
1136 500 1278 547 nolim,
1302 512 1397 538 cum
1426 499 1533 537 nulli
1553 498 1724 537 debeam

120 557 344 604 lubentius,
367 557 438 595 sed
459 558 505 594 vt
523 554 709 593 hominis
728 553 883 604 ingrati
902 555 1047 592 notam
1068 554 1276 603 effugiam.

175 611 357 649 Paulum
378 610 457 648 tibi
477 611 614 657 mitto,
629 609 701 659 qui
721 611 863 647 nostra
882 621 1003 657 opera
1023 608 1168 646 didicit
1190 610 1231 646 et
1249 607 1383 646 fusius
1403 609 1443 645 et
1464 607 1726 657 explanatius

121 666 264 711 dicere,
286 665 411 714 idque
437 664 597 702 Latine.
658 663 753 701 Non
774 663 881 712 quod
909 663 953 699 in
978 662 1092 700 illius
1119 662 1354 712 eloquentia
1374 663 1594 711 quicquam
1621 661 1726 699 desi·
1748 675 1788 696 20

119 720 273 768 derem,
289 720 360 757 sed
374 719 481 768 quod
501 720 645 756 nostra
660 717 833 756 tarditas
852 716 967 754 illius
987 716 1290 755 sublimitatem
1311 729 1395 753 non
1417 715 1725 765 assequebatur.

121 774 242 812 Certe
262 773 379 812 effeci
399 776 446 811 vt
465 772 723 822 frequentius
742 773 900 810 teratur
922 771 1120 810 manibus
1140 784 1265 820 quam
1295 770 1467 808 antehac
1495 769 1723 808 consueuit.

119 828 312 867 Antehac
331 829 402 866 vix
421 827 732 876 intelligebatur
756 825 808 866 ab
828 825 1004 864 eruditis
1033 825 1304 872 sudantibus;
1334 837 1447 862 nunc
1473 823 1728 873 intelligitur

121 886 161 920 et
183 896 205 920 a
225 882 477 928 semidoctis,
497 882 621 919 modo
642 894 695 918 ne
715 881 802 918 sint
823 880 995 918 omnino
1014 880 1140 918 rudes
1167 879 1373 917 sermonis
1393 878 1587 916 Romani.
1645 877 1728 916 Hic

121 937 155 975 si
185 936 293 974 nihil
321 936 456 974 laudis
486 936 660 974 debetur
687 935 859 984 ingenio
887 948 993 983 meo,
1021 934 1057 972 si
1086 934 1195 972 nihil
1224 933 1456 979 eruditioni,
1491 934 1600 970 certe
1628 945 1727 970 non·
1750 947 1785 977 25

120 991 228 1029 nihil
262 990 434 1029 debetur
466 990 706 1028 industriae.
766 990 879 1028 Dum
917 989 985 1027 his
1018 989 1122 1026 meis
1158 988 1373 1026 laboribus
1411 986 1504 1025 aliis
1541 986 1727 1024 laborem

120 1046 270 1094 adimo,
297 1045 450 1083 licebat
479 1045 615 1091 ociari,
644 1044 794 1082 licebat
824 1044 1015 1082 dormire.
1047 1043 1198 1081 licebat
1225 1045 1376 1092 potare,
1407 1041 1557 1080 licebat
1586 1040 1729 1079 venari

119 1099 343 1147 fortunam,
366 1099 517 1137 licebat
540 1099 634 1137 aliis
659 1098 941 1137 auocamentis
964 1098 1205 1147 indulgere:
1236 1096 1387 1146 quibus
1415 1096 1538 1134 rebus
1559 1095 1729 1145 quidam

121 1167 244 1192 omne
277 1156 443 1203 tempus
476 1154 738 1203 impendunt,
772 1155 934 1202 praeter
968 1153 1046 1190 hoc
1078 1153 1184 1202 quod
1224 1151 1476 1200 impendunt
1511 1150 1729 1199 carpendis

120 1209 297 1247 aliorum
327 1208 550 1247 laboribus.
610 1208 796 1258 Linguae
824 1220 870 1245 ac
900 1207 1028 1246 bonae
1056 1207 1218 1245 litterae
1246 1205 1544 1255 propemodum
1574 1218 1620 1243 eo
1649 1204 1729 1242 loci
1749 1215 1789 1245 30

122 1262 319 1301 deductae
339 1265 440 1301 sunt
458 1264 504 1301 vt
524 1275 616 1311 spes
637 1262 692 1300 sit
711 1262 756 1299 in
773 1263 864 1300 tuto
885 1262 993 1300 fore:
1024 1274 1262 1312 quanquam
1283 1260 1516 1298 etiamnum
1537 1259 1729 1308 gnauiter

122 1317 367 1366 obstrepunt
400 1317 553 1355 veteris
587 1316 776 1354 inscitiae
809 1318 1148 1365 propugnatores.
1206 1316 1349 1364 Atque
1381 1314 1547 1352 vtinam
1584 1314 1728 1351 eadem

122 1375 229 1409 esset
258 1385 354 1421 spes
383 1371 434 1409 de
464 1371 650 1410 doct-rina
678 1371 928 1420 Euangelica
962 1383 1058 1408 suae
1091 1370 1263 1419 puritati
1296 1367 1636 1418 simplicitatique
1670 1381 1728 1405 re-

121 1426 355 1464 stituenda!
413 1426 574 1464 Verum
611 1425 682 1463 hic
721 1428 893 1463 cruenta
930 1425 1064 1462 adhuc
1102 1437 1241 1474 pugna
1277 1426 1350 1461 est.
1428 1423 1547 1460 Bona
1585 1425 1727 1460 tamen

123 1481 318 1518 victoriae
345 1493 438 1530 spes
464 1482 538 1527 est,
563 1480 601 1518 si
621 1479 815 1519 Christus
835 1492 906 1528 per
927 1484 966 1516 te
987 1479 1128 1529 tuique
1153 1477 1314 1516 similes
1332 1476 1496 1516 fauerit.
1555 1476 1587 1514 F
1589 1475 1729 1514 auebit
1749 1482 1787 1514 35

120 1538 261 1573 autem
281 1535 315 1572 si
338 1548 414 1572 nos
440 1534 556 1572 illius
577 1534 795 1584 negocium
822 1533 1007 1583 synceris
1033 1533 1187 1572 animis
1219 1532 1435 1582 egerimus.
1496 1531 1565 1569 Ad
1585 1532 1729 1569 vtrun-

121 1603 198 1638 que
232 1603 330 1627 vero
363 1588 596 1639 plurimum
634 1588 795 1626 adferet
832 1587 1049 1634 momenti,
1085 1587 1121 1626 si
1158 1586 1252 1634 Leo,
1288 1599 1479 1624 summus
1513 1584 1728 1633 religionis

120 1644 303 1691 antistes,
326 1643 415 1682 eius
435 1643 588 1692 gloriae
610 1644 849 1681 constanter
867 1642 1017 1681 fauerit
1037 1643 1155 1680 cuius
1179 1642 1284 1691 gerit
1304 1641 1424 1679 vices.
1487 1640 1601 1678 Bene
1620 1640 1724 1686 vale,

122 1698 370 1736 Praesulum
401 1697 678 1736 ornatissime.

175 1753 351 1791 Louanii
368 1751 451 1791 xvi.
475 1751 560 1790 Cal.
584 1752 680 1791 Feb.
703 1752 786 1789 An.
809 1763 987 1789 M.D.xx1.
1748 1761 1790 1791 40

458 1892 582 1931 1182.
645 1890 708 1930 To
741 1889 1020 1930 XVILLIBALD
1053 1888 1395 1930 PfflcKHEnoen.

1392 1993 1569 2029 Louvain.

1273 2052 1316 2085 26
1333 2051 1503 2095 January
1524 2049 1679 2096 (1521).

170 1999 442 2035 Pirckheimeri
461 1999 583 2044 Opera
602 2011 637 2044 p.
658 2009 739 2041 272.

170 2057 221 2092 0².
242 2069 278 2102 p.
302 2057 395 2091 162:
423 2056 539 2090 Lond.
558 2067 644 2090 xxx.
665 2065 705 2100 23
725 2067 732 2090 :
760 2053 834 2089 LB.
854 2064 933 2098 234.

168 2155 250 2194 [For
265 2155 327 2184 the
344 2154 455 2184 forms
471 2153 509 2183 of
527 2153 686 2193 heading
703 2151 775 2183 and
799 2150 944 2182 address
963 2160 1019 2180 see
1045 2150 1108 2190 Ep.
1130 2150 1212 2188 1085
1232 2148 1363 2179 introd.
1412 2148 1552 2179 Leclerc
1572 2147 1673 2179 dates
1689 2149 1727 2178 in

127 2208 232 2238 1517;
256 2199 319 2229 but
345 2199 447 2237 apart
472 2197 564 2228 from
588 2196 851 2227 consideration
875 2195 914 2225 of
933 2192 1113 2225 Erasmus'
1139 2194 1361 2223 movements
1385 2194 1421 2222 at
1445 2191 1525 2222 that
1547 2192 1647 2230 time,
1666 2193 1728 2223 the

123 2243 271 2273 cit-atlon
300 2243 337 2272 of
356 2241 604 2272 Pirckheimer
625 2242 661 2270 to
685 2240 795 2270 Rome
821 2239 858 2277 (l.
881 2239 943 2278 411)
970 2238 1091 2268 makes
1119 2247 1198 2276 1521
1226 2236 1462 2267 indubitable.
1509 2235 1582 2266 The
1606 2236 1727 2266 verbal

123 2286 383 2317 resemblances
400 2287 436 2315 to
453 2285 542 2325 Epp.
562 2285 655 2324 1176,
677 2284 771 2323 1183,
793 2283 885 2321 1185,
906 2292 999 2322 1192,
1021 2292 1078 2311 aare
1096 2280 1294 2311 notieeable
1311 2279 1414 2321 also]

180 2381 284 2429 S.P.‚
299 2380 567 2419 ornatissime
582 2378 802 2417 Bilibalde.
847 2377 990 2427 Nuper
1007 2376 1114 2414 mihi
1129 2375 1309 2414 redditae
1325 2377 1426 2414 sunt
1441 2377 1536 2414 tuae
1550 2374 1726 2421 litterae,

125 2435 278 2486 quibus
297 2434 536 2485 expostulas
557 2434 667 2484 quod
687 2432 772 2471 tuis
791 2445 875 2470 non
903 2430 1204 2481 responderim.
1266 2430 1315 2468 Id
1342 2430 1442 2468 adeo
1468 2429 1608 2477 miror,
1632 2441 1728 2467 cum

170 2551 264 2582 1181.
292 2559 344 2589 29.
370 2550 513 2589 praeter
529 2550 591 2579 αδ;
614 2549 758 2588 propter
774 2558 807 2586 γ.
919 2556 970 2585 31.
995 2546 1163 2585 gnauiter
1178 2557 1216 2578 a:
1241 2547 1400 2586 grauiter
1415 2547 1448 2579 β.
1574 2545 1671 2577 1182.
1700 2555 1726 2576 1.

124 2596 156 2627 S.
169 2594 205 2625 P.
226 2597 270 2625 P:
295 2602 452 2624 ERASMVS
468 2601 656 2623 BILIBALDO
672 2600 734 2622 SVO
750 2599 776 2622 S.
789 2600 822 2621 D.
842 2588 887 2620 0².

170 2717 266 2748 1181.
294 2726 344 2747 12.
370 2713 557 2755 Varronis]
575 2717 615 2746 R.
630 2716 669 2745 R.
691 2724 718 2745 1.
739 2724 765 2744 1.
789 2724 823 2753 13
847 2714 888 2745 cf.

125 2764 232 2798 Arlaq.
252 2761 344 2798 1248.

171 2803 265 2834 1182.
284 2812 315 2835 2.
340 2800 560 2843 expostulas]
584 2800 671 2832 This
693 2810 838 2842 passage
862 2802 892 2831 is

127 2848 249 2879 rather
256 2847 412 2878 obscure.
430 2845 504 2877 The
513 2845 689 2876 reference
700 2854 850 2884 appears
856 2846 892 2875 to

126 2892 167 2922 be
184 2894 219 2921 to
232 2891 295 2930 Ep.
311 2899 407 2929 1095.
424 2899 498 2929 5-7,
510 2889 630 2919 where
644 2888 892 2919 Pirckheimer

125 2934 324 2974 complains
339 2934 420 2964 that
442 2934 487 2964 he
506 2932 578 2963 had
601 2941 712 2963 never
730 2932 891 2962 received

126 2979 188 3018 Ep.
207 2978 272 3017 856
289 2978 328 3015 (l.
345 2977 419 3016 311),
440 2977 505 3007 but
521 2976 593 3007 had
611 2975 697 3015 only
708 2985 788 3005 seen
806 2976 834 3005 it
853 2977 889 3005 in

125 3023 225 3061 print
243 3023 279 3052 in
297 3021 359 3052 the
376 3023 512 3059 Farrago
525 3019 599 3061 (E).
638 3020 710 3050 But
723 3019 891 3049 Erasmus

960 2713 1032 2743 had
1073 2711 1219 2751 already
1250 2710 1436 2742 answered
1468 2711 1530 2750 Ep.
1568 2719 1651 2749 1095
1690 2710 1727 2740 in

961 2757 1055 2796 Sept.
1074 2755 1167 2786 with
1184 2755 1246 2794 Ep.
1267 2764 1374 2794 1¹39}
1399 2764 1436 2786 so
1457 2755 1538 2785 that
1558 2755 1588 2784 it
1612 2755 1643 2784 is
1666 2755 1729 2784 not

961 2800 1057 2830 clear
1084 2799 1169 2838 why
1190 2799 1235 2829 he
1258 2798 1388 2829 should
1415 2808 1497 2829 now
1520 2798 1613 2828 refer
1637 2798 1673 2827 to
1700 2798 1730 2827 it

960 2844 1075 2883 again.
1115 2843 1189 2873 The
1205 2841 1392 2881 following
1407 2842 1658 2881 explanations
1670 2850 1729 2871 are

961 2887 1123 2927 possible.
1170 2886 1208 2916 If
1223 2886 1285 2925 Ep.
1308 2895 1392 2925 1139
1407 2885 1480 2916 had
1501 2888 1564 2915 not
1580 2883 1728 2914 reached

963 2930 1216 2968 Pirckheimer,
1243 2929 1289 2960 he
1313 2929 1431 2968 might
1458 2929 1550 2959 have
1580 2928 1726 2958 written

960 2975 1088 3014 saying
1109 2974 1189 3004 that
1205 2973 1309 3013 again
1327 2973 1373 3003 he
1390 2973 1459 3003 had
1477 2982 1523 3002 no
1539 2981 1678 3002 answer
1693 2971 1729 3000 to

960 3019 1019 3048 his
1036 3018 1145 3048 letter
1163 3017 1348 3057 (meaning
1369 3017 1431 3056 Ep.
1455 3016 1551 3055 1095)
1567 3025 1574 3051 ;
1598 3025 1617 3045 a
1635 3024 1728 3044 com-
