<?xml version="1.0" encoding="UTF-8"?>
<!DOCTYPE html PUBLIC "-//W3C//DTD XHTML 1.0 Transitional//EN"
    "http://www.w3.org/TR/xhtml1/DTD/xhtml1-transitional.dtd">
<html xmlns="http://www.w3.org/1999/xhtml" xml:lang="en" lang="en">
 <head>
  <title>
</title>
<meta http-equiv="Content-Type" content="text/html;charset=utf-8" />
  <meta name='ocr-system' content='tesseract 3.04.00' />
  <meta name='ocr-capabilities' content='ocr_page ocr_carea ocr_par ocr_line ocrx_word'/>
</head>
<body>
  <div class='ocr_page' id='page_1' title='image "./opusepistolarumd04erasuoft_0215.png"; bbox 0 0 1990 3353; ppageno 0'>
   <div class='ocr_carea' id='block_1_1' title="bbox 0 1547 6 2261">
    <p class='ocr_par' dir='ltr' id='par_1_1' title="bbox 0 1547 6 2261">
     <span class='ocr_line' id='line_1_1' title="bbox 0 1547 6 2261; baseline 0 0"><span class='ocrx_word' id='word_1_1' title='bbox 0 1547 6 2261; x_wconf 95' lang='lat' dir='ltr'> </span> 
     </span>
    </p>
   </div>
   <div class='ocr_carea' id='block_1_2' title="bbox 80 142 1768 2262">
    <p class='ocr_par' dir='ltr' id='par_1_2' title="bbox 84 142 1768 1174">
     <span class='ocr_line' id='line_1_2' title="bbox 95 142 1685 196; baseline -0.001 -13"><span class='ocrx_word' id='word_1_2' title='bbox 95 142 216 196; x_wconf 88' lang='lat'>1061]</span> <span class='ocrx_word' id='word_1_3' title='bbox 608 143 761 182; x_wconf 81' lang='lat' dir='ltr'>FROM</span> <span class='ocrx_word' id='word_1_4' title='bbox 800 142 1053 181; x_wconf 83' lang='lat' dir='ltr'><strong>EDWARD</strong></span> <span class='ocrx_word' id='word_1_5' title='bbox 1090 142 1199 180; x_wconf 87' lang='lat' dir='ltr'>LEE</span> <span class='ocrx_word' id='word_1_6' title='bbox 1609 143 1685 182; x_wconf 83' lang='lat'>171</span> 
     </span>
     <span class='ocr_line' id='line_1_3' title="bbox 92 252 1686 304; baseline 0 -12"><span class='ocrx_word' id='word_1_7' title='bbox 92 267 140 292; x_wconf 87' lang='lat' dir='ltr'>ex</span> <span class='ocrx_word' id='word_1_8' title='bbox 152 253 298 303; x_wconf 91' lang='lat' dir='ltr'>literis,</span> <span class='ocrx_word' id='word_1_9' title='bbox 314 268 488 304; x_wconf 85' lang='lat' dir='ltr'>quarum</span> <span class='ocrx_word' id='word_1_10' title='bbox 503 254 623 292; x_wconf 88' lang='lat' dir='ltr'>hodie</span> <span class='ocrx_word' id='word_1_11' title='bbox 636 253 843 303; x_wconf 81' lang='lat' dir='ltr'>principes</span> <span class='ocrx_word' id='word_1_12' title='bbox 855 255 966 298; x_wconf 87' lang='lat' dir='ltr'>sunt,</span> <span class='ocrx_word' id='word_1_13' title='bbox 981 253 1132 291; x_wconf 87' lang='lat' dir='ltr'>metior</span> <span class='ocrx_word' id='word_1_14' title='bbox 1147 252 1407 303; x_wconf 70' lang='lat' dir='ltr'>probitatem,</span> <span class='ocrx_word' id='word_1_15' title='bbox 1422 253 1530 291; x_wconf 83' lang='lat' dir='ltr'>nihil</span> <span class='ocrx_word' id='word_1_16' title='bbox 1543 253 1686 292; x_wconf 90' lang='lat' dir='ltr'>minus</span> 
     </span>
     <span class='ocr_line' id='line_1_4' title="bbox 91 306 1768 358; baseline -0.001 -11"><span class='ocrx_word' id='word_1_17' title='bbox 91 308 271 358; x_wconf 86' lang='lat' dir='ltr'>cogitare</span> <span class='ocrx_word' id='word_1_18' title='bbox 290 322 460 358; x_wconf 85' lang='lat' dir='ltr'>possum</span> <span class='ocrx_word' id='word_1_19' title='bbox 482 321 608 358; x_wconf 88' lang='lat' dir='ltr'>quam</span> <span class='ocrx_word' id='word_1_20' title='bbox 628 308 678 345; x_wconf 88' lang='lat' dir='ltr'>ad</span> <span class='ocrx_word' id='word_1_21' title='bbox 699 309 821 356; x_wconf 88' lang='lat' dir='ltr'>turpe</span> <span class='ocrx_word' id='word_1_22' title='bbox 840 306 973 345; x_wconf 88' lang='lat' dir='ltr'>scelus</span> <span class='ocrx_word' id='word_1_23' title='bbox 994 307 1235 357; x_wconf 88' lang='lat' dir='ltr'>praecipites</span> <span class='ocrx_word' id='word_1_24' title='bbox 1258 307 1355 345; x_wconf 86' lang='lat' dir='ltr'>fore.</span> <span class='ocrx_word' id='word_1_25' title='bbox 1417 307 1585 345; x_wconf 81' lang='lat' dir='ltr'>Nollem</span> <span class='ocrx_word' id='word_1_26' title='bbox 1610 321 1685 357; x_wconf 87' lang='lat' dir='ltr'>ego</span> <span class='ocrx_word' id='word_1_27' title='bbox 1704 322 1768 355; x_wconf 77' lang='lat'>470</span> 
     </span>
     <span class='ocr_line' id='line_1_5' title="bbox 89 361 1684 412; baseline -0.001 -11"><span class='ocrx_word' id='word_1_28' title='bbox 89 362 148 401; x_wconf 90' lang='lat' dir='ltr'>sic</span> <span class='ocrx_word' id='word_1_29' title='bbox 164 366 305 402; x_wconf 90' lang='lat' dir='ltr'>notare</span> <span class='ocrx_word' id='word_1_30' title='bbox 319 376 433 401; x_wconf 90' lang='lat' dir='ltr'>meae</span> <span class='ocrx_word' id='word_1_31' title='bbox 446 362 626 412; x_wconf 82' lang='lat' dir='ltr'>Angliae</span> <span class='ocrx_word' id='word_1_32' title='bbox 642 362 754 399; x_wconf 89' lang='lat' dir='ltr'>viros</span> <span class='ocrx_word' id='word_1_33' title='bbox 770 361 912 399; x_wconf 89' lang='lat' dir='ltr'>doctos</span> <span class='ocrx_word' id='word_1_34' title='bbox 923 362 970 399; x_wconf 89' lang='lat' dir='ltr'>vt</span> <span class='ocrx_word' id='word_1_35' title='bbox 984 363 1031 399; x_wconf 92' lang='lat' dir='ltr'>tu</span> <span class='ocrx_word' id='word_1_36' title='bbox 1048 363 1168 399; x_wconf 81' lang='lat' dir='ltr'>notas</span> <span class='ocrx_word' id='word_1_37' title='bbox 1181 361 1422 400; x_wconf 85' lang='lat' dir='ltr'>Germanos.</span> <span class='ocrx_word' id='word_1_38' title='bbox 1471 361 1563 399; x_wconf 89' lang='lat' dir='ltr'>Imo</span> <span class='ocrx_word' id='word_1_39' title='bbox 1578 363 1684 411; x_wconf 87' lang='lat' dir='ltr'>quic-</span> 
     </span>
     <span class='ocr_line' id='line_1_6' title="bbox 90 415 1685 467; baseline -0.001 -12"><span class='ocrx_word' id='word_1_40' title='bbox 90 417 189 466; x_wconf 86' lang='lat' dir='ltr'>quid</span> <span class='ocrx_word' id='word_1_41' title='bbox 205 417 327 462; x_wconf 75' lang='lat' dir='ltr'>dicas,</span> <span class='ocrx_word' id='word_1_42' title='bbox 346 418 568 467; x_wconf 78' lang='lat' dir='ltr'>persuadeo</span> <span class='ocrx_word' id='word_1_43' title='bbox 585 415 693 454; x_wconf 88' lang='lat' dir='ltr'>mihi</span> <span class='ocrx_word' id='word_1_44' title='bbox 703 415 888 453; x_wconf 88' lang='lat' dir='ltr'>eruditos</span> <span class='ocrx_word' id='word_1_45' title='bbox 904 415 1152 453; x_wconf 79' lang='lat' dir='ltr'>Germaniae</span> <span class='ocrx_word' id='word_1_46' title='bbox 1170 415 1362 453; x_wconf 84' lang='lat' dir='ltr'>homines</span> <span class='ocrx_word' id='word_1_47' title='bbox 1374 429 1472 461; x_wconf 90' lang='lat' dir='ltr'>esse,</span> <span class='ocrx_word' id='word_1_48' title='bbox 1490 416 1560 465; x_wconf 91' lang='lat' dir='ltr'>qui</span> <span class='ocrx_word' id='word_1_49' title='bbox 1576 416 1685 454; x_wconf 85' lang='lat' dir='ltr'>nihil</span> 
     </span>
     <span class='ocr_line' id='line_1_7' title="bbox 89 469 1684 520; baseline -0.001 -11"><span class='ocrx_word' id='word_1_50' title='bbox 89 471 306 510; x_wconf 85' lang='lat' dir='ltr'>affectibus</span> <span class='ocrx_word' id='word_1_51' title='bbox 326 472 557 518; x_wconf 75' lang='lat' dir='ltr'>decernant,</span> <span class='ocrx_word' id='word_1_52' title='bbox 574 470 647 520; x_wconf 85' lang='lat' dir='ltr'>qui</span> <span class='ocrx_word' id='word_1_53' title='bbox 666 470 710 508; x_wconf 91' lang='lat' dir='ltr'>in</span> <span class='ocrx_word' id='word_1_54' title='bbox 726 482 848 508; x_wconf 88' lang='lat' dir='ltr'>causa</span> <span class='ocrx_word' id='word_1_55' title='bbox 867 470 926 508; x_wconf 87' lang='lat' dir='ltr'>rei</span> <span class='ocrx_word' id='word_1_56' title='bbox 944 469 1150 508; x_wconf 90' lang='lat' dir='ltr'>literariae</span> <span class='ocrx_word' id='word_1_57' title='bbox 1167 470 1420 508; x_wconf 86' lang='lat' dir='ltr'>sententiam</span> <span class='ocrx_word' id='word_1_58' title='bbox 1433 470 1583 519; x_wconf 84' lang='lat' dir='ltr'>gladiis</span> <span class='ocrx_word' id='word_1_59' title='bbox 1597 483 1684 508; x_wconf 90' lang='lat' dir='ltr'>non</span> 
     </span>
     <span class='ocr_line' id='line_1_8' title="bbox 88 523 1685 574; baseline -0.001 -11"><span class='ocrx_word' id='word_1_60' title='bbox 88 526 375 574; x_wconf 78' lang='lat' dir='ltr'>pronuncient.</span> <span class='ocrx_word' id='word_1_61' title='bbox 418 526 462 564; x_wconf 85' lang='lat' dir='ltr'>Si</span> <span class='ocrx_word' id='word_1_62' title='bbox 474 539 521 563; x_wconf 94' lang='lat' dir='ltr'>eo</span> <span class='ocrx_word' id='word_1_63' title='bbox 535 527 706 563; x_wconf 82' lang='lat' dir='ltr'>ventum</span> <span class='ocrx_word' id='word_1_64' title='bbox 723 526 785 562; x_wconf 91' lang='lat' dir='ltr'>est</span> <span class='ocrx_word' id='word_1_65' title='bbox 798 525 844 561; x_wconf 83' lang='lat' dir='ltr'>vt</span> <span class='ocrx_word' id='word_1_66' title='bbox 855 523 962 562; x_wconf 84' lang='lat' dir='ltr'>ferro</span> <span class='ocrx_word' id='word_1_67' title='bbox 977 537 1042 562; x_wconf 89' lang='lat' dir='ltr'>res</span> <span class='ocrx_word' id='word_1_68' title='bbox 1059 523 1311 571; x_wconf 83' lang='lat' dir='ltr'>decernatur,</span> <span class='ocrx_word' id='word_1_69' title='bbox 1330 524 1443 562; x_wconf 87' lang='lat' dir='ltr'>solus</span> <span class='ocrx_word' id='word_1_70' title='bbox 1459 525 1597 562; x_wconf 87' lang='lat' dir='ltr'>sedeat</span> <span class='ocrx_word' id='word_1_71' title='bbox 1613 538 1685 573; x_wconf 89' lang='lat' dir='ltr'>per</span> 
     </span>
     <span class='ocr_line' id='line_1_9' title="bbox 89 577 1765 628; baseline 0 -11"><span class='ocrx_word' id='word_1_72' title='bbox 89 592 157 617; x_wconf 90' lang='lat' dir='ltr'>me</span> <span class='ocrx_word' id='word_1_73' title='bbox 175 579 272 618; x_wconf 85' lang='lat' dir='ltr'>licet</span> <span class='ocrx_word' id='word_1_74' title='bbox 292 580 493 618; x_wconf 89' lang='lat' dir='ltr'>Erasmus</span> <span class='ocrx_word' id='word_1_75' title='bbox 513 580 556 617; x_wconf 89' lang='lat' dir='ltr'>in</span> <span class='ocrx_word' id='word_1_76' title='bbox 577 591 650 616; x_wconf 88' lang='lat' dir='ltr'>sua</span> <span class='ocrx_word' id='word_1_77' title='bbox 670 578 875 626; x_wconf 81' lang='lat' dir='ltr'>cathedra,</span> <span class='ocrx_word' id='word_1_78' title='bbox 898 577 1072 628; x_wconf 91' lang='lat' dir='ltr'>impune</span> <span class='ocrx_word' id='word_1_79' title='bbox 1087 578 1255 627; x_wconf 90' lang='lat' dir='ltr'>quiduis</span> <span class='ocrx_word' id='word_1_80' title='bbox 1275 579 1535 628; x_wconf 83' lang='lat' dir='ltr'>praescribat.</span> <span class='ocrx_word' id='word_1_81' title='bbox 1595 579 1684 628; x_wconf 87' lang='lat' dir='ltr'>Ego</span> <span class='ocrx_word' id='word_1_82' title='bbox 1702 593 1765 626; x_wconf 75' lang='lat'>475</span> 
     </span>
     <span class='ocr_line' id='line_1_10' title="bbox 88 632 1692 683; baseline 0 -12"><span class='ocrx_word' id='word_1_83' title='bbox 88 647 270 683; x_wconf 86' lang='lat' dir='ltr'>pugnare</span> <span class='ocrx_word' id='word_1_84' title='bbox 288 634 439 683; x_wconf 83' lang='lat' dir='ltr'>gladiis</span> <span class='ocrx_word' id='word_1_85' title='bbox 458 648 543 672; x_wconf 90' lang='lat' dir='ltr'>non</span> <span class='ocrx_word' id='word_1_86' title='bbox 563 633 699 672; x_wconf 87' lang='lat' dir='ltr'>didici.</span> <span class='ocrx_word' id='word_1_87' title='bbox 757 633 812 670; x_wconf 89' lang='lat' dir='ltr'>Et</span> <span class='ocrx_word' id='word_1_88' title='bbox 832 635 972 670; x_wconf 87' lang='lat' dir='ltr'>tamen</span> <span class='ocrx_word' id='word_1_89' title='bbox 992 633 1154 670; x_wconf 87' lang='lat' dir='ltr'>vtinam</span> <span class='ocrx_word' id='word_1_90' title='bbox 1174 633 1325 682; x_wconf 84' lang='lat' dir='ltr'>dignus</span> <span class='ocrx_word' id='word_1_91' title='bbox 1347 633 1428 670; x_wconf 86' lang='lat' dir='ltr'>sim</span> <span class='ocrx_word' id='word_1_92' title='bbox 1448 633 1519 682; x_wconf 90' lang='lat' dir='ltr'>qui</span> <span class='ocrx_word' id='word_1_93' title='bbox 1536 632 1692 682; x_wconf 67' lang='lat' dir='ltr'>gladiis*</span> 
     </span>
     <span class='ocr_line' id='line_1_11' title="bbox 88 686 1684 738; baseline 0 -13"><span class='ocrx_word' id='word_1_94' title='bbox 88 687 330 726; x_wconf 86' lang='lat' dir='ltr'>occumbam</span> <span class='ocrx_word' id='word_1_95' title='bbox 351 688 397 726; x_wconf 91' lang='lat' dir='ltr'>in</span> <span class='ocrx_word' id='word_1_96' title='bbox 420 690 509 726; x_wconf 89' lang='lat' dir='ltr'>tam</span> <span class='ocrx_word' id='word_1_97' title='bbox 529 689 596 738; x_wconf 86' lang='lat' dir='ltr'>pia</span> <span class='ocrx_word' id='word_1_98' title='bbox 616 688 760 726; x_wconf 77' lang='lat' dir='ltr'>causa!</span> <span class='ocrx_word' id='word_1_99' title='bbox 818 687 862 725; x_wconf 89' lang='lat' dir='ltr'>Si</span> <span class='ocrx_word' id='word_1_100' title='bbox 890 686 1109 725; x_wconf 88' lang='lat' dir='ltr'>minantur</span> <span class='ocrx_word' id='word_1_101' title='bbox 1133 687 1289 724; x_wconf 88' lang='lat' dir='ltr'>acriora</span> <span class='ocrx_word' id='word_1_102' title='bbox 1308 686 1414 734; x_wconf 89' lang='lat' dir='ltr'>stilo,</span> <span class='ocrx_word' id='word_1_103' title='bbox 1438 687 1530 736; x_wconf 90' lang='lat' dir='ltr'>quis</span> <span class='ocrx_word' id='word_1_104' title='bbox 1550 700 1618 725; x_wconf 87' lang='lat' dir='ltr'>eos</span> <span class='ocrx_word' id='word_1_105' title='bbox 1638 687 1684 725; x_wconf 89' lang='lat' dir='ltr'>in</span> 
     </span>
     <span class='ocr_line' id='line_1_12' title="bbox 88 740 1682 791; baseline 0 -11"><span class='ocrx_word' id='word_1_106' title='bbox 88 755 154 780; x_wconf 89' lang='lat' dir='ltr'>me</span> <span class='ocrx_word' id='word_1_107' title='bbox 181 742 415 790; x_wconf 89' lang='lat' dir='ltr'>concitauit,</span> <span class='ocrx_word' id='word_1_108' title='bbox 439 742 521 781; x_wconf 88' lang='lat' dir='ltr'>nisi</span> <span class='ocrx_word' id='word_1_109' title='bbox 540 745 586 780; x_wconf 87' lang='lat' dir='ltr'>tu</span> <span class='ocrx_word' id='word_1_110' title='bbox 610 743 698 791; x_wconf 87' lang='lat' dir='ltr'>ipse</span> <span class='ocrx_word' id='word_1_111' title='bbox 717 741 789 791; x_wconf 89' lang='lat' dir='ltr'>qui</span> <span class='ocrx_word' id='word_1_112' title='bbox 808 741 915 779; x_wconf 90' lang='lat' dir='ltr'>nihil</span> <span class='ocrx_word' id='word_1_113' title='bbox 935 754 1020 779; x_wconf 89' lang='lat' dir='ltr'>non</span> <span class='ocrx_word' id='word_1_114' title='bbox 1042 740 1143 779; x_wconf 88' lang='lat' dir='ltr'>dicis</span> <span class='ocrx_word' id='word_1_115' title='bbox 1162 741 1272 779; x_wconf 88' lang='lat' dir='ltr'>vnde</span> <span class='ocrx_word' id='word_1_116' title='bbox 1290 755 1358 779; x_wconf 89' lang='lat' dir='ltr'>me</span> <span class='ocrx_word' id='word_1_117' title='bbox 1377 741 1490 779; x_wconf 86' lang='lat' dir='ltr'>ledas</span> <span class='ocrx_word' id='word_1_118' title='bbox 1503 743 1524 780; x_wconf 69' lang='grc' dir='ltr'>Ῥ</span> <span class='ocrx_word' id='word_1_119' title='bbox 1580 742 1682 790; x_wconf 78' lang='lat' dir='ltr'>Quis</span> 
     </span>
     <span class='ocr_line' id='line_1_13' title="bbox 87 795 1682 846; baseline 0 -12"><span class='ocrx_word' id='word_1_120' title='bbox 87 799 183 835; x_wconf 88' lang='lat' dir='ltr'>tam·</span> <span class='ocrx_word' id='word_1_121' title='bbox 203 797 314 835; x_wconf 87' lang='lat' dir='ltr'>ferus</span> <span class='ocrx_word' id='word_1_122' title='bbox 344 799 404 835; x_wconf 86' lang='lat' dir='ltr'>est</span> <span class='ocrx_word' id='word_1_123' title='bbox 424 799 469 834; x_wconf 83' lang='lat' dir='ltr'>vt</span> <span class='ocrx_word' id='word_1_124' title='bbox 498 797 629 835; x_wconf 62' lang='lat' dir='ltr'>seui-at</span> <span class='ocrx_word' id='word_1_125' title='bbox 659 809 732 834; x_wconf 89' lang='lat' dir='ltr'>sua</span> <span class='ocrx_word' id='word_1_126' title='bbox 760 798 921 846; x_wconf 82' lang='lat' dir='ltr'>sponte,</span> <span class='ocrx_word' id='word_1_127' title='bbox 954 795 1072 834; x_wconf 89' lang='lat' dir='ltr'>nulla</span> <span class='ocrx_word' id='word_1_128' title='bbox 1102 795 1260 834; x_wconf 89' lang='lat' dir='ltr'>ratione</span> <span class='ocrx_word' id='word_1_129' title='bbox 1290 797 1569 844; x_wconf 77' lang='lat' dir='ltr'>prouocatus?</span> <span class='ocrx_word' id='word_1_130' title='bbox 1597 796 1682 834; x_wconf 89' lang='lat' dir='ltr'>imo</span> 
     </span>
     <span class='ocr_line' id='line_1_14' title="bbox 87 849 1764 900; baseline 0 -12"><span class='ocrx_word' id='word_1_131' title='bbox 87 851 186 900; x_wconf 90' lang='lat' dir='ltr'>quid</span> <span class='ocrx_word' id='word_1_132' title='bbox 208 853 294 889; x_wconf 89' lang='lat' dir='ltr'>tam</span> <span class='ocrx_word' id='word_1_133' title='bbox 314 864 438 900; x_wconf 86' lang='lat' dir='ltr'>graue</span> <span class='ocrx_word' id='word_1_134' title='bbox 458 852 568 889; x_wconf 80' lang='lat' dir='ltr'>vnde</span> <span class='ocrx_word' id='word_1_135' title='bbox 598 850 753 889; x_wconf 84' lang='lat' dir='ltr'>irritari</span> <span class='ocrx_word' id='word_1_136' title='bbox 779 849 1024 899; x_wconf 77' lang='lat' dir='ltr'>potuerint?</span> <span class='ocrx_word' id='word_1_137' title='bbox 1081 849 1192 898; x_wconf 75' lang='lat' dir='ltr'>Quin</span> <span class='ocrx_word' id='word_1_138' title='bbox 1214 851 1339 888; x_wconf 85' lang='lat' dir='ltr'>etiam</span> <span class='ocrx_word' id='word_1_139' title='bbox 1366 850 1402 888; x_wconf 91' lang='lat' dir='ltr'>si</span> <span class='ocrx_word' id='word_1_140' title='bbox 1422 863 1518 888; x_wconf 86' lang='lat' dir='ltr'>vera</span> <span class='ocrx_word' id='word_1_141' title='bbox 1544 852 1683 888; x_wconf 85' lang='lat' dir='ltr'>essent</span> <span class='ocrx_word' id='word_1_142' title='bbox 1701 853 1764 892; x_wconf 78' lang='lat'>480</span> 
     </span>
     <span class='ocr_line' id='line_1_15' title="bbox 87 904 1683 954; baseline -0.001 -11"><span class='ocrx_word' id='word_1_143' title='bbox 87 918 190 954; x_wconf 87' lang='lat' dir='ltr'>quae</span> <span class='ocrx_word' id='word_1_144' title='bbox 214 908 357 943; x_wconf 89' lang='lat' dir='ltr'>contra</span> <span class='ocrx_word' id='word_1_145' title='bbox 376 919 443 944; x_wconf 91' lang='lat' dir='ltr'>me</span> <span class='ocrx_word' id='word_1_146' title='bbox 464 919 548 943; x_wconf 89' lang='lat' dir='ltr'>non</span> <span class='ocrx_word' id='word_1_147' title='bbox 578 905 719 943; x_wconf 83' lang='lat' dir='ltr'>minus</span> <span class='ocrx_word' id='word_1_148' title='bbox 738 904 844 942; x_wconf 85' lang='lat' dir='ltr'>falso</span> <span class='ocrx_word' id='word_1_149' title='bbox 870 917 995 954; x_wconf 89' lang='lat' dir='ltr'>quam</span> <span class='ocrx_word' id='word_1_150' title='bbox 1015 904 1223 942; x_wconf 81' lang='lat' dir='ltr'>virulente</span> <span class='ocrx_word' id='word_1_151' title='bbox 1248 907 1416 953; x_wconf 81' lang='lat' dir='ltr'>torques</span> <span class='ocrx_word' id='word_1_152' title='bbox 1442 905 1486 942; x_wconf 90' lang='lat' dir='ltr'>in</span> <span class='ocrx_word' id='word_1_153' title='bbox 1507 905 1583 942; x_wconf 84' lang='lat' dir='ltr'>hac</span> <span class='ocrx_word' id='word_1_154' title='bbox 1603 906 1683 953; x_wconf 86' lang='lat' dir='ltr'>epi-</span> 
     </span>
     <span class='ocr_line' id='line_1_16' title="bbox 85 958 1685 1008; baseline 0.001 -11"><span class='ocrx_word' id='word_1_155' title='bbox 85 959 201 1007; x_wconf 87' lang='lat' dir='ltr'>stola,</span> <span class='ocrx_word' id='word_1_156' title='bbox 221 973 323 997; x_wconf 90' lang='lat' dir='ltr'>num</span> <span class='ocrx_word' id='word_1_157' title='bbox 340 962 506 998; x_wconf 89' lang='lat' dir='ltr'>tantum</span> <span class='ocrx_word' id='word_1_158' title='bbox 526 960 693 998; x_wconf 89' lang='lat' dir='ltr'>sceleris</span> <span class='ocrx_word' id='word_1_159' title='bbox 712 958 779 997; x_wconf 87' lang='lat' dir='ltr'>hic</span> <span class='ocrx_word' id='word_1_160' title='bbox 799 959 862 997; x_wconf 87' lang='lat' dir='ltr'>est</span> <span class='ocrx_word' id='word_1_161' title='bbox 876 960 922 997; x_wconf 90' lang='lat' dir='ltr'>vt</span> <span class='ocrx_word' id='word_1_162' title='bbox 942 971 1027 997; x_wconf 89' lang='lat' dir='ltr'>non</span> <span class='ocrx_word' id='word_1_163' title='bbox 1046 958 1127 996; x_wconf 88' lang='lat' dir='ltr'>nisi</span> <span class='ocrx_word' id='word_1_164' title='bbox 1147 958 1282 1008; x_wconf 88' lang='lat' dir='ltr'>gladio</span> <span class='ocrx_word' id='word_1_165' title='bbox 1299 958 1503 996; x_wconf 86' lang='lat' dir='ltr'>vindicari</span> <span class='ocrx_word' id='word_1_166' title='bbox 1521 958 1685 1008; x_wconf 74' lang='lat' dir='ltr'>possit?</span> 
     </span>
     <span class='ocr_line' id='line_1_17' title="bbox 85 1011 1684 1064; baseline -0.001 -12"><span class='ocrx_word' id='word_1_167' title='bbox 85 1014 216 1052; x_wconf 87' lang='lat' dir='ltr'>Plane</span> <span class='ocrx_word' id='word_1_168' title='bbox 236 1014 272 1052; x_wconf 89' lang='lat' dir='ltr'>si</span> <span class='ocrx_word' id='word_1_169' title='bbox 290 1027 436 1053; x_wconf 87' lang='lat' dir='ltr'>verum</span> <span class='ocrx_word' id='word_1_170' title='bbox 456 1015 509 1052; x_wconf 86' lang='lat' dir='ltr'>sit</span> <span class='ocrx_word' id='word_1_171' title='bbox 527 1015 636 1064; x_wconf 81' lang='lat' dir='ltr'>quod</span> <span class='ocrx_word' id='word_1_172' title='bbox 657 1014 823 1063; x_wconf 85' lang='lat' dir='ltr'>oblique</span> <span class='ocrx_word' id='word_1_173' title='bbox 837 1013 969 1051; x_wconf 87' lang='lat' dir='ltr'>veluti</span> <span class='ocrx_word' id='word_1_174' title='bbox 988 1011 1066 1051; x_wconf 90' lang='lat' dir='ltr'>sub</span> <span class='ocrx_word' id='word_1_175' title='bbox 1086 1013 1220 1051; x_wconf 88' lang='lat' dir='ltr'>aliena</span> <span class='ocrx_word' id='word_1_176' title='bbox 1240 1026 1414 1063; x_wconf 88' lang='lat' dir='ltr'>persona</span> <span class='ocrx_word' id='word_1_177' title='bbox 1434 1013 1539 1051; x_wconf 89' lang='lat' dir='ltr'>mihi</span> <span class='ocrx_word' id='word_1_178' title='bbox 1554 1013 1684 1051; x_wconf 89' lang='lat' dir='ltr'>mina·</span> 
     </span>
     <span class='ocr_line' id='line_1_18' title="bbox 85 1066 1682 1117; baseline 0.001 -12"><span class='ocrx_word' id='word_1_179' title='bbox 85 1067 154 1115; x_wconf 77' lang='lat' dir='ltr'>ris,</span> <span class='ocrx_word' id='word_1_180' title='bbox 182 1068 372 1117; x_wconf 84' lang='lat' dir='ltr'>grauiora</span> <span class='ocrx_word' id='word_1_181' title='bbox 398 1069 447 1107; x_wconf 87' lang='lat' dir='ltr'>de</span> <span class='ocrx_word' id='word_1_182' title='bbox 478 1082 543 1107; x_wconf 88' lang='lat' dir='ltr'>me</span> <span class='ocrx_word' id='word_1_183' title='bbox 571 1068 747 1107; x_wconf 82' lang='lat' dir='ltr'>effutisti</span> <span class='ocrx_word' id='word_1_184' title='bbox 771 1081 896 1117; x_wconf 90' lang='lat' dir='ltr'>quam</span> <span class='ocrx_word' id='word_1_185' title='bbox 926 1067 1081 1106; x_wconf 86' lang='lat' dir='ltr'>scribis.</span> <span class='ocrx_word' id='word_1_186' title='bbox 1142 1066 1250 1105; x_wconf 85' lang='lat' dir='ltr'>Nam</span> <span class='ocrx_word' id='word_1_187' title='bbox 1276 1067 1375 1105; x_wconf 89' lang='lat' dir='ltr'>haec</span> <span class='ocrx_word' id='word_1_188' title='bbox 1406 1068 1562 1106; x_wconf 89' lang='lat' dir='ltr'>leuiora</span> <span class='ocrx_word' id='word_1_189' title='bbox 1584 1070 1682 1106; x_wconf 88' lang='lat' dir='ltr'>sunt</span> 
     </span>
     <span class='ocr_line' id='line_1_19' title="bbox 84 1121 1764 1174; baseline 0.002 -14"><span class='ocrx_word' id='word_1_190' title='bbox 84 1135 210 1172; x_wconf 87' lang='lat' dir='ltr'>quam</span> <span class='ocrx_word' id='word_1_191' title='bbox 223 1124 269 1161; x_wconf 87' lang='lat' dir='ltr'>vt</span> <span class='ocrx_word' id='word_1_192' title='bbox 282 1124 464 1174; x_wconf 89' lang='lat' dir='ltr'>aliquem</span> <span class='ocrx_word' id='word_1_193' title='bbox 483 1123 587 1161; x_wconf 91' lang='lat' dir='ltr'>bene</span> <span class='ocrx_word' id='word_1_194' title='bbox 608 1135 706 1160; x_wconf 83' lang='lat' dir='ltr'>sane</span> <span class='ocrx_word' id='word_1_195' title='bbox 726 1122 987 1161; x_wconf 88' lang='lat' dir='ltr'>stomachum</span> <span class='ocrx_word' id='word_1_196' title='bbox 1007 1122 1058 1160; x_wconf 84' lang='lat' dir='ltr'>ad</span> <span class='ocrx_word' id='word_1_197' title='bbox 1078 1122 1208 1160; x_wconf 87' lang='lat' dir='ltr'>fustes</span> <span class='ocrx_word' id='word_1_198' title='bbox 1227 1135 1487 1160; x_wconf 86' lang='lat' dir='ltr'>commouere</span> <span class='ocrx_word' id='word_1_199' title='bbox 1506 1123 1679 1172; x_wconf 80' lang='lat' dir='ltr'>possint.</span> <span class='ocrx_word' id='word_1_200' title='bbox 1701 1121 1764 1163; x_wconf 75' lang='lat'>485</span> 
     </span>
    </p>

    <p class='ocr_par' dir='ltr' id='par_1_3' title="bbox 82 1175 1764 1989">
     <span class='ocr_line' id='line_1_20' title="bbox 138 1175 1681 1226; baseline 0 -12"><span class='ocrx_word' id='word_1_201' title='bbox 138 1175 193 1215; x_wconf 90' lang='lat' dir='ltr'>Et</span> <span class='ocrx_word' id='word_1_202' title='bbox 216 1177 288 1215; x_wconf 89' lang='lat' dir='ltr'>vbi</span> <span class='ocrx_word' id='word_1_203' title='bbox 310 1191 421 1216; x_wconf 91' lang='lat' dir='ltr'>nunc</span> <span class='ocrx_word' id='word_1_204' title='bbox 446 1178 729 1216; x_wconf 82' lang='lat' dir='ltr'>Christianum</span> <span class='ocrx_word' id='word_1_205' title='bbox 753 1180 896 1226; x_wconf 87' lang='lat' dir='ltr'>pectus</span> <span class='ocrx_word' id='word_1_206' title='bbox 920 1178 1053 1222; x_wconf 89' lang='lat' dir='ltr'>tuum,</span> <span class='ocrx_word' id='word_1_207' title='bbox 1082 1177 1190 1226; x_wconf 92' lang='lat' dir='ltr'>quod</span> <span class='ocrx_word' id='word_1_208' title='bbox 1212 1189 1426 1226; x_wconf 83' lang='lat' dir='ltr'>nunquam</span> <span class='ocrx_word' id='word_1_209' title='bbox 1448 1178 1578 1226; x_wconf 83' lang='lat' dir='ltr'>spirat</span> <span class='ocrx_word' id='word_1_210' title='bbox 1598 1177 1681 1215; x_wconf 91' lang='lat' dir='ltr'>nisi</span> 
     </span>
     <span class='ocr_line' id='line_1_21' title="bbox 83 1230 1681 1280; baseline 0.001 -12"><span class='ocrx_word' id='word_1_211' title='bbox 83 1230 316 1279; x_wconf 89' lang='lat' dir='ltr'>charitates,</span> <span class='ocrx_word' id='word_1_212' title='bbox 326 1232 559 1280; x_wconf 84' lang='lat' dir='ltr'>modestias,</span> <span class='ocrx_word' id='word_1_213' title='bbox 570 1232 789 1270; x_wconf 82' lang='lat' dir='ltr'>facilitates</span> <span class='ocrx_word' id='word_1_214' title='bbox 801 1233 843 1269; x_wconf 89' lang='lat' dir='ltr'>et</span> <span class='ocrx_word' id='word_1_215' title='bbox 855 1230 1142 1279; x_wconf 82' lang='lat' dir='ltr'>simplicitates</span> <span class='ocrx_word' id='word_1_216' title='bbox 1151 1232 1170 1269; x_wconf 70' lang='grc' dir='ltr'>Ῥ</span> <span class='ocrx_word' id='word_1_217' title='bbox 1198 1230 1438 1269; x_wconf 83' lang='lat' dir='ltr'>Tantumne</span> <span class='ocrx_word' id='word_1_218' title='bbox 1453 1231 1531 1269; x_wconf 89' lang='lat' dir='ltr'>tibi</span> <span class='ocrx_word' id='word_1_219' title='bbox 1543 1231 1681 1280; x_wconf 86' lang='lat' dir='ltr'>places</span> 
     </span>
     <span class='ocr_line' id='line_1_22' title="bbox 84 1284 1681 1331; baseline 0.001 -9"><span class='ocrx_word' id='word_1_220' title='bbox 84 1284 151 1323; x_wconf 87' lang='lat' dir='ltr'>his</span> <span class='ocrx_word' id='word_1_221' title='bbox 174 1286 419 1324; x_wconf 80' lang='lat' dir='ltr'>vocabulis?</span> <span class='ocrx_word' id='word_1_222' title='bbox 475 1286 634 1325; x_wconf 83' lang='lat' dir='ltr'>Siccine</span> <span class='ocrx_word' id='word_1_223' title='bbox 659 1299 868 1324; x_wconf 88' lang='lat' dir='ltr'>summam</span> <span class='ocrx_word' id='word_1_224' title='bbox 892 1285 1041 1323; x_wconf 84' lang='lat' dir='ltr'>statuis</span> <span class='ocrx_word' id='word_1_225' title='bbox 1061 1284 1381 1331; x_wconf 87' lang='lat' dir='ltr'>Christianismi,</span> <span class='ocrx_word' id='word_1_226' title='bbox 1408 1287 1454 1323; x_wconf 89' lang='lat' dir='ltr'>vt</span> <span class='ocrx_word' id='word_1_227' title='bbox 1481 1285 1516 1323; x_wconf 86' lang='lat' dir='ltr'>si</span> <span class='ocrx_word' id='word_1_228' title='bbox 1543 1285 1681 1324; x_wconf 85' lang='lat' dir='ltr'>verbis</span> 
     </span>
     <span class='ocr_line' id='line_1_23' title="bbox 84 1339 1681 1389; baseline 0.001 -12"><span class='ocrx_word' id='word_1_229' title='bbox 84 1352 208 1389; x_wconf 84' lang='lat' dir='ltr'>queas</span> <span class='ocrx_word' id='word_1_230' title='bbox 223 1341 478 1389; x_wconf 86' lang='lat' dir='ltr'>adumbrare,</span> <span class='ocrx_word' id='word_1_231' title='bbox 501 1341 607 1379; x_wconf 88' lang='lat' dir='ltr'>nihil</span> <span class='ocrx_word' id='word_1_232' title='bbox 627 1354 712 1378; x_wconf 90' lang='lat' dir='ltr'>non</span> <span class='ocrx_word' id='word_1_233' title='bbox 738 1339 976 1378; x_wconf 85' lang='lat' dir='ltr'>audendum</span> <span class='ocrx_word' id='word_1_234' title='bbox 996 1339 1050 1377; x_wconf 88' lang='lat' dir='ltr'>sit</span> <span class='ocrx_word' id='word_1_235' title='bbox 1070 1339 1246 1385; x_wconf 87' lang='lat' dir='ltr'>sceleris,</span> <span class='ocrx_word' id='word_1_236' title='bbox 1271 1341 1317 1377; x_wconf 87' lang='lat' dir='ltr'>vt</span> <span class='ocrx_word' id='word_1_237' title='bbox 1338 1342 1378 1377; x_wconf 89' lang='lat' dir='ltr'>et</span> <span class='ocrx_word' id='word_1_238' title='bbox 1398 1341 1515 1378; x_wconf 86' lang='lat' dir='ltr'>tutus</span> <span class='ocrx_word' id='word_1_239' title='bbox 1535 1340 1589 1378; x_wconf 90' lang='lat' dir='ltr'>sit</span> <span class='ocrx_word' id='word_1_240' title='bbox 1610 1340 1681 1389; x_wconf 92' lang='lat' dir='ltr'>qui</span> 
     </span>
     <span class='ocr_line' id='line_1_24' title="bbox 83 1393 1764 1444; baseline 0.002 -13"><span class='ocrx_word' id='word_1_241' title='bbox 83 1393 240 1432; x_wconf 89' lang='lat' dir='ltr'>crimen</span> <span class='ocrx_word' id='word_1_242' title='bbox 256 1394 439 1442; x_wconf 86' lang='lat' dir='ltr'>molitur,</span> <span class='ocrx_word' id='word_1_243' title='bbox 455 1395 489 1433; x_wconf 88' lang='lat' dir='ltr'>si</span> <span class='ocrx_word' id='word_1_244' title='bbox 511 1395 555 1432; x_wconf 90' lang='lat' dir='ltr'>in</span> <span class='ocrx_word' id='word_1_245' title='bbox 575 1395 752 1432; x_wconf 82' lang='lat' dir='ltr'>aliorum</span> <span class='ocrx_word' id='word_1_246' title='bbox 773 1394 842 1444; x_wconf 91' lang='lat' dir='ltr'>qui</span> <span class='ocrx_word' id='word_1_247' title='bbox 863 1395 967 1432; x_wconf 83' lang='lat' dir='ltr'>forte</span> <span class='ocrx_word' id='word_1_248' title='bbox 987 1393 1096 1431; x_wconf 90' lang='lat' dir='ltr'>nihil</span> <span class='ocrx_word' id='word_1_249' title='bbox 1109 1393 1262 1431; x_wconf 91' lang='lat' dir='ltr'>conscii</span> <span class='ocrx_word' id='word_1_250' title='bbox 1282 1398 1392 1441; x_wconf 88' lang='lat' dir='ltr'>sunt,</span> <span class='ocrx_word' id='word_1_251' title='bbox 1409 1396 1531 1443; x_wconf 89' lang='lat' dir='ltr'>caput</span> <span class='ocrx_word' id='word_1_252' title='bbox 1551 1394 1680 1444; x_wconf 86' lang='lat' dir='ltr'>possit</span> <span class='ocrx_word' id='word_1_253' title='bbox 1699 1404 1764 1436; x_wconf 82' lang='lat'>490</span> 
     </span>
     <span class='ocr_line' id='line_1_25' title="bbox 84 1448 1681 1498; baseline 0 -13"><span class='ocrx_word' id='word_1_254' title='bbox 84 1448 281 1488; x_wconf 82' lang='lat' dir='ltr'>reiicere‘?</span> <span class='ocrx_word' id='word_1_255' title='bbox 337 1449 445 1497; x_wconf 78' lang='lat' dir='ltr'>Quin</span> <span class='ocrx_word' id='word_1_256' title='bbox 465 1463 575 1497; x_wconf 82' lang='lat' dir='ltr'>vero,</span> <span class='ocrx_word' id='word_1_257' title='bbox 599 1462 672 1498; x_wconf 84' lang='lat' dir='ltr'>age</span> <span class='ocrx_word' id='word_1_258' title='bbox 692 1448 926 1498; x_wconf 82' lang='lat' dir='ltr'>aliquando,</span> <span class='ocrx_word' id='word_1_259' title='bbox 948 1450 1020 1486; x_wconf 87' lang='lat' dir='ltr'>aut</span> <span class='ocrx_word' id='word_1_260' title='bbox 1044 1448 1190 1486; x_wconf 81' lang='lat' dir='ltr'>exhibe</span> <span class='ocrx_word' id='word_1_261' title='bbox 1214 1450 1253 1486; x_wconf 89' lang='lat' dir='ltr'>te</span> <span class='ocrx_word' id='word_1_262' title='bbox 1273 1461 1368 1486; x_wconf 88' lang='lat' dir='ltr'>eum</span> <span class='ocrx_word' id='word_1_263' title='bbox 1390 1448 1528 1486; x_wconf 87' lang='lat' dir='ltr'>virum</span> <span class='ocrx_word' id='word_1_264' title='bbox 1555 1461 1681 1498; x_wconf 87' lang='lat' dir='ltr'>quem</span> 
     </span>
     <span class='ocr_line' id='line_1_26' title="bbox 83 1502 1677 1552; baseline 0 -12"><span class='ocrx_word' id='word_1_265' title='bbox 83 1503 204 1541; x_wconf 87' lang='lat' dir='ltr'>toties</span> <span class='ocrx_word' id='word_1_266' title='bbox 232 1506 425 1549; x_wconf 86' lang='lat' dir='ltr'>ostentas,</span> <span class='ocrx_word' id='word_1_267' title='bbox 446 1507 517 1541; x_wconf 90' lang='lat' dir='ltr'>aut</span> <span class='ocrx_word' id='word_1_268' title='bbox 546 1517 648 1541; x_wconf 74' lang='lat' dir='ltr'>exue</span> <span class='ocrx_word' id='word_1_269' title='bbox 678 1515 909 1552; x_wconf 86' lang='lat' dir='ltr'>personam,</span> <span class='ocrx_word' id='word_1_270' title='bbox 937 1504 984 1540; x_wconf 88' lang='lat' dir='ltr'>vt</span> <span class='ocrx_word' id='word_1_271' title='bbox 1007 1502 1119 1540; x_wconf 88' lang='lat' dir='ltr'>orbis</span> <span class='ocrx_word' id='word_1_272' title='bbox 1144 1505 1360 1552; x_wconf 83' lang='lat' dir='ltr'>cognoscat</span> <span class='ocrx_word' id='word_1_273' title='bbox 1385 1506 1425 1540; x_wconf 87' lang='lat' dir='ltr'>te</span> <span class='ocrx_word' id='word_1_274' title='bbox 1455 1502 1589 1551; x_wconf 88' lang='lat' dir='ltr'>qualis</span> <span class='ocrx_word' id='word_1_275' title='bbox 1608 1502 1677 1540; x_wconf 87' lang='lat' dir='ltr'>sis.</span> 
     </span>
     <span class='ocr_line' id='line_1_27' title="bbox 84 1556 1678 1607; baseline -0.001 -12"><span class='ocrx_word' id='word_1_276' title='bbox 84 1556 419 1607; x_wconf 86' lang='lat' dir='ltr'>Disputationem</span> <span class='ocrx_word' id='word_1_277' title='bbox 440 1558 489 1596; x_wconf 93' lang='lat' dir='ltr'>de</span> <span class='ocrx_word' id='word_1_278' title='bbox 509 1558 642 1596; x_wconf 88' lang='lat' dir='ltr'>literis</span> <span class='ocrx_word' id='word_1_279' title='bbox 662 1558 799 1604; x_wconf 88' lang='lat' dir='ltr'>sacris,</span> <span class='ocrx_word' id='word_1_280' title='bbox 824 1557 894 1606; x_wconf 88' lang='lat' dir='ltr'>qui</span> <span class='ocrx_word' id='word_1_281' title='bbox 920 1556 1073 1595; x_wconf 87' lang='lat' dir='ltr'>alicubi</span> <span class='ocrx_word' id='word_1_282' title='bbox 1091 1556 1223 1594; x_wconf 84' lang='lat' dir='ltr'>videri</span> <span class='ocrx_word' id='word_1_283' title='bbox 1244 1557 1308 1594; x_wconf 89' lang='lat' dir='ltr'>vis</span> <span class='ocrx_word' id='word_1_284' title='bbox 1334 1559 1531 1605; x_wconf 84' lang='lat' dir='ltr'>patronus</span> <span class='ocrx_word' id='word_1_285' title='bbox 1555 1557 1678 1606; x_wconf 87' lang='lat' dir='ltr'>pacis,</span> 
     </span>
     <span class='ocr_line' id='line_1_28' title="bbox 83 1610 1679 1661; baseline 0 -12"><span class='ocrx_word' id='word_1_286' title='bbox 83 1611 233 1650; x_wconf 89' lang='lat' dir='ltr'>misces</span> <span class='ocrx_word' id='word_1_287' title='bbox 262 1626 356 1651; x_wconf 88' lang='lat' dir='ltr'>cum</span> <span class='ocrx_word' id='word_1_288' title='bbox 385 1612 564 1651; x_wconf 88' lang='lat' dir='ltr'>fustibus</span> <span class='ocrx_word' id='word_1_289' title='bbox 590 1615 631 1650; x_wconf 90' lang='lat' dir='ltr'>et</span> <span class='ocrx_word' id='word_1_290' title='bbox 657 1611 838 1661; x_wconf 71' lang='lat' dir='ltr'>gladiis?</span> <span class='ocrx_word' id='word_1_291' title='bbox 894 1611 955 1649; x_wconf 89' lang='lat' dir='ltr'>De</span> <span class='ocrx_word' id='word_1_292' title='bbox 983 1623 1051 1648; x_wconf 90' lang='lat' dir='ltr'>me</span> <span class='ocrx_word' id='word_1_293' title='bbox 1080 1610 1206 1649; x_wconf 90' lang='lat' dir='ltr'>nihili</span> <span class='ocrx_word' id='word_1_294' title='bbox 1236 1611 1405 1649; x_wconf 86' lang='lat' dir='ltr'>homine</span> <span class='ocrx_word' id='word_1_295' title='bbox 1426 1614 1472 1649; x_wconf 89' lang='lat' dir='ltr'>vt</span> <span class='ocrx_word' id='word_1_296' title='bbox 1492 1611 1600 1649; x_wconf 91' lang='lat' dir='ltr'>nihil</span> <span class='ocrx_word' id='word_1_297' title='bbox 1623 1611 1679 1649; x_wconf 91' lang='lat' dir='ltr'>sit</span> 
     </span>
     <span class='ocr_line' id='line_1_29' title="bbox 83 1665 1761 1716; baseline 0.001 -13"><span class='ocrx_word' id='word_1_298' title='bbox 83 1665 272 1714; x_wconf 87' lang='lat' dir='ltr'>iacturae,</span> <span class='ocrx_word' id='word_1_299' title='bbox 293 1667 526 1716; x_wconf 84' lang='lat' dir='ltr'>praecogita</span> <span class='ocrx_word' id='word_1_300' title='bbox 546 1670 686 1705; x_wconf 85' lang='lat' dir='ltr'>tamen</span> <span class='ocrx_word' id='word_1_301' title='bbox 705 1669 844 1704; x_wconf 87' lang='lat' dir='ltr'>tecum</span> <span class='ocrx_word' id='word_1_302' title='bbox 865 1665 964 1716; x_wconf 87' lang='lat' dir='ltr'>quid</span> <span class='ocrx_word' id='word_1_303' title='bbox 989 1665 1174 1704; x_wconf 85' lang='lat' dir='ltr'>Ecclesia</span> <span class='ocrx_word' id='word_1_304' title='bbox 1201 1666 1278 1704; x_wconf 90' lang='lat' dir='ltr'>Dei</span> <span class='ocrx_word' id='word_1_305' title='bbox 1298 1678 1468 1715; x_wconf 86' lang='lat' dir='ltr'>passura</span> <span class='ocrx_word' id='word_1_306' title='bbox 1491 1665 1556 1713; x_wconf 90' lang='lat' dir='ltr'>sit,</span> <span class='ocrx_word' id='word_1_307' title='bbox 1581 1665 1616 1704; x_wconf 91' lang='lat' dir='ltr'>si</span> <span class='ocrx_word' id='word_1_308' title='bbox 1636 1666 1680 1704; x_wconf 90' lang='lat' dir='ltr'>in</span> <span class='ocrx_word' id='word_1_309' title='bbox 1699 1674 1761 1705; x_wconf 87' lang='lat'>495</span> 
     </span>
     <span class='ocr_line' id='line_1_30' title="bbox 83 1719 1680 1770; baseline 0.001 -13"><span class='ocrx_word' id='word_1_310' title='bbox 83 1733 172 1758; x_wconf 86' lang='lat' dir='ltr'>eam</span> <span class='ocrx_word' id='word_1_311' title='bbox 189 1723 228 1759; x_wconf 85' lang='lat' dir='ltr'>te</span> <span class='ocrx_word' id='word_1_312' title='bbox 241 1721 415 1759; x_wconf 89' lang='lat' dir='ltr'>authore</span> <span class='ocrx_word' id='word_1_313' title='bbox 430 1722 505 1760; x_wconf 88' lang='lat' dir='ltr'>hoc</span> <span class='ocrx_word' id='word_1_314' title='bbox 525 1721 764 1770; x_wconf 80' lang='lat' dir='ltr'>exemplum</span> <span class='ocrx_word' id='word_1_315' title='bbox 776 1720 998 1770; x_wconf 86' lang='lat' dir='ltr'>irrepserit,</span> <span class='ocrx_word' id='word_1_316' title='bbox 1022 1722 1069 1759; x_wconf 84' lang='lat' dir='ltr'>vt</span> <span class='ocrx_word' id='word_1_317' title='bbox 1090 1719 1141 1758; x_wconf 88' lang='lat' dir='ltr'>de</span> <span class='ocrx_word' id='word_1_318' title='bbox 1160 1720 1288 1758; x_wconf 83' lang='lat' dir='ltr'>sacris</span> <span class='ocrx_word' id='word_1_319' title='bbox 1308 1720 1442 1758; x_wconf 88' lang='lat' dir='ltr'>literis</span> <span class='ocrx_word' id='word_1_320' title='bbox 1458 1720 1680 1758; x_wconf 86' lang='lat' dir='ltr'>dissidium</span> 
     </span>
     <span class='ocr_line' id='line_1_31' title="bbox 83 1775 1682 1823; baseline 0.001 -13"><span class='ocrx_word' id='word_1_321' title='bbox 83 1775 246 1823; x_wconf 81' lang='lat' dir='ltr'>quoties</span> <span class='ocrx_word' id='word_1_322' title='bbox 266 1778 460 1822; x_wconf 88' lang='lat' dir='ltr'>occurret,</span> <span class='ocrx_word' id='word_1_323' title='bbox 479 1776 527 1814; x_wconf 88' lang='lat' dir='ltr'>ad</span> <span class='ocrx_word' id='word_1_324' title='bbox 549 1776 791 1813; x_wconf 90' lang='lat' dir='ltr'>sicariorum</span> <span class='ocrx_word' id='word_1_325' title='bbox 807 1787 980 1812; x_wconf 82' lang='lat' dir='ltr'>examen</span> <span class='ocrx_word' id='word_1_326' title='bbox 1000 1787 1066 1813; x_wconf 89' lang='lat' dir='ltr'>res</span> <span class='ocrx_word' id='word_1_327' title='bbox 1086 1777 1316 1812; x_wconf 88' lang='lat' dir='ltr'>reuocetur.</span> <span class='ocrx_word' id='word_1_328' title='bbox 1358 1775 1413 1812; x_wconf 92' lang='lat' dir='ltr'>Et</span> <span class='ocrx_word' id='word_1_329' title='bbox 1433 1776 1543 1812; x_wconf 90' lang='lat' dir='ltr'>certo</span> <span class='ocrx_word' id='word_1_330' title='bbox 1563 1775 1682 1812; x_wconf 86' lang='lat' dir='ltr'>crede</span> 
     </span>
     <span class='ocr_line' id='line_1_32' title="bbox 82 1828 1677 1879; baseline 0 -13"><span class='ocrx_word' id='word_1_331' title='bbox 82 1829 165 1867; x_wconf 87' lang='lat' dir='ltr'>fore</span> <span class='ocrx_word' id='word_1_332' title='bbox 185 1833 230 1868; x_wconf 90' lang='lat' dir='ltr'>vt</span> <span class='ocrx_word' id='word_1_333' title='bbox 248 1831 468 1879; x_wconf 87' lang='lat' dir='ltr'>posteritas</span> <span class='ocrx_word' id='word_1_334' title='bbox 491 1831 684 1868; x_wconf 87' lang='lat' dir='ltr'>habitura</span> <span class='ocrx_word' id='word_1_335' title='bbox 713 1829 768 1867; x_wconf 89' lang='lat' dir='ltr'>sit</span> <span class='ocrx_word' id='word_1_336' title='bbox 797 1829 962 1867; x_wconf 87' lang='lat' dir='ltr'>Erasmi</span> <span class='ocrx_word' id='word_1_337' title='bbox 981 1840 1134 1866; x_wconf 88' lang='lat' dir='ltr'>nomen</span> <span class='ocrx_word' id='word_1_338' title='bbox 1154 1831 1352 1878; x_wconf 88' lang='lat' dir='ltr'>tanquam</span> <span class='ocrx_word' id='word_1_339' title='bbox 1382 1828 1677 1878; x_wconf 75' lang='lat' dir='ltr'>pestilentiam,</span> 
     </span>
     <span class='ocr_line' id='line_1_33' title="bbox 83 1882 1681 1933; baseline 0.001 -13"><span class='ocrx_word' id='word_1_340' title='bbox 83 1883 194 1921; x_wconf 90' lang='lat' dir='ltr'>luem</span> <span class='ocrx_word' id='word_1_341' title='bbox 211 1883 432 1933; x_wconf 84' lang='lat' dir='ltr'>aliquando</span> <span class='ocrx_word' id='word_1_342' title='bbox 452 1887 492 1923; x_wconf 88' lang='lat' dir='ltr'>et</span> <span class='ocrx_word' id='word_1_343' title='bbox 511 1886 834 1922; x_wconf 81' lang='lat' dir='ltr'>execrationem:</span> <span class='ocrx_word' id='word_1_344' title='bbox 865 1882 1072 1933; x_wconf 83' lang='lat' dir='ltr'>siquidem</span> <span class='ocrx_word' id='word_1_345' title='bbox 1091 1883 1324 1933; x_wconf 88' lang='lat' dir='ltr'>posteritati</span> <span class='ocrx_word' id='word_1_346' title='bbox 1344 1883 1439 1933; x_wconf 90' lang='lat' dir='ltr'>plus</span> <span class='ocrx_word' id='word_1_347' title='bbox 1458 1883 1681 1922; x_wconf 85' lang='lat' dir='ltr'>obsuturus</span> 
     </span>
     <span class='ocr_line' id='line_1_34' title="bbox 82 1938 809 1989; baseline 0 -14"><span class='ocrx_word' id='word_1_348' title='bbox 82 1951 136 1985; x_wconf 78' lang='lat' dir='ltr'>es,</span> <span class='ocrx_word' id='word_1_349' title='bbox 159 1939 286 1976; x_wconf 86' lang='lat' dir='ltr'>etiam</span> <span class='ocrx_word' id='word_1_350' title='bbox 307 1939 342 1976; x_wconf 89' lang='lat' dir='ltr'>si</span> <span class='ocrx_word' id='word_1_351' title='bbox 362 1939 525 1986; x_wconf 78' lang='lat' dir='ltr'>moriar,</span> <span class='ocrx_word' id='word_1_352' title='bbox 549 1952 671 1989; x_wconf 87' lang='lat' dir='ltr'>quam</span> <span class='ocrx_word' id='word_1_353' title='bbox 691 1938 809 1976; x_wconf 90' lang='lat' dir='ltr'>mihi.</span> 
     </span>
    </p>

    <p class='ocr_par' dir='ltr' id='par_1_4' title="bbox 80 1991 1680 2262">
     <span class='ocr_line' id='line_1_35' title="bbox 136 1991 1679 2042; baseline -0.001 -12"><span class='ocrx_word' id='word_1_354' title='bbox 136 1992 219 2030; x_wconf 80' lang='lat' dir='ltr'>Nec</span> <span class='ocrx_word' id='word_1_355' title='bbox 247 2006 340 2031; x_wconf 81' lang='lat' dir='ltr'>vero</span> <span class='ocrx_word' id='word_1_356' title='bbox 364 1994 421 2032; x_wconf 92' lang='lat' dir='ltr'>sic</span> <span class='ocrx_word' id='word_1_357' title='bbox 448 1994 529 2032; x_wconf 91' lang='lat' dir='ltr'>fide</span> <span class='ocrx_word' id='word_1_358' title='bbox 556 1993 660 2031; x_wconf 81' lang='lat' dir='ltr'>fucis</span> <span class='ocrx_word' id='word_1_359' title='bbox 689 1993 786 2039; x_wconf 79' lang='lat' dir='ltr'>tuiS,</span> <span class='ocrx_word' id='word_1_360' title='bbox 814 1992 850 2030; x_wconf 91' lang='lat' dir='ltr'>si</span> <span class='ocrx_word' id='word_1_361' title='bbox 876 1992 1097 2042; x_wconf 88' lang='lat' dir='ltr'>quicquam</span> <span class='ocrx_word' id='word_1_362' title='bbox 1122 1992 1225 2030; x_wconf 86' lang='lat' dir='ltr'>mali</span> <span class='ocrx_word' id='word_1_363' title='bbox 1249 1992 1324 2029; x_wconf 87' lang='lat' dir='ltr'>hac</span> <span class='ocrx_word' id='word_1_364' title='bbox 1351 1992 1402 2029; x_wconf 89' lang='lat' dir='ltr'>de</span> <span class='ocrx_word' id='word_1_365' title='bbox 1428 2004 1547 2029; x_wconf 89' lang='lat' dir='ltr'>causa</span> <span class='ocrx_word' id='word_1_366' title='bbox 1573 1991 1679 2029; x_wconf 88' lang='lat' dir='ltr'>mihi</span> 
     </span>
     <span class='ocr_line' id='line_1_36' title="bbox 80 2045 1679 2096; baseline -0.001 -12"><span class='ocrx_word' id='word_1_367' title='bbox 80 2046 285 2094; x_wconf 83' lang='lat' dir='ltr'>acciderit,</span> <span class='ocrx_word' id='word_1_368' title='bbox 307 2049 353 2086; x_wconf 90' lang='lat' dir='ltr'>vt</span> <span class='ocrx_word' id='word_1_369' title='bbox 373 2047 499 2086; x_wconf 87' lang='lat' dir='ltr'>etiam</span> <span class='ocrx_word' id='word_1_370' title='bbox 520 2047 556 2086; x_wconf 88' lang='lat' dir='ltr'>si</span> <span class='ocrx_word' id='word_1_371' title='bbox 571 2061 685 2085; x_wconf 86' lang='lat' dir='ltr'>sacra</span> <span class='ocrx_word' id='word_1_372' title='bbox 702 2047 841 2085; x_wconf 84' lang='lat' dir='ltr'>omnia</span> <span class='ocrx_word' id='word_1_373' title='bbox 856 2046 1148 2096; x_wconf 87' lang='lat' dir='ltr'>prophanaque</span> <span class='ocrx_word' id='word_1_374' title='bbox 1164 2046 1285 2094; x_wconf 84' lang='lat' dir='ltr'>iures,</span> <span class='ocrx_word' id='word_1_375' title='bbox 1304 2046 1355 2084; x_wconf 87' lang='lat' dir='ltr'>ab</span> <span class='ocrx_word' id='word_1_376' title='bbox 1370 2046 1496 2084; x_wconf 86' lang='lat' dir='ltr'>huius</span> <span class='ocrx_word' id='word_1_377' title='bbox 1514 2045 1679 2084; x_wconf 88' lang='lat' dir='ltr'>sceleris</span> 
     </span>
     <span class='ocr_line' id='line_1_37' title="bbox 81 2099 1680 2151; baseline 0 -14"><span class='ocrx_word' id='word_1_378' title='bbox 81 2099 254 2139; x_wconf 85' lang='lat' dir='ltr'>infamia</span> <span class='ocrx_word' id='word_1_379' title='bbox 274 2115 398 2151; x_wconf 87' lang='lat' dir='ltr'>queas</span> <span class='ocrx_word' id='word_1_380' title='bbox 417 2101 536 2140; x_wconf 86' lang='lat' dir='ltr'>elabi.</span> <span class='ocrx_word' id='word_1_381' title='bbox 596 2102 640 2140; x_wconf 82' lang='lat' dir='ltr'>Si</span> <span class='ocrx_word' id='word_1_382' title='bbox 661 2102 754 2150; x_wconf 88' lang='lat' dir='ltr'>quis</span> <span class='ocrx_word' id='word_1_383' title='bbox 773 2101 880 2139; x_wconf 90' lang='lat' dir='ltr'>mihi</span> <span class='ocrx_word' id='word_1_384' title='bbox 902 2100 1136 2147; x_wconf 84' lang='lat' dir='ltr'>insidiatur,</span> <span class='ocrx_word' id='word_1_385' title='bbox 1160 2100 1359 2138; x_wconf 84' lang='lat' dir='ltr'>Erasmus</span> <span class='ocrx_word' id='word_1_386' title='bbox 1385 2100 1508 2149; x_wconf 82' lang='lat' dir='ltr'>plane</span> <span class='ocrx_word' id='word_1_387' title='bbox 1530 2100 1680 2138; x_wconf 84' lang='lat' dir='ltr'>author</span> 
     </span>
     <span class='ocr_line' id='line_1_38' title="bbox 80 2154 1680 2204; baseline 0 -12"><span class='ocrx_word' id='word_1_388' title='bbox 80 2158 151 2194; x_wconf 86' lang='lat' dir='ltr'>est.</span> <span class='ocrx_word' id='word_1_389' title='bbox 209 2155 364 2195; x_wconf 78' lang='lat' dir='ltr'>stilum</span> <span class='ocrx_word' id='word_1_390' title='bbox 393 2160 440 2195; x_wconf 88' lang='lat' dir='ltr'>vt</span> <span class='ocrx_word' id='word_1_391' title='bbox 467 2156 711 2200; x_wconf 88' lang='lat' dir='ltr'>cohibueris,</span> <span class='ocrx_word' id='word_1_392' title='bbox 741 2156 889 2193; x_wconf 86' lang='lat' dir='ltr'>docent</span> <span class='ocrx_word' id='word_1_393' title='bbox 919 2154 1124 2204; x_wconf 86' lang='lat' dir='ltr'>Apologia</span> <span class='ocrx_word' id='word_1_394' title='bbox 1152 2155 1199 2192; x_wconf 88' lang='lat' dir='ltr'>ad</span> <span class='ocrx_word' id='word_1_395' title='bbox 1233 2155 1452 2192; x_wconf 88' lang='lat' dir='ltr'>dominum</span> <span class='ocrx_word' id='word_1_396' title='bbox 1482 2154 1680 2192; x_wconf 89' lang='lat' dir='ltr'>Iacobum</span> 
     </span>
     <span class='ocr_line' id='line_1_39' title="bbox 81 2208 1679 2262; baseline 0.001 -16"><span class='ocrx_word' id='word_1_397' title='bbox 81 2211 303 2248; x_wconf 68' lang='lat' dir='ltr'>Latonium</span> <span class='ocrx_word' id='word_1_398' title='bbox 323 2213 363 2249; x_wconf 92' lang='lat' dir='ltr'>et</span> <span class='ocrx_word' id='word_1_399' title='bbox 377 2211 577 2260; x_wconf 81' lang='lat' dir='ltr'>Dialogus</span> <span class='ocrx_word' id='word_1_400' title='bbox 598 2210 952 2259; x_wconf 69' lang='lat' dir='ltr'>&#39;l&#39;riling&lt;ui)u1n,</span> <span class='ocrx_word' id='word_1_401' title='bbox 976 2213 1016 2247; x_wconf 85' lang='lat' dir='ltr'>et</span> <span class='ocrx_word' id='word_1_402' title='bbox 1037 2208 1324 2247; x_wconf 85' lang='lat' dir='ltr'>infamatoriae</span> <span class='ocrx_word' id='word_1_403' title='bbox 1344 2209 1531 2247; x_wconf 85' lang='lat' dir='ltr'>scedulae</span> <span class='ocrx_word' id='word_1_404' title='bbox 1544 2209 1679 2262; x_wconf 58' lang='lat' dir='ltr'>Valuis</span> 
     </span>
    </p>
   </div>
   <div class='ocr_carea' id='block_1_3' title="bbox 1700 1946 1762 1977">
    <p class='ocr_par' dir='ltr' id='par_1_5' title="bbox 1700 1946 1762 1977">
     <span class='ocr_line' id='line_1_40' title="bbox 1700 1946 1762 1977; baseline 0.016 -10"><span class='ocrx_word' id='word_1_405' title='bbox 1700 1946 1762 1977; x_wconf 80' lang='lat'>500</span> 
     </span>
    </p>
   </div>
   <div class='ocr_carea' id='block_1_4' title="bbox 1698 2218 1760 2250">
    <p class='ocr_par' dir='ltr' id='par_1_6' title="bbox 1698 2218 1760 2250">
     <span class='ocr_line' id='line_1_41' title="bbox 1698 2218 1760 2250; baseline 0 0"><span class='ocrx_word' id='word_1_406' title='bbox 1698 2218 1760 2250; x_wconf 83' lang='lat'>505</span> 
     </span>
    </p>
   </div>
   <div class='ocr_carea' id='block_1_5' title="bbox 635 2308 1124 2348">
    <p class='ocr_par' dir='ltr' id='par_1_7' title="bbox 635 2308 1124 2348">
     <span class='ocr_line' id='line_1_42' title="bbox 635 2308 1124 2348; baseline 0.002 -10"><span class='ocrx_word' id='word_1_407' title='bbox 635 2318 709 2348; x_wconf 86' lang='lat'>505.</span> <span class='ocrx_word' id='word_1_408' title='bbox 738 2308 915 2339; x_wconf 80' lang='lat' dir='ltr'>Latonum</span> <span class='ocrx_word' id='word_1_409' title='bbox 931 2320 951 2337; x_wconf 88' lang='grc' dir='ltr'><em>α</em></span> <span class='ocrx_word' id='word_1_410' title='bbox 969 2319 974 2339; x_wconf 88' lang='lat'>:</span> <span class='ocrx_word' id='word_1_411' title='bbox 1000 2310 1124 2339; x_wconf 78' lang='lat' dir='ltr'>correxi.</span> 
     </span>
    </p>
   </div>
   <div class='ocr_carea' id='block_1_6' title="bbox 124 2386 883 2427">
    <p class='ocr_par' dir='ltr' id='par_1_8' title="bbox 124 2386 883 2427">
     <span class='ocr_line' id='line_1_43' title="bbox 124 2386 883 2427; baseline 0 -11"><span class='ocrx_word' id='word_1_412' title='bbox 124 2395 198 2425; x_wconf 81' lang='lat'>504.</span> <span class='ocrx_word' id='word_1_413' title='bbox 226 2386 414 2427; x_wconf 80' lang='lat' dir='ltr'>Apologia]</span> <span class='ocrx_word' id='word_1_414' title='bbox 429 2386 492 2417; x_wconf 87' lang='lat' dir='ltr'>See</span> <span class='ocrx_word' id='word_1_415' title='bbox 510 2386 574 2425; x_wconf 89' lang='lat' dir='ltr'>Ep.</span> <span class='ocrx_word' id='word_1_416' title='bbox 591 2395 666 2424; x_wconf 83' lang='lat'>934.</span> <span class='ocrx_word' id='word_1_417' title='bbox 686 2395 743 2424; x_wconf 87' lang='lat' dir='ltr'>3n.</span> <span class='ocrx_word' id='word_1_418' title='bbox 782 2386 845 2424; x_wconf 81' lang='lat' dir='ltr'>Ep.</span> <span class='ocrx_word' id='word_1_419' title='bbox 879 2411 883 2416; x_wconf 94' lang='lat'>.</span> 
     </span>
    </p>
   </div>
   <div class='ocr_carea' id='block_1_7' title="bbox 78 2429 850 3079">
    <p class='ocr_par' dir='ltr' id='par_1_9' title="bbox 78 2429 849 2591">
     <span class='ocr_line' id='line_1_44' title="bbox 79 2429 849 2468; baseline 0 -9"><span class='ocrx_word' id='word_1_420' title='bbox 79 2438 153 2468; x_wconf 86' lang='lat'>993.</span> <span class='ocrx_word' id='word_1_421' title='bbox 174 2439 282 2468; x_wconf 85' lang='lat'>34—40</span> <span class='ocrx_word' id='word_1_422' title='bbox 298 2431 370 2460; x_wconf 84' lang='lat' dir='ltr'>and</span> <span class='ocrx_word' id='word_1_423' title='bbox 388 2440 422 2461; x_wconf 91' lang='lat' dir='ltr'>n.</span> <span class='ocrx_word' id='word_1_424' title='bbox 442 2430 559 2460; x_wconf 86' lang='lat' dir='ltr'>shows</span> <span class='ocrx_word' id='word_1_425' title='bbox 583 2430 664 2460; x_wconf 84' lang='lat' dir='ltr'>that</span> <span class='ocrx_word' id='word_1_426' title='bbox 682 2430 750 2460; x_wconf 88' lang='lat' dir='ltr'>Lee</span> <span class='ocrx_word' id='word_1_427' title='bbox 776 2429 849 2459; x_wconf 81' lang='lat' dir='ltr'>had</span> 
     </span>
     <span class='ocr_line' id='line_1_45' title="bbox 78 2472 847 2513; baseline 0 -10"><span class='ocrx_word' id='word_1_428' title='bbox 78 2473 166 2513; x_wconf 78' lang='lat' dir='ltr'>good</span> <span class='ocrx_word' id='word_1_429' title='bbox 203 2483 326 2504; x_wconf 87' lang='lat' dir='ltr'>reason</span> <span class='ocrx_word' id='word_1_430' title='bbox 366 2474 419 2504; x_wconf 86' lang='lat' dir='ltr'>for</span> <span class='ocrx_word' id='word_1_431' title='bbox 455 2472 685 2513; x_wconf 81' lang='lat' dir='ltr'>considering</span> <span class='ocrx_word' id='word_1_432' title='bbox 717 2473 797 2503; x_wconf 85' lang='lat' dir='ltr'>that</span> <span class='ocrx_word' id='word_1_433' title='bbox 829 2484 847 2504; x_wconf 75' lang='lat' dir='ltr'>a</span> 
     </span>
     <span class='ocr_line' id='line_1_46' title="bbox 80 2516 849 2556; baseline 0.001 -10"><span class='ocrx_word' id='word_1_434' title='bbox 80 2526 221 2556; x_wconf 80' lang='lat' dir='ltr'>passage</span> <span class='ocrx_word' id='word_1_435' title='bbox 247 2518 284 2547; x_wconf 90' lang='lat' dir='ltr'>in</span> <span class='ocrx_word' id='word_1_436' title='bbox 310 2519 326 2554; x_wconf 66' lang='grc' dir='ltr'><strong>ξ</strong></span> <span class='ocrx_word' id='word_1_437' title='bbox 355 2527 416 2548; x_wconf 85' lang='lat'>120</span> <span class='ocrx_word' id='word_1_438' title='bbox 432 2527 504 2548; x_wconf 84' lang='lat' dir='ltr'>was</span> <span class='ocrx_word' id='word_1_439' title='bbox 527 2516 688 2547; x_wconf 83' lang='lat' dir='ltr'>directed</span> <span class='ocrx_word' id='word_1_440' title='bbox 708 2516 849 2556; x_wconf 71' lang='lat' dir='ltr'>against</span> 
     </span>
     <span class='ocr_line' id='line_1_47' title="bbox 81 2560 235 2591; baseline 0.006 -1"><span class='ocrx_word' id='word_1_441' title='bbox 81 2560 235 2591; x_wconf 78' lang='lat' dir='ltr'>himself.</span> 
     </span>
    </p>

    <p class='ocr_par' dir='ltr' id='par_1_10' title="bbox 79 2603 850 3079">
     <span class='ocr_line' id='line_1_48' title="bbox 123 2603 850 2645; baseline -0.001 -11"><span class='ocrx_word' id='word_1_442' title='bbox 123 2613 199 2642; x_wconf 82' lang='lat'>505.</span> <span class='ocrx_word' id='word_1_443' title='bbox 226 2603 409 2645; x_wconf 71' lang='lat' dir='ltr'>Dialogus]</span> <span class='ocrx_word' id='word_1_444' title='bbox 464 2606 590 2634; x_wconf 60' lang='lat' dir='ltr'>Eraclia·</span> <span class='ocrx_word' id='word_1_445' title='bbox 645 2606 850 2634; x_wconf 68' lang='lat' dir='ltr'>adulescentis</span> 
     </span>
     <span class='ocr_line' id='line_1_49' title="bbox 81 2649 849 2685; baseline 0.001 -9"><span class='ocrx_word' id='word_1_446' title='bbox 81 2651 118 2677; x_wconf 66' lang='lat'>071</span> <span class='ocrx_word' id='word_1_447' title='bbox 125 2650 237 2677; x_wconf 76' lang='lat' dir='ltr'>onraclz&#39;</span> <span class='ocrx_word' id='word_1_448' title='bbox 243 2649 276 2677; x_wconf 94' lang='lat' dir='ltr'><strong><em>N</em></strong></span> <span class='ocrx_word' id='word_1_449' title='bbox 275 2650 365 2678; x_wconf 43' lang='lat' dir='ltr'>61⁴3&amp;th</span> <span class='ocrx_word' id='word_1_450' title='bbox 369 2650 463 2678; x_wconf 81' lang='lat' dir='ltr'>iensis</span> <span class='ocrx_word' id='word_1_451' title='bbox 471 2650 766 2685; x_wconf 62' lang='lat' dir='ltr'>Germaniclialoqus</span> <span class='ocrx_word' id='word_1_452' title='bbox 773 2658 849 2678; x_wconf 75' lang='lat' dir='ltr'>sane</span> 
     </span>
     <span class='ocr_line' id='line_1_50' title="bbox 81 2692 844 2730; baseline 0 -10"><span class='ocrx_word' id='word_1_453' title='bbox 81 2700 174 2728; x_wconf 62' lang='lat' dir='ltr'>quam</span> <span class='ocrx_word' id='word_1_454' title='bbox 197 2692 336 2727; x_wconf 66' lang='lat' dir='ltr'>festinus</span> <span class='ocrx_word' id='word_1_455' title='bbox 360 2694 549 2730; x_wconf 65' lang='lat' dir='ltr'>bilinguium</span> <span class='ocrx_word' id='word_1_456' title='bbox 573 2701 608 2722; x_wconf 74' lang='lat' dir='ltr'>ac</span> <span class='ocrx_word' id='word_1_457' title='bbox 634 2694 844 2730; x_wconf 66' lang='lat' dir='ltr'>trilinquizcm,</span> 
     </span>
     <span class='ocr_line' id='line_1_51' title="bbox 79 2737 847 2772; baseline 0.001 -9"><span class='ocrx_word' id='word_1_458' title='bbox 79 2737 145 2764; x_wconf 53' lang='lat' dir='ltr'>&gt;ine</span> <span class='ocrx_word' id='word_1_459' title='bbox 163 2737 198 2764; x_wconf 71' lang='lat' dir='ltr'>cle</span> <span class='ocrx_word' id='word_1_460' title='bbox 212 2737 328 2772; x_wconf 73' lang='lat' dir='ltr'>sunere</span> <span class='ocrx_word' id='word_1_461' title='bbox 351 2737 506 2772; x_wconf 76' lang='lat' dir='ltr'>Calliopes.</span> <span class='ocrx_word' id='word_1_462' title='bbox 553 2737 616 2765; x_wconf 76' lang='lat' dir='ltr'>Sub</span> <span class='ocrx_word' id='word_1_463' title='bbox 643 2739 726 2765; x_wconf 77' lang='lat' dir='ltr'>scuto</span> <span class='ocrx_word' id='word_1_464' title='bbox 753 2738 847 2765; x_wconf 75' lang='lat' dir='ltr'>Basi-</span> 
     </span>
     <span class='ocr_line' id='line_1_52' title="bbox 79 2779 846 2815; baseline 0 -8"><span class='ocrx_word' id='word_1_465' title='bbox 79 2781 172 2808; x_wconf 74' lang='lat' dir='ltr'>liensl</span> <span class='ocrx_word' id='word_1_466' title='bbox 187 2781 290 2808; x_wconf 60' lang='lat' dir='ltr'>venale</span> <span class='ocrx_word' id='word_1_467' title='bbox 306 2782 477 2815; x_wconf 76' lang='lat' dir='ltr'>comperies.</span> <span class='ocrx_word' id='word_1_468' title='bbox 497 2789 523 2809; x_wconf 84' lang='lat' dir='ltr'>s.</span> <span class='ocrx_word' id='word_1_469' title='bbox 541 2779 564 2809; x_wconf 86' lang='lat'>1.</span> <span class='ocrx_word' id='word_1_470' title='bbox 581 2781 618 2809; x_wconf 76' lang='lat' dir='ltr'>et</span> <span class='ocrx_word' id='word_1_471' title='bbox 634 2788 664 2808; x_wconf 83' lang='lat' dir='ltr'>a.</span> <span class='ocrx_word' id='word_1_472' title='bbox 710 2779 761 2808; x_wconf 86' lang='lat' dir='ltr'>As</span> <span class='ocrx_word' id='word_1_473' title='bbox 785 2779 846 2808; x_wconf 82' lang='lat' dir='ltr'>the</span> 
     </span>
     <span class='ocr_line' id='line_1_53' title="bbox 81 2821 850 2861; baseline 0.001 -10"><span class='ocrx_word' id='word_1_474' title='bbox 81 2823 220 2852; x_wconf 61' lang='lat' dir='ltr'>scutum</span> <span class='ocrx_word' id='word_1_475' title='bbox 257 2821 455 2852; x_wconf 75' lang='lat' dir='ltr'>Basilienso</span> <span class='ocrx_word' id='word_1_476' title='bbox 489 2832 560 2852; x_wconf 80' lang='lat' dir='ltr'>was</span> <span class='ocrx_word' id='word_1_477' title='bbox 598 2822 658 2852; x_wconf 87' lang='lat' dir='ltr'>the</span> <span class='ocrx_word' id='word_1_478' title='bbox 695 2822 773 2861; x_wconf 68' lang='lat' dir='ltr'>sign</span> <span class='ocrx_word' id='word_1_479' title='bbox 813 2823 850 2852; x_wconf 69' lang='lat' dir='ltr'>of</span> 
     </span>
     <span class='ocr_line' id='line_1_54' title="bbox 82 2865 847 2905; baseline 0 -10"><span class='ocrx_word' id='word_1_480' title='bbox 82 2865 222 2895; x_wconf 76' lang='lat' dir='ltr'>Resch’s</span> <span class='ocrx_word' id='word_1_481' title='bbox 248 2866 336 2904; x_wconf 80' lang='lat' dir='ltr'>shop</span> <span class='ocrx_word' id='word_1_482' title='bbox 365 2866 401 2895; x_wconf 87' lang='lat' dir='ltr'>in</span> <span class='ocrx_word' id='word_1_483' title='bbox 431 2866 531 2895; x_wconf 73' lang='lat' dir='ltr'>l&#39;aris</span> <span class='ocrx_word' id='word_1_484' title='bbox 555 2866 615 2905; x_wconf 82' lang='lat' dir='ltr'>(cf.</span> <span class='ocrx_word' id='word_1_485' title='bbox 643 2865 847 2902; x_wconf 76' lang='lat' dir='ltr'>Renouard,</span> 
     </span>
     <span class='ocr_line' id='line_1_55' title="bbox 79 2909 847 2947; baseline -0.003 -8"><span class='ocrx_word' id='word_1_486' title='bbox 79 2911 211 2947; x_wconf 70' lang='lat' dir='ltr'>Badius,</span> <span class='ocrx_word' id='word_1_487' title='bbox 240 2909 262 2939; x_wconf 92' lang='lat' dir='ltr'>i.</span> <span class='ocrx_word' id='word_1_488' title='bbox 290 2918 386 2947; x_wconf 86' lang='lat'>41-2,</span> <span class='ocrx_word' id='word_1_489' title='bbox 412 2909 446 2940; x_wconf 91' lang='lat' dir='ltr'>ii.</span> <span class='ocrx_word' id='word_1_490' title='bbox 470 2910 547 2947; x_wconf 72' lang='lat'><strong>254)</strong></span> <span class='ocrx_word' id='word_1_491' title='bbox 574 2910 635 2939; x_wconf 89' lang='lat' dir='ltr'>the</span> <span class='ocrx_word' id='word_1_492' title='bbox 661 2909 749 2939; x_wconf 82' lang='lat' dir='ltr'>book</span> <span class='ocrx_word' id='word_1_493' title='bbox 774 2918 847 2938; x_wconf 70' lang='lat' dir='ltr'>was</span> 
     </span>
     <span class='ocr_line' id='line_1_56' title="bbox 81 2952 845 2992; baseline 0.003 -11"><span class='ocrx_word' id='word_1_494' title='bbox 81 2952 233 2983; x_wconf 83' lang='lat' dir='ltr'>without</span> <span class='ocrx_word' id='word_1_495' title='bbox 258 2952 367 2983; x_wconf 83' lang='lat' dir='ltr'>doubt</span> <span class='ocrx_word' id='word_1_496' title='bbox 392 2952 536 2992; x_wconf 81' lang='lat' dir='ltr'>piinted</span> <span class='ocrx_word' id='word_1_497' title='bbox 561 2953 615 2983; x_wconf 84' lang='lat' dir='ltr'>for</span> <span class='ocrx_word' id='word_1_498' title='bbox 639 2952 728 2984; x_wconf 87' lang='lat' dir='ltr'>him.</span> <span class='ocrx_word' id='word_1_499' title='bbox 776 2952 845 2983; x_wconf 82' lang='lat' dir='ltr'>But</span> 
     </span>
     <span class='ocr_line' id='line_1_57' title="bbox 80 2995 846 3027; baseline -0.001 -1"><span class='ocrx_word' id='word_1_500' title='bbox 80 2995 142 3026; x_wconf 76' lang='lat' dir='ltr'>the</span> <span class='ocrx_word' id='word_1_501' title='bbox 167 2996 249 3027; x_wconf 78' lang='lat' dir='ltr'>date</span> <span class='ocrx_word' id='word_1_502' title='bbox 275 2997 304 3026; x_wconf 76' lang='lat' dir='ltr'>is</span> <span class='ocrx_word' id='word_1_503' title='bbox 329 2999 391 3026; x_wconf 80' lang='lat' dir='ltr'>not</span> <span class='ocrx_word' id='word_1_504' title='bbox 420 3005 457 3026; x_wconf 83' lang='lat' dir='ltr'>so</span> <span class='ocrx_word' id='word_1_505' title='bbox 484 2995 588 3027; x_wconf 71' lang='lat' dir='ltr'>clear.</span> <span class='ocrx_word' id='word_1_506' title='bbox 638 2996 725 3026; x_wconf 73' lang='lat' dir='ltr'>Paeo</span> <span class='ocrx_word' id='word_1_507' title='bbox 749 3005 846 3025; x_wconf 78' lang='lat' dir='ltr'>nicu—</span> 
     </span>
     <span class='ocr_line' id='line_1_58' title="bbox 80 3039 845 3079; baseline -0.001 -9"><span class='ocrx_word' id='word_1_508' title='bbox 80 3041 176 3070; x_wconf 82' lang='lat' dir='ltr'>tions</span> <span class='ocrx_word' id='word_1_509' title='bbox 201 3050 219 3069; x_wconf 82' lang='lat' dir='ltr'>a</span> <span class='ocrx_word' id='word_1_510' title='bbox 246 3039 405 3070; x_wconf 80' lang='lat' dir='ltr'>Louvuin</span> <span class='ocrx_word' id='word_1_511' title='bbox 435 3041 554 3079; x_wconf 84' lang='lat' dir='ltr'>report</span> <span class='ocrx_word' id='word_1_512' title='bbox 586 3039 666 3070; x_wconf 80' lang='lat' dir='ltr'>that</span> <span class='ocrx_word' id='word_1_513' title='bbox 700 3040 743 3069; x_wconf 86' lang='lat' dir='ltr'>hc</span> <span class='ocrx_word' id='word_1_514' title='bbox 774 3039 845 3069; x_wconf 70' lang='lat' dir='ltr'>had</span> 
     </span>
    </p>
   </div>
   <div class='ocr_carea' id='block_1_8' title="bbox 904 2383 1677 3078">
    <p class='ocr_par' dir='ltr' id='par_1_11' title="bbox 904 2383 1677 3078">
     <span class='ocr_line' id='line_1_59' title="bbox 910 2383 1677 2424; baseline 0 -9"><span class='ocrx_word' id='word_1_515' title='bbox 910 2385 1062 2424; x_wconf 81' lang='lat' dir='ltr'>brought</span> <span class='ocrx_word' id='word_1_516' title='bbox 1081 2384 1142 2415; x_wconf 85' lang='lat' dir='ltr'>the</span> <span class='ocrx_word' id='word_1_517' title='bbox 1159 2384 1236 2414; x_wconf 87' lang='lat' dir='ltr'>first</span> <span class='ocrx_word' id='word_1_518' title='bbox 1255 2385 1374 2424; x_wconf 75' lang='lat' dir='ltr'>copies</span> <span class='ocrx_word' id='word_1_519' title='bbox 1391 2384 1481 2414; x_wconf 85' lang='lat' dir='ltr'>with</span> <span class='ocrx_word' id='word_1_520' title='bbox 1496 2384 1571 2414; x_wconf 87' lang='lat' dir='ltr'>him</span> <span class='ocrx_word' id='word_1_521' title='bbox 1586 2383 1677 2415; x_wconf 84' lang='lat' dir='ltr'>from</span> 
     </span>
     <span class='ocr_line' id='line_1_60' title="bbox 908 2428 1677 2468; baseline -0.001 -9"><span class='ocrx_word' id='word_1_522' title='bbox 908 2430 1099 2467; x_wconf 68' lang='lat' dir='ltr'>Germany,</span> <span class='ocrx_word' id='word_1_523' title='bbox 1112 2428 1217 2458; x_wconf 85' lang='lat' dir='ltr'>when</span> <span class='ocrx_word' id='word_1_524' title='bbox 1230 2428 1274 2458; x_wconf 83' lang='lat' dir='ltr'>hc</span> <span class='ocrx_word' id='word_1_525' title='bbox 1287 2431 1360 2458; x_wconf 84' lang='lat' dir='ltr'>met</span> <span class='ocrx_word' id='word_1_526' title='bbox 1373 2429 1438 2458; x_wconf 89' lang='lat' dir='ltr'>Lee</span> <span class='ocrx_word' id='word_1_527' title='bbox 1452 2430 1487 2458; x_wconf 82' lang='lat' dir='ltr'>at</span> <span class='ocrx_word' id='word_1_528' title='bbox 1500 2428 1677 2468; x_wconf 85' lang='lat' dir='ltr'>Antwerp</span> 
     </span>
     <span class='ocr_line' id='line_1_61' title="bbox 909 2472 1676 2512; baseline -0.001 -9"><span class='ocrx_word' id='word_1_529' title='bbox 909 2473 946 2503; x_wconf 89' lang='lat' dir='ltr'>in</span> <span class='ocrx_word' id='word_1_530' title='bbox 971 2472 1058 2511; x_wconf 68' lang='lat' dir='ltr'>Jul)v</span> <span class='ocrx_word' id='word_1_531' title='bbox 1079 2481 1163 2511; x_wconf 85' lang='lat'>1519</span> <span class='ocrx_word' id='word_1_532' title='bbox 1190 2473 1248 2512; x_wconf 84' lang='lat' dir='ltr'>(cf.</span> <span class='ocrx_word' id='word_1_533' title='bbox 1269 2473 1331 2512; x_wconf 87' lang='lat' dir='ltr'>Ep.</span> <span class='ocrx_word' id='word_1_534' title='bbox 1356 2481 1449 2502; x_wconf 90' lang='lat'>1001.</span> <span class='ocrx_word' id='word_1_535' title='bbox 1470 2473 1578 2511; x_wconf 80' lang='lat'>5311);</span> <span class='ocrx_word' id='word_1_536' title='bbox 1614 2472 1676 2502; x_wconf 88' lang='lat' dir='ltr'>but</span> 
     </span>
     <span class='ocr_line' id='line_1_62' title="bbox 908 2515 1677 2554; baseline -0.001 -8"><span class='ocrx_word' id='word_1_537' title='bbox 908 2516 1064 2546; x_wconf 74' lang='lat' dir='ltr'>declares</span> <span class='ocrx_word' id='word_1_538' title='bbox 1077 2517 1156 2546; x_wconf 76' lang='lat' dir='ltr'>that</span> <span class='ocrx_word' id='word_1_539' title='bbox 1170 2515 1214 2545; x_wconf 82' lang='lat' dir='ltr'>hc</span> <span class='ocrx_word' id='word_1_540' title='bbox 1229 2516 1299 2546; x_wconf 81' lang='lat' dir='ltr'>had</span> <span class='ocrx_word' id='word_1_541' title='bbox 1314 2515 1398 2554; x_wconf 81' lang='lat' dir='ltr'>only</span> <span class='ocrx_word' id='word_1_542' title='bbox 1409 2525 1493 2546; x_wconf 72' lang='lat' dir='ltr'>seen</span> <span class='ocrx_word' id='word_1_543' title='bbox 1505 2516 1566 2546; x_wconf 85' lang='lat' dir='ltr'>the</span> <span class='ocrx_word' id='word_1_544' title='bbox 1580 2516 1677 2545; x_wconf 82' lang='lat' dir='ltr'>work</span> 
     </span>
     <span class='ocr_line' id='line_1_63' title="bbox 908 2559 1676 2599; baseline 0 -10"><span class='ocrx_word' id='word_1_545' title='bbox 908 2561 944 2589; x_wconf 92' lang='lat' dir='ltr'>in</span> <span class='ocrx_word' id='word_1_546' title='bbox 955 2559 1130 2598; x_wconf 75' lang='lat' dir='ltr'>England,</span> <span class='ocrx_word' id='word_1_547' title='bbox 1143 2559 1471 2599; x_wconf 67' lang='lat' dir='ltr'>presumablyuster</span> <span class='ocrx_word' id='word_1_548' title='bbox 1482 2559 1539 2589; x_wconf 81' lang='lat' dir='ltr'>his</span> <span class='ocrx_word' id='word_1_549' title='bbox 1551 2561 1676 2589; x_wconf 85' lang='lat' dir='ltr'>return</span> 
     </span>
     <span class='ocr_line' id='line_1_64' title="bbox 907 2603 1675 2642; baseline -0.001 -8"><span class='ocrx_word' id='word_1_550' title='bbox 907 2604 1006 2636; x_wconf 68' lang='lat' dir='ltr'>(Env.</span> <span class='ocrx_word' id='word_1_551' title='bbox 1026 2613 1057 2642; x_wconf 87' lang='lat' dir='ltr'>p.</span> <span class='ocrx_word' id='word_1_552' title='bbox 1077 2604 1145 2641; x_wconf 82' lang='lat'>87).</span> <span class='ocrx_word' id='word_1_553' title='bbox 1190 2603 1257 2633; x_wconf 85' lang='lat' dir='ltr'>Lee</span> <span class='ocrx_word' id='word_1_554' title='bbox 1284 2604 1534 2641; x_wconf 67' lang='grc' dir='ltr'>(Ατιηοίαίιόηεε.</span> <span class='ocrx_word' id='word_1_555' title='bbox 1559 2603 1600 2633; x_wconf 71' lang='lat'>1&#39;0.</span> <span class='ocrx_word' id='word_1_556' title='bbox 1621 2603 1675 2633; x_wconf 90' lang='lat' dir='ltr'>CC</span> 
     </span>
     <span class='ocr_line' id='line_1_65' title="bbox 907 2646 1675 2678; baseline -0.001 -2"><span class='ocrx_word' id='word_1_557' title='bbox 907 2652 960 2678; x_wconf 61' lang='grc' dir='ltr'>γυ)</span> <span class='ocrx_word' id='word_1_558' title='bbox 979 2646 1092 2676; x_wconf 67' lang='lat' dir='ltr'>found</span> <span class='ocrx_word' id='word_1_559' title='bbox 1119 2647 1145 2676; x_wconf 89' lang='lat' dir='ltr'>it</span> <span class='ocrx_word' id='word_1_560' title='bbox 1171 2647 1206 2676; x_wconf 87' lang='lat' dir='ltr'>in</span> <span class='ocrx_word' id='word_1_561' title='bbox 1233 2647 1443 2676; x_wconf 84' lang='lat' dir='ltr'>circulation</span> <span class='ocrx_word' id='word_1_562' title='bbox 1460 2648 1496 2677; x_wconf 79' lang='lat' dir='ltr'>ut</span> <span class='ocrx_word' id='word_1_563' title='bbox 1513 2646 1675 2676; x_wconf 85' lang='lat' dir='ltr'>Louvain</span> 
     </span>
     <span class='ocr_line' id='line_1_66' title="bbox 906 2690 1675 2720; baseline -0.001 0"><span class='ocrx_word' id='word_1_564' title='bbox 906 2692 1015 2720; x_wconf 67' lang='lat' dir='ltr'>wlwn</span> <span class='ocrx_word' id='word_1_565' title='bbox 1040 2691 1085 2720; x_wconf 82' lang='lat' dir='ltr'>he</span> <span class='ocrx_word' id='word_1_566' title='bbox 1110 2690 1283 2720; x_wconf 81' lang='lat' dir='ltr'>returned</span> <span class='ocrx_word' id='word_1_567' title='bbox 1302 2691 1393 2720; x_wconf 79' lang='lat' dir='ltr'>from</span> <span class='ocrx_word' id='word_1_568' title='bbox 1411 2690 1468 2720; x_wconf 83' lang='lat' dir='ltr'>his</span> <span class='ocrx_word' id='word_1_569' title='bbox 1485 2690 1675 2720; x_wconf 71' lang='lat' dir='ltr'>interview</span> 
     </span>
     <span class='ocr_line' id='line_1_67' title="bbox 906 2733 1674 2773; baseline -0.001 -9"><span class='ocrx_word' id='word_1_570' title='bbox 906 2734 996 2764; x_wconf 84' lang='lat' dir='ltr'>with</span> <span class='ocrx_word' id='word_1_571' title='bbox 1018 2734 1103 2763; x_wconf 57' lang='lat' dir='ltr'>Paeo</span> <span class='ocrx_word' id='word_1_572' title='bbox 1120 2744 1126 2771; x_wconf 89' lang='lat'>;</span> <span class='ocrx_word' id='word_1_573' title='bbox 1151 2734 1327 2764; x_wconf 72' lang='lat' dir='ltr'>therefore</span> <span class='ocrx_word' id='word_1_574' title='bbox 1341 2744 1368 2764; x_wconf 87' lang='lat' dir='ltr'>c.</span> <span class='ocrx_word' id='word_1_575' title='bbox 1383 2735 1471 2773; x_wconf 76' lang='lat' dir='ltr'>Aug.</span> <span class='ocrx_word' id='word_1_576' title='bbox 1491 2743 1585 2773; x_wconf 85' lang='lat'>1519.</span> <span class='ocrx_word' id='word_1_577' title='bbox 1619 2733 1674 2772; x_wconf 72' lang='lat' dir='ltr'>By</span> 
     </span>
     <span class='ocr_line' id='line_1_68' title="bbox 907 2776 1673 2816; baseline -0.001 -9"><span class='ocrx_word' id='word_1_578' title='bbox 907 2778 967 2807; x_wconf 72' lang='lat' dir='ltr'>the</span> <span class='ocrx_word' id='word_1_579' title='bbox 985 2777 1055 2807; x_wconf 62' lang='lat' dir='ltr'>vnd</span> <span class='ocrx_word' id='word_1_580' title='bbox 1073 2778 1111 2806; x_wconf 86' lang='lat' dir='ltr'>os</span> <span class='ocrx_word' id='word_1_581' title='bbox 1124 2779 1218 2816; x_wconf 62' lang='lat' dir='ltr'>Sept.</span> <span class='ocrx_word' id='word_1_582' title='bbox 1240 2778 1268 2807; x_wconf 88' lang='lat' dir='ltr'>it</span> <span class='ocrx_word' id='word_1_583' title='bbox 1285 2778 1355 2808; x_wconf 81' lang='lat' dir='ltr'>had</span> <span class='ocrx_word' id='word_1_584' title='bbox 1375 2778 1463 2807; x_wconf 67' lang='lat' dir='ltr'>been</span> <span class='ocrx_word' id='word_1_585' title='bbox 1481 2780 1560 2807; x_wconf 68' lang='lat' dir='ltr'>sent</span> <span class='ocrx_word' id='word_1_586' title='bbox 1581 2776 1673 2806; x_wconf 80' lang='lat' dir='ltr'>froin</span> 
     </span>
     <span class='ocr_line' id='line_1_69' title="bbox 907 2820 1673 2851; baseline -0.003 0"><span class='ocrx_word' id='word_1_587' title='bbox 907 2821 1011 2851; x_wconf 73' lang='lat' dir='ltr'>Basle</span> <span class='ocrx_word' id='word_1_588' title='bbox 1029 2823 1064 2850; x_wconf 83' lang='lat' dir='ltr'>to</span> <span class='ocrx_word' id='word_1_589' title='bbox 1082 2821 1213 2850; x_wconf 64' lang='lat' dir='ltr'>Beatus</span> <span class='ocrx_word' id='word_1_590' title='bbox 1239 2821 1435 2851; x_wconf 80' lang='lat' dir='ltr'>Rhenanus</span> <span class='ocrx_word' id='word_1_591' title='bbox 1459 2823 1494 2851; x_wconf 83' lang='lat' dir='ltr'>at</span> <span class='ocrx_word' id='word_1_592' title='bbox 1519 2820 1673 2851; x_wconf 69' lang='lat' dir='ltr'>Schlett-</span> 
     </span>
     <span class='ocr_line' id='line_1_70' title="bbox 906 2864 1673 2905; baseline 0 -12"><span class='ocrx_word' id='word_1_593' title='bbox 906 2865 999 2895; x_wconf 77' lang='lat' dir='ltr'>stadt</span> <span class='ocrx_word' id='word_1_594' title='bbox 1027 2864 1144 2903; x_wconf 78' lang='lat' dir='ltr'>(BRE.</span> <span class='ocrx_word' id='word_1_595' title='bbox 1167 2865 1237 2903; x_wconf 84' lang='lat'>128,</span> <span class='ocrx_word' id='word_1_596' title='bbox 1262 2866 1349 2905; x_wconf 79' lang='lat'>132),</span> <span class='ocrx_word' id='word_1_597' title='bbox 1376 2865 1449 2895; x_wconf 79' lang='lat' dir='ltr'>und</span> <span class='ocrx_word' id='word_1_598' title='bbox 1474 2865 1518 2903; x_wconf 73' lang='lat' dir='ltr'>by</span> <span class='ocrx_word' id='word_1_599' title='bbox 1547 2873 1583 2902; x_wconf 86' lang='lat'>15</span> <span class='ocrx_word' id='word_1_600' title='bbox 1600 2864 1673 2893; x_wconf 67' lang='lat' dir='ltr'>Ovt.</span> 
     </span>
     <span class='ocr_line' id='line_1_71' title="bbox 905 2907 1672 2947; baseline -0.004 -9"><span class='ocrx_word' id='word_1_601' title='bbox 905 2911 940 2938; x_wconf 72' lang='lat' dir='ltr'>tu</span> <span class='ocrx_word' id='word_1_602' title='bbox 979 2907 1183 2938; x_wconf 76' lang='lat' dir='ltr'>Adchnanu</span> <span class='ocrx_word' id='word_1_603' title='bbox 1218 2910 1254 2938; x_wconf 82' lang='lat' dir='ltr'>ut</span> <span class='ocrx_word' id='word_1_604' title='bbox 1284 2909 1480 2947; x_wconf 68' lang='lat' dir='ltr'>Augsburg,</span> <span class='ocrx_word' id='word_1_605' title='bbox 1512 2907 1592 2937; x_wconf 90' lang='lat' dir='ltr'>who</span> <span class='ocrx_word' id='word_1_606' title='bbox 1627 2917 1672 2936; x_wconf 81' lang='lat' dir='ltr'>on</span> 
     </span>
     <span class='ocr_line' id='line_1_72' title="bbox 910 2950 1672 2990; baseline -0.004 -9"><span class='ocrx_word' id='word_1_607' title='bbox 910 2961 921 2981; x_wconf 94' lang='lat'>1</span> <span class='ocrx_word' id='word_1_608' title='bbox 957 2952 1041 2982; x_wconf 76' lang='lat' dir='ltr'>Nov.</span> <span class='ocrx_word' id='word_1_609' title='bbox 1073 2952 1200 2990; x_wconf 73' lang='lat' dir='ltr'>agreed</span> <span class='ocrx_word' id='word_1_610' title='bbox 1231 2952 1321 2981; x_wconf 81' lang='lat' dir='ltr'>with</span> <span class='ocrx_word' id='word_1_611' title='bbox 1355 2951 1602 2981; x_wconf 70' lang='lat' dir='ltr'>Pirckheinicr</span> <span class='ocrx_word' id='word_1_612' title='bbox 1634 2950 1672 2979; x_wconf 85' lang='lat' dir='ltr'>in</span> 
     </span>
     <span class='ocr_line' id='line_1_73' title="bbox 904 2994 1672 3033; baseline -0.004 -8"><span class='ocrx_word' id='word_1_613' title='bbox 904 2995 1122 3033; x_wconf 78' lang='lat' dir='ltr'>attributing</span> <span class='ocrx_word' id='word_1_614' title='bbox 1145 2996 1172 3025; x_wconf 81' lang='lat' dir='ltr'>it</span> <span class='ocrx_word' id='word_1_615' title='bbox 1201 2996 1235 3025; x_wconf 84' lang='lat' dir='ltr'>to</span> <span class='ocrx_word' id='word_1_616' title='bbox 1261 2996 1430 3025; x_wconf 72' lang='lat' dir='ltr'>Erasmus</span> <span class='ocrx_word' id='word_1_617' title='bbox 1458 2994 1672 3032; x_wconf 32' lang='lat' dir='ltr'>&amp;Heumann</span> 
     </span>
     <span class='ocr_line' id='line_1_74' title="bbox 904 3038 1672 3078; baseline -0.004 -9"><span class='ocrx_word' id='word_1_618' title='bbox 904 3049 937 3078; x_wconf 85' lang='lat' dir='ltr'>p.</span> <span class='ocrx_word' id='word_1_619' title='bbox 971 3038 1154 3077; x_wconf 85' lang='lat' dir='ltr'>177=HE.</span> <span class='ocrx_word' id='word_1_620' title='bbox 1187 3040 1273 3077; x_wconf 84' lang='lat'>143).</span> <span class='ocrx_word' id='word_1_621' title='bbox 1323 3039 1395 3069; x_wconf 85' lang='lat' dir='ltr'>But</span> <span class='ocrx_word' id='word_1_622' title='bbox 1425 3038 1524 3068; x_wconf 77' lang='lat' dir='ltr'>there</span> <span class='ocrx_word' id='word_1_623' title='bbox 1553 3038 1583 3066; x_wconf 76' lang='lat' dir='ltr'>is</span> <span class='ocrx_word' id='word_1_624' title='bbox 1609 3046 1672 3067; x_wconf 83' lang='lat' dir='ltr'>no·-</span> 
     </span>
    </p>
   </div>
  </div>
 </body>
</html>
