1990 3353
562 137 632 177 'ro
669 118 919 176 JODOCUS
956 135 1136 175 JONAS

44 137 167 192 1211]
1563 136 1640 174 515

41 250 188 288 fuisset
221 248 414 299 gnauiter
447 261 491 286 ac
529 247 705 285 feliciter
739 246 1010 284 exercitatus:
1060 257 1159 283 narn
1193 246 1234 283 et
1273 243 1401 283 libros
1435 243 1641 282 Ciceronis

42 303 284 343 auidissime
315 303 539 350 deuorarat,
576 303 617 339 et
646 301 837 339 Platonis
865 299 1109 349 Plotinique
1143 298 1271 337 libros
1306 312 1390 336 non
1420 298 1642 337 oscitanter

41 360 284 405 excusserat,
309 370 384 395 nec
403 357 532 394 vllam
552 356 862 394 mathematices
889 357 1048 403 partem
1074 354 1274 391 intactam
1301 353 1480 403 reliquit.
1539 353 1643 390 Post

41 416 240 461 tanquam
278 412 426 450 auidus
463 411 666 448 bonarum
707 422 848 446 rerum
895 408 1128 458 negociator
1170 408 1273 446 adiit
1313 407 1507 454 Galliam,
1547 420 1643 444 mox

45 467 225 505 Italiam.
288 466 353 504 Ibi
378 479 420 503 se
443 467 582 503 totum
604 463 846 502 euoluendis
873 463 1001 501 sacris
1026 464 1242 502 autoribus
1266 462 1405 509 dedit;
1435 462 1506 500 sed
1527 461 1642 510 prius
1666 476 1727 507 270

44 534 115 571 per
144 520 285 558 omnia
310 520 526 558 literarum
552 531 702 568 genera
728 530 879 567 magno
910 516 1048 555 studio
1074 517 1362 567 peregrinatus
1387 516 1533 566 priscis
1559 515 1645 553 illis

46 575 312 624 potissimum
346 573 637 619 delectabatur,
670 572 885 621 Dionysio,
919 571 1108 620 Origene,
1146 571 1364 621 Cypriano,
1406 570 1641 617 Ambrosio,

45 629 317 677 Hieronymo.
356 629 498 677 Atque
516 627 627 665 inter
640 628 799 665 veteres
820 625 928 664 nulli
946 627 1035 664 erat
1054 625 1238 675 iniquior
1252 638 1377 675 quam
1391 624 1645 675 Augustino.

46 684 190 733 Neque
215 685 357 721 tamen
386 695 470 720 non
499 681 603 731 legit
623 681 795 719 Scotum
824 693 870 718 ac
889 680 1094 718 Thomam
1123 681 1307 729 aliosque
1335 680 1461 718 huius
1480 679 1644 726 farinae,

47 737 82 775 si
113 737 275 787 quando
304 736 419 775 locus
446 735 693 786 postulabat.
752 735 806 773 In
833 734 1049 784 vtriusque
1077 734 1182 772 iuris
1209 733 1329 772 libris
1357 735 1443 772 erat
1472 747 1559 771 non
1588 733 1647 771 in·
1670 747 1729 778 275

48 792 268 841 diligenter
286 793 488 829 versatus.
547 790 733 840 Denique
752 788 897 827 nullus
915 792 1004 827 erat
1023 789 1141 836 liber,
1161 788 1378 827 historiam
1402 790 1475 826 aut
1500 787 1649 826 consti-

48 847 232 885 tutiones
252 845 474 884 continens
493 844 710 892 maiorum,
735 856 861 893 quem
887 842 957 881 ille
986 856 1072 881 non
1097 843 1320 882 euoluerat.
1379 842 1520 880 Habet
1549 854 1650 891 gens

48 900 292 939 Britannica
307 899 378 950 qui
397 899 474 937 hoc
494 899 792 948 praestiterunt
810 898 919 947 apud
940 911 1036 936 suos
1052 898 1163 947 quod
1179 898 1341 936 Dantes
1360 909 1406 935 ac
1423 896 1651 934 Petrarcha

48 955 156 1005 apud
178 954 319 992 Italos.
381 953 435 991 Et
464 953 616 991 horum
644 952 888 992 euoluendis
918 952 1084 1002 scriptis
1113 952 1304 1002 linguam
1330 951 1546 1001 expoliuit,
1567 950 1649 988 iam

48 1011 141 1048 tum
160 1022 203 1047 se
223 1021 470 1058 praeparans
491 1008 539 1046 ad
562 1007 829 1057 praeconium
849 1006 1053 1045 sermonis
1073 1006 1325 1056 Euangelici.
1673 1014 1734 1044 280

103 1063 197 1102 Iam
220 1076 410 1101 reuersus
436 1076 487 1101 ex
509 1062 642 1111 Italia,
666 1061 823 1099 relictis
849 1065 1071 1110 parentum
1096 1061 1269 1100 aedibus
1290 1059 1472 1100 Oxoniae
1504 1058 1652 1098 maluit

49 1130 178 1167 agere.
239 1116 336 1155 Illic
365 1117 530 1167 publice
560 1117 601 1154 et
630 1116 759 1166 gratis
788 1115 989 1155 Paulinas
1018 1115 1225 1165 Epistolas
1254 1127 1401 1153 omnes
1426 1113 1649 1153 enarrauit.

49 1172 130 1210 Hic
162 1172 379 1210 hominem
412 1184 531 1209 nosse
564 1171 689 1220 coepi,
725 1183 823 1208 nam
857 1170 1001 1209 eodem
1034 1173 1126 1208 turn
1159 1184 1228 1208 me
1260 1170 1363 1208 deus
1394 1169 1529 1207 nescio
1556 1168 1649 1217 quis

50 1227 266 1276 adegerat3
305 1229 430 1264 natus
459 1228 550 1264 tum
579 1228 667 1264 erat
695 1238 826 1263 annos
854 1225 984 1263 ferme
1014 1225 1199 1274 triginta,
1228 1237 1296 1262 me
1325 1223 1464 1262 minor
1493 1223 1654 1261 duobus

49 1283 122 1319 aut
154 1280 289 1319 tribus
326 1281 551 1318 mensibus.
623 1279 676 1317 In
715 1279 947 1329 theologica
985 1279 1238 1328 professione
1276 1278 1442 1316 nullum
1481 1277 1653 1316 omnino
1676 1286 1737 1326 285

48 1335 225 1386 gradum
252 1347 327 1372 nec
356 1336 603 1384 assequutus
631 1335 721 1372 erat
748 1347 824 1372 nec
852 1333 1080 1372 ambierat:
1121 1336 1261 1372 tamen
1290 1333 1433 1371 nullus
1459 1334 1546 1370 erat
1568 1331 1655 1370 illic

51 1390 192 1427 doctor
220 1389 288 1428 vel
318 1389 550 1439 theologiae
578 1388 643 1427 vel
674 1388 789 1435 iuris,
822 1388 965 1426 nullus
993 1388 1121 1427 abbas
1154 1390 1227 1427 aut
1260 1387 1416 1437 alioqui
1451 1386 1655 1435 dignitate

50 1443 263 1495 praeditus
283 1444 383 1494 quin
404 1443 531 1481 illum
551 1443 723 1491 audiret,
748 1442 872 1481 etiam
893 1442 1032 1481 allatis
1051 1443 1286 1490 codicibus3
1315 1442 1403 1480 siue
1424 1442 1500 1479 hoc
1521 1440 1656 1478 laudis

397 1537 471 1568 281.
500 1537 578 1568 Iam
595 1548 653 1569 om.
671 1540 714 1569 H.

93 1615 168 1654 267.
194 1613 370 1655 Platonis]
397 1613 448 1645 Cf.
469 1614 531 1654 Ep.
553 1614 622 1645 118.
643 1623 695 1645 21.

94 1668 169 1697 273.
193 1657 366 1698 iniquior]
388 1657 527 1688 ‘severe
539 1667 636 1697 upon
646 1657 666 1696 ⁹,
681 1657 820 1688 ‘unfair

50 1704 86 1733 to
99 1702 332 1742 '--implying
345 1702 408 1732 not
425 1711 462 1732 so
478 1701 587 1732 much
604 1701 819 1732 condemna-

51 1747 129 1777 tion
147 1756 185 1776 as
208 1755 331 1784 wrong
353 1745 573 1785 estimation,
591 1745 699 1775 based
722 1755 818 1785 upon

51 1789 266 1829 inadequate
280 1788 542 1820 consideration
557 1800 565 1819 :
582 1788 628 1820 cf.
640 1789 727 1828 Epp.
740 1789 818 1828 967.

52 1844 107 1872 92,
132 1834 208 1872 998.
236 1842 286 1872 13,
313 1834 405 1864 1061.
422 1842 476 1872 59,
495 1833 570 1863 also
587 1832 625 1863 ll.
646 1842 720 1872 430,
741 1833 816 1871 461,

53 1879 127 1916 478.
155 1877 335 1915 Precisely
346 1877 408 1907 the
416 1886 514 1907 same
521 1877 660 1916 charge,
670 1876 709 1907 of
716 1876 820 1916 being

56 1921 235 1959 ‘iniquior
264 1920 486 1960 Augustino’
520 1919 560 1950 in
592 1930 658 1951 one
692 1919 730 1950 of
757 1920 819 1950 the

52 1968 171 1996 Armet.
196 1974 243 1995 on
270 1964 310 1994 N.
328 1964 375 2003 T„
402 1973 474 1994 was
497 1964 651 2004 brought
679 1964 821 2004 against

55 2010 222 2039 Erasmus
240 2009 286 2048 by
303 2007 437 2039 Martin
458 2007 612 2048 Lypsius
627 2019 635 2047 3
659 2018 715 2038 see
731 2010 820 2044 Apol.

55 2063 116 2090 qua
132 2055 289 2089 respondet
307 2051 363 2093 (f0.
385 2050 426 2082 (3³
442 2053 481 2082 v⁰
497 2061 505 2090 3
528 2051 649 2083 Jortin
666 2052 702 2082 ii.
728 2051 818 2091 507).

53 2097 104 2126 As
121 2098 157 2126 to
173 2095 304 2127 Colet's
320 2096 488 2135 position,
508 2095 570 2126 the
591 2095 821 2134 Disputation

54 2143 88 2170 cle
100 2142 188 2179 tedio,
199 2149 325 2177 pauore,
337 2141 468 2170 tristicia
477 2140 552 2169 Iesu
564 2139 665 2180 (Epp.
680 2139 781 2169 108-1
791 2143 821 2175 1>

56 2185 173 2214 shows
196 2183 275 2213 him
299 2192 336 2213 as
359 2192 405 2213 an
422 2182 599 2214 adherent
616 2183 653 2213 of
665 2182 820 2222 Jerome,

54 2227 126 2258 and
143 2227 311 2258 Erasmus
335 2236 372 2257 as
395 2227 547 2266 arguing
569 2227 708 2267 against
732 2226 820 2257 him.

55 2271 151 2310 This,
171 2270 293 2301 which
311 2271 482 2302 Erasmus
498 2279 571 2301 was
593 2270 748 2310 perhaps
772 2279 823 2300 re-

57 2315 191 2354 calling
205 2314 300 2353 here,
320 2314 465 2354 implies
481 2323 579 2345 some
603 2314 823 2353 contrariety

55 2362 92 2389 to
117 2358 343 2397 Augustine:
378 2358 421 2388 cf.
452 2357 515 2397 Ep.
541 2358 616 2397 844.
656 2367 717 2398 199
748 2367 820 2396 seq.

55 2402 127 2433 But
149 2411 204 2432 see
221 2401 395 2441 Lupton’s
411 2403 504 2440 note,
524 2402 644 2432 where
666 2402 728 2432 the
744 2410 822 2441 pas-

56 2455 136 2485 sage
164 2447 194 2476 is
220 2445 401 2476 discussed
432 2448 469 2476 at
500 2445 637 2484 length,
666 2445 739 2476 and
766 2445 823 2476 his

56 2491 122 2526 Life
158 2491 193 2526 of
226 2491 310 2529 Celet,
344 2498 376 2529 p.
407 2498 497 2528 57n:
539 2494 547 2506 ⁶
561 2488 660 2519 Colet
698 2491 823 2528 quotes

57 2533 260 2572 Augustine
298 2532 437 2563 oftener
482 2533 571 2563 than
610 2542 682 2572 any
721 2532 825 2563 other

57 2576 200 2614 Father,
215 2576 382 2606 nowhere
397 2576 486 2607 with
499 2575 735 2615 disapproval,
751 2576 823 2606 and

56 2630 154 2650 more
172 2620 260 2650 than
279 2629 364 2651 once
381 2620 471 2651 with
490 2620 553 2650 the
575 2619 737 2651 addition
753 2619 792 2651 of
804 2630 823 2650 a

62 2663 278 2694 “Praeclare
294 2663 384 2694 dicit
397 2664 417 2680 ⁷⁷
434 2663 453 2694 '.

102 2707 176 2745 278.
201 2706 295 2747 apud
326 2706 423 2748 suos]
462 2706 554 2737 That
592 2707 762 2739 Erasmus
795 2707 826 2737 is

58 2750 143 2781 here
180 2750 388 2790 comparing
418 2750 590 2790 probably
620 2751 748 2782 Gower
780 2752 824 2790 (c.

63 2795 270 2834 1325—1408)
287 2794 359 2825 and
376 2794 535 2825 Chaucer
549 2795 592 2835 (c.
615 2795 825 2833 1340-1400)

60 2839 151 2868 with
172 2837 289 2869 Dante
317 2837 541 2877 (1265-1321)
566 2838 637 2868 and
656 2838 824 2868 Petrarch

61 2882 245 2921 (1304-74)
263 2891 302 2912 as
318 2882 465 2920 writing
482 2882 520 2912 in
545 2881 641 2912 their
665 2881 825 2912 national

60 2924 231 2964 language
256 2925 313 2965 (cf.
343 2924 406 2965 Ep.
427 2926 518 2956 1126.
537 2926 631 2964 9511),
652 2925 682 2955 is
703 2925 825 2956 shown

59 2968 107 3007 by
130 2978 150 2999 a
177 2977 321 3008 passage
348 2969 387 2999 in
413 2969 475 2999 the
499 2971 704 3007 Ecclesiastes‚
726 2969 782 3000 bk.
802 2970 826 2999 ii

60 3011 142 3049 (LB.
186 3022 216 3043 v.
249 3012 387 3053 8561113)
405 3022 412 3041 :
451 3012 571 3043 where
606 3022 736 3051 among
766 3013 828 3042 the

834 1547 916 1568 mox
934 1541 1005 1568 anie
1021 1537 1156 1568 relictis
1174 1539 1247 1567 add.
1265 1538 1306 1566 N.

889 1613 1053 1644 methods
1078 1614 1125 1652 by
1141 1613 1260 1643 which
1286 1612 1348 1642 the
1373 1611 1544 1651 preacher
1568 1610 1598 1641 is
1622 1612 1658 1640 to

889 1657 986 1688 train
1018 1656 1168 1687 himself
1195 1656 1249 1687 for
1280 1656 1338 1686 his
1375 1655 1488 1693 work,
1522 1664 1589 1684 one
1629 1655 1658 1684 is

891 1701 1076 1731 ‘euoluere
1115 1700 1223 1731 libros
1260 1709 1383 1730 eorum
1422 1699 1485 1738 qui
1516 1698 1659 1736 linguae

887 1745 1047 1785 vulgaris
1063 1743 1270 1784 eloquentia
1283 1743 1490 1783 polluerunt
1504 1753 1511 1772 :
1537 1741 1659 1781 quales

888 1789 1117 1819 celebrantur
1161 1788 1255 1828 apud
1299 1787 1412 1818 Italos
1457 1786 1591 1816 Dantes
1623 1788 1659 1815 et

889 1832 1092 1863 Petrarcha.
1141 1832 1213 1862 Nec
1236 1833 1290 1862 est
1314 1831 1387 1861 vlla
1410 1832 1485 1861 tam
1510 1829 1660 1860 barbara

888 1877 1011 1916 lingua
1036 1876 1125 1915 quin
1155 1876 1285 1906 habeat
1316 1884 1416 1905 suam
1441 1873 1658 1914 peculiarem

889 1920 1104 1960 elegantiam
1121 1921 1157 1950 et
1181 1919 1394 1959 emphasim,
1414 1918 1444 1948 Si
1468 1917 1578 1948 fuerit
1602 1926 1660 1947 ex-

890 1964 997 1995 culta.
1045 1963 1112 2003 Qui
1141 1963 1275 1994 callent
1300 1962 1438 1997 Italice,
1464 1961 1660 2000 Hispanice

891 2010 927 2038 et
963 2007 1111 2046 Gallice,
1138 2008 1344 2037 constanter
1379 2006 1588 2036 asseuerant
1622 2005 1659 2034 in

891 2052 949 2082 his
973 2051 1117 2091 linguis,
1137 2053 1319 2090 vtcunque
1335 2049 1524 2088 corruptis,
1544 2048 1661 2078 inesse

891 2095 1044 2135 gratiam
1062 2104 1169 2134 quam
1188 2095 1318 2125 Latina
1334 2093 1458 2132 lingua
1476 2102 1549 2123 non
1571 2101 1659 2122 asse—

891 2140 1032 2178 quatur.
1097 2139 1199 2169 Idem
1238 2138 1419 2168 affirmant
1457 2136 1500 2167 de
1539 2136 1663 2175 lingua

893 2183 1117 2221 Britannica,
1153 2181 1236 2213 licet
1265 2191 1308 2212 ex
1340 2180 1466 2211 multis
1497 2179 1660 2217 conflata,

892 2227 1005 2265 deque
1023 2227 1147 2266 lingua
1164 2226 1346 2256 Saxonica.
1395 2224 1439 2255 Et
1452 2224 1489 2254 in
1508 2222 1661 2263 singulis

891 2270 1027 2310 linguis
1042 2271 1242 2301 extiterunt
1256 2269 1318 2308 qui
1333 2268 1436 2299 libris
1447 2267 1575 2298 aeditis
1588 2276 1659 2297 non

891 2314 1074 2353 vulgarem
1111 2313 1257 2344 dicendi
1294 2312 1438 2343 laudem
1474 2311 1660 2351 promeriti

892 2359 978 2388 sunt
992 2357 1012 2390 ³.

935 2403 1009 2432 282.
1032 2401 1158 2442 gratis]
1186 2401 1235 2432 Cf.
1261 2401 1284 2431 l.
1313 2409 1397 2438 3443
1422 2398 1494 2430 and
1520 2408 1574 2429 see
1597 2398 1662 2438 Ep.

894 2455 986 2485 1053.
1007 2454 1108 2484 53511.

983 2487 1169 2529 Paulinas]
1196 2487 1248 2519 Cf.
1270 2488 1334 2528 Ep.
1356 2487 1427 2518 108.
1448 2496 1499 2525 77.

937 2533 1012 2571 284.
1039 2531 1206 2573 triginta]
1240 2532 1277 2562 If
1313 2531 1411 2562 Colet
1443 2540 1515 2560 was
1546 2539 1565 2559 a
1596 2530 1663 2559 few

894 2577 1039 2607 months
1078 2585 1236 2615 younger
1274 2576 1363 2605 than
1402 2575 1581 2609 Erasmus,
1619 2573 1663 2603 he

893 2621 992 2651 must
1015 2620 1105 2651 have
1129 2619 1220 2650 been
1243 2618 1367 2659 nearly
1384 2627 1427 2657 33
1444 2617 1550 2648 when
1575 2616 1663 2655 they

895 2664 973 2694 first
1004 2666 1088 2695 met.
1147 2663 1213 2694 For
1244 2661 1423 2693 Erasmus'
1452 2663 1664 2699 inaccuracy

894 2708 1001 2738 about
1018 2708 1147 2746 figures
1164 2708 1208 2737 cf.
1228 2716 1252 2747 1,
1272 2717 1303 2746 p.
1323 2716 1353 2737 2.
1373 2707 1441 2735 2611
1459 2716 1466 2743 ;
1486 2704 1557 2735 and
1576 2704 1662 2743 Epp.

898 2760 991 2789 1143.
1014 2761 1067 2790 25,
1089 2752 1181 2781 1166.
1200 2751 1230 2781 6.

939 2796 1012 2833 287.
1035 2794 1158 2835 abbas]
1208 2793 1365 2824 Richard
1420 2792 1458 2823 of
1508 2790 1662 2822 Kidder-

896 2839 1047 2869 minster
1065 2838 1144 2877 (Ep.
1167 2839 1260 2869 1061.
1289 2838 1390 2876 15011)
1415 2845 1487 2867 was
1512 2835 1664 2874 perhaps

897 2892 962 2912 one
979 2881 1016 2912 of
1038 2882 1147 2912 these.

942 2926 1014 2956 288.
1046 2924 1242 2965 codicibus]
1290 2934 1359 2955 MSS.
1421 2933 1459 2954 or
1520 2921 1662 2961 printed

898 2971 992 2999 texts
1011 2970 1067 3001 (cf.
1088 2969 1151 3008 Ep.
1170 2977 1244 3007 441.
1265 2968 1296 3008 1)
1315 2968 1353 2998 of
1366 2967 1426 2998 the
1447 2965 1611 3005 Epistles,
1628 2966 1664 2994 to

899 3013 989 3043 refer
1005 3012 1040 3043 to
1057 3012 1190 3052 during
1206 3012 1268 3043 the
1286 3011 1430 3043 lecture.

817 3075 927 3112 Ll2
