1990 3353
55 141 178 198 1000]
557 141 627 182 ΤΟ
667 141 926 181 LORENZO
962 140 1135 181 PUCCI
1598 143 1651 180 25

59 252 194 304 qualia
213 252 370 291 fuerint
397 251 470 290 illa
489 265 594 301 quae
609 252 832 302 perierunt,
856 252 1023 302 grauius
1038 253 1164 292 etiam
1190 252 1331 291 animo
1358 252 1652 291 discrutiamur

58 307 292 357 quicunque
311 307 598 345 thesaurorum
618 306 860 344 huiusmodi
879 319 1026 346 sumus
1049 307 1176 346 auari.
1234 306 1365 345 Porro
1390 309 1437 345 vt
1464 320 1576 345 nunc
1604 307 1648 345 in

57 361 227 400 obscuro
247 361 302 399 sit
322 374 424 410 quae
444 363 485 399 et
505 373 631 410 quam
650 360 785 399 multa
805 360 870 399 vir
889 360 961 399 ille
981 361 1202 412 scripserit,
1227 374 1399 411 operum
1419 361 1586 399 claritas
1606 362 1650 399 in

56 428 174 454 causa
203 415 310 462 fuit3
351 427 453 464 quae
486 418 528 452 et
561 414 826 464 Hieronymo
858 416 1064 464 persuasit
1097 419 1144 454 vt
1174 429 1259 454 non
1293 416 1460 453 duceret
1490 428 1651 464 operae-

57 470 242 520 precium
255 469 592 507 lucubrationum
607 468 721 507 illius
740 468 923 507 indicem
941 472 1091 518 texere,
1110 483 1205 508 cum
1218 470 1351 519 ipsius
1365 471 1497 508 aetate
1512 472 1552 507 et
1565 470 1652 508 sole
1674 484 1710 515 15

56 524 244 563 clariores
262 523 516 562 haberentur
535 525 577 561 et
598 523 823 573 publicitus
844 523 1036 562 omnium
1062 525 1258 563 manibus
1281 526 1536 562 tererentur:
1566 537 1651 562 non

57 577 298 617 existimans
326 578 417 615 fieri
445 591 564 627 posse
583 580 630 615 vt
659 579 820 616 tantam
850 577 986 616 lucem
1016 591 1061 617 ac
1087 578 1373 617 celebritatem
1394 578 1505 616 vllus
1533 591 1652 616 casus

57 631 282 671 obliuionis
311 631 495 670 tenebris
518 632 763 671 obscuraret.
823 631 941 680 Quod
968 633 1078 671 idem
1108 633 1269 671 malum
1295 632 1417 671 nobis
1437 645 1514 671 vsu
1533 632 1652 671 venit

55 687 98 725 in
131 685 403 724 Tertulliano.
465 685 573 724 Nam
607 686 715 724 alius
749 686 955 736 quispiam
986 700 1106 726 casus
1137 687 1451 737 Origenicorum
1480 699 1651 736 operum

56 740 288 790 catalogum
308 740 428 778 nobis
453 740 623 788 ademit,
647 753 773 790 quem
800 740 1089 791 Hieronymus
1115 755 1204 780 sese
1228 744 1405 780 testatur
1429 741 1653 779 attexuisse
1673 758 1713 779 20

57 795 100 833 in
130 794 307 844 quadam
330 795 380 833 ad
406 793 584 833 Paulam
604 795 789 845 epistola,
814 795 859 833 in
879 809 959 845 qua
984 796 1109 834 huius
1128 796 1374 834 Adamantii
1400 795 1530 834 libros
1556 809 1651 834 cum

55 849 173 887 libris
209 849 408 888 Varronis
453 849 611 887 confert
630 863 639 897 3
687 863 811 899 quem
854 852 897 888 et
934 850 1073 900 ipsum
1112 854 1275 889 constat
1310 851 1653 902 πολυγραφότατον

55 903 192 942 fuisse.

107 957 325 996 Caeterum
358 970 455 995 cum
486 957 729 996 Lactantius
759 960 936 997 testetur
968 972 992 997 a
1026 959 1233 1009 Cypriano
1263 959 1489 997 admodum
1519 959 1653 997 multa

57 1012 184 1051 fuisse
208 1012 450 1061 conscripta,
478 1012 631 1050 rectius
654 1013 871 1062 perspiciet
896 1016 1052 1062 quanta
1080 1013 1210 1052 fuerit
1234 1027 1281 1052 ea
1307 1013 1520 1052 calamitas
1548 1027 1653 1062 quae
1674 1030 1712 1062 25

58 1068 213 1105 caetera
233 1066 352 1104 nobis
371 1066 539 1111 ademit,
564 1067 637 1116 qui
656 1067 843 1116 reliquiis
865 1081 966 1116 quas
985 1068 1197 1116 habemus,
1226 1068 1357 1106 notha
1376 1081 1421 1106 ac
1442 1068 1653 1117 pseudepi-

57 1121 210 1171 grapha
231 1120 466 1159 detraxerit.
525 1121 696 1159 Etenim
716 1124 762 1159 vt
783 1122 991 1171 Cypriano
1007 1136 1102 1160 cum
1122 1123 1290 1161 caeteris
1304 1122 1575 1172 scriptoribus
1591 1125 1654 1161 est

57 1188 288 1222 commune,
312 1175 422 1225 quod
442 1175 575 1224 ipsius
594 1175 952 1215 lucubrationibus
978 1177 1113 1215 multa
1139 1177 1225 1215 sint
1251 1177 1429 1215 aliorum
1453 1176 1649 1224 admixta,

57 1230 115 1268 ita
134 1229 211 1268 hoc
230 1228 310 1267 fuit
337 1229 598 1280 Hieronymo
622 1229 792 1277 felicior,
816 1232 925 1281 quod
953 1231 1077 1270 huius
1097 1231 1388 1270 voluminibus
1414 1231 1547 1269 multa
1567 1231 1654 1270 sint

58 1284 309 1333 interspersa
329 1297 498 1333 prorsus
523 1285 696 1333 indigna
721 1284 840 1333 lectu,
863 1286 1071 1335 Cypriano
1087 1286 1196 1324 nihil
1216 1286 1464 1335 asscriptum
1487 1288 1549 1324 est
1570 1285 1654 1323 nisi
1673 1297 1715 1328 30

58 1338 223 1377 doctum
243 1340 284 1376 et
304 1351 327 1376 a
347 1339 510 1388 magnis
528 1339 631 1376 viris
650 1339 892 1388 profectum.
951 1340 1134 1378 Proinde
1151 1354 1228 1379 nos
1242 1341 1341 1378 adeo
1358 1340 1464 1378 nihil
1478 1339 1654 1378 semoui-

56 1406 149 1431 mus
161 1392 287 1430 etiam
299 1392 426 1431 huius
439 1393 613 1442 generis,
624 1394 882 1431 vtnonnulla
890 1407 939 1432 ex
952 1395 1127 1433 vetustis
1140 1394 1349 1433 codicibus
1361 1394 1631 1433 adiecerimus
1644 1408 1653 1433 ε

59 1460 190 1497 neque
210 1447 323 1485 enim
342 1447 535 1497 protinus
554 1447 825 1486 reiiciendum
847 1449 956 1498 quod
978 1448 1177 1499 Cypriani
1196 1462 1281 1487 non
1303 1451 1378 1487 est.

0 1506 6 1552 l,
107 1502 200 1540 Iam
230 1515 282 1540 ne
311 1501 404 1551 quis
432 1501 477 1540 in
506 1501 582 1540 hac
612 1515 782 1541 censura
807 1506 926 1552 putet
955 1516 1032 1542 nos
1061 1504 1169 1542 nihil
1198 1503 1310 1541 aliud
1340 1506 1504 1542 secutos
1529 1516 1655 1553 quam

3 1556 6 1560 ’
57 1556 269 1594 somnium
291 1556 424 1593 animi
444 1556 589 1604 nostri,
613 1556 864 1605 Symbolum
884 1557 992 1605 fidei,
1018 1559 1125 1607 quod
1147 1558 1191 1596 in
1212 1558 1418 1607 euulgatis
1439 1557 1591 1607 pariter
1609 1571 1655 1595 ac
1676 1571 1714 1602 35

56 1610 271 1660 descriptis
303 1610 590 1649 voluminibus
628 1611 827 1661 Cypriani
864 1611 1039 1650 titulum
1076 1612 1278 1651 hactenus
1316 1612 1510 1662 possidet,
1544 1611 1656 1650 inter

57 1678 177 1714 opera
197 1665 284 1703 diui
305 1664 556 1714 Hieronymi
577 1666 709 1703 fertur
728 1666 885 1704 Ruffini
904 1668 1087 1705 nomine.
1145 1666 1272 1705 Liber
1284 1667 1346 1705 De
1366 1667 1656 1716 singularitate

57 1718 298 1758 clericorum
319 1719 497 1758 habetur
514 1719 623 1758 inter
648 1720 879 1770 Augustini
905 1721 1240 1760 lucubrationes:
1270 1734 1508 1771 quanquam
1538 1721 1573 1759 is
1602 1734 1655 1759 an

60 1773 253 1823 Cypriani
291 1773 346 1811 sit
384 1773 556 1812 dubito·
547 1803 557 1821 ,
603 1777 714 1813 certe
752 1776 983 1825 Augustini
1021 1789 1104 1814 non
1143 1789 1232 1814 esse
1270 1778 1432 1825 praeter
1470 1775 1654 1825 phrasim

59 1830 238 1878 arguunt
269 1828 382 1877 ipsae
412 1841 624 1866 sacrorum
654 1829 921 1868 voluminum
959 1830 1189 1869 citationes.
1251 1830 1313 1868 De
1352 1830 1526 1868 caeteris
1564 1843 1655 1868 con·
1674 1843 1716 1874 40

0 1871 3 1921 ἶ
58 1882 257 1921 iecturam
277 1886 395 1921 nost1
397 1896 464 1921 am
484 1883 572 1921 suis
591 1883 690 1922 locis
707 1884 1018 1923 annotabimus.
1073 1885 1215 1923 Vitam
1236 1887 1405 1934 apparet
1421 1897 1470 1922 ex
1485 1898 1532 1922 00
1547 1884 1656 1923 libro

59 1937 304 1986 decerptam,
346 1950 481 1987 quem,
521 1941 569 1975 vt
614 1941 792 1976 testatur
831 1938 1126 1988 Hieronymus,
1177 1939 1421 1988 conscripsit
1461 1939 1652 1986 Pontius,

61 1991 256 2040 Cypriani
283 1991 491 2040 diaconus,
521 1992 566 2030 in
592 1992 682 2042 ipso
710 1992 838 2031 etiam
864 1993 990 2031 exilio
1019 2007 1158 2032 comes
1182 1993 1428 2032 indiuiduus
1446 2007 1577 2043 vsque
1603 1993 1654 2031 ad

59 2045 198 2084 vltimi
218 2046 412 2095 supplicii
433 2047 556 2085 diem.
618 2046 702 2085 Nec
727 2048 840 2085 enim
862 2048 965 2085 mihi
990 2048 1218 2086 verisimile
1242 2048 1291 2086 fit
1320 2048 1398 2086 hoc
1427 2061 1516 2086 esse
1542 2047 1654 2086 volu-

0 2118 7 2154 'd
60 2112 152 2138 men
174 2100 278 2138 illud
300 2101 524 2150 egregium,
548 2101 666 2140 cuius
685 2101 729 2139 in
749 2102 837 2139 vita
857 2102 1002 2141 Pontii
1025 2103 1220 2140 meminit
1240 2102 1537 2152 HieronymuS,
1559 2115 1654 2140 cum
1674 2115 1715 2146 45

61 2154 166 2204 quod
189 2156 300 2193 extat
320 2155 427 2204 apud
449 2168 536 2201 nos,
559 2169 611 2194 110
631 2155 765 2194 libelli
793 2156 960 2205 quidem
980 2157 1232 2195 vocabulum
1257 2162 1472 2195 mereatur.
1534 2157 1654 2195 Certe

62 2208 297 2247 coronidem
327 2209 376 2247 de
408 2210 681 2248 translatione
709 2210 891 2260 corporis
920 2211 1009 2249 eius
1036 2212 1088 2250 ab
1115 2210 1198 2249 alio
1226 2211 1422 2261 quopiam
1447 2211 1654 2249 adiectam

0 2268 1 2275 ¹
57 2275 142 2301 esse
161 2263 312 2302 clarius
326 2266 389 2302 est
404 2277 528 2314 quam
548 2267 595 2303 vt
609 2262 666 2303 sit
684 2265 1006 2313 admonendum,
1029 2266 1272 2316 praesertim
1288 2278 1384 2303 cum
1400 2266 1444 2303 in
1459 2278 1505 2303 ea
1521 2265 1656 2304 Caroli

58 2316 327 2366 Imperatoris
346 2318 419 2356 fiat
437 2318 608 2357 mentio.

109 2371 200 2410 Iam
238 2372 346 2422 quod
386 2371 510 2412 diuus
550 2373 840 2423 Hieronymus
876 2376 1092 2421 memorat,
1133 2377 1224 2412 octo
1258 2376 1427 2412 tantum
1458 2373 1655 2424 epistolas
1676 2388 1717 2418 50

10 2508 12 2518 ι
102 2484 148 2513 14.
172 2477 208 2506 et
230 2479 304 2507 add.
325 2477 351 2507 δ.
529 2478 577 2508 16.
606 2486 677 2507 non
695 2488 735 2507 a:
760 2477 856 2508 haud
874 2487 1055 2518 quaquam
1072 2489 1104 2516 7.
1282 2478 1334 2508 28.
1362 2478 1437 2508 sint
1454 2488 1496 2508 a:
1521 2479 1608 2508 sunt
1625 2478 1652 2508 δ.

9 2527 12 2540 ·
57 2527 107 2557 29.
133 2520 207 2549 sint
223 2530 266 2549 a:
289 2521 375 2550 sunt
388 2520 414 2551 δ.
539 2530 593 2559 37.
619 2521 726 2551 Liber
742 2544 749 2551 .
770 2545 777 2552 .
798 2545 806 2553 .
827 2533 878 2559 40.
898 2522 1086 2552 citationes
1102 2524 1175 2551 add.
1195 2532 1218 2560 γ
1235 2520 1303 2561 (40.
1324 2519 1425 2551 N³LB
1442 2532 1448 2551 :
1473 2531 1653 2552 sacrarum

12 2601 13 2606 1
56 2572 79 2601 7
93 2563 219 2603 Lond.).
353 2575 405 2602 44.
432 2564 524 2595 mihi
542 2567 615 2595 add.
636 2565 663 2595 δ.
794 2575 848 2604 50.
873 2566 979 2597 diuus
994 2576 1036 2596 a:
1062 2565 1101 2595 D.
1122 2567 1161 2596 X.

12 2656 15 2678 Ι
102 2686 150 2716 15.
176 2677 349 2720 indicem]
367 2679 469 2710 Hier.
492 2683 558 2712 Vir.
577 2683 621 2713 ill.
642 2682 695 2719 67.
888 2681 969 2711 that
995 2681 1040 2711 lie
1068 2681 1139 2711 had
1158 2681 1277 2711 before
1294 2680 1372 2710 him
1390 2679 1435 2710 N¹
1453 2689 1492 2710 01·
1509 2677 1565 2719 N²‚
1584 2678 1653 2709 and

100 2732 152 2753 20.
177 2722 439 2764 Hieronymus]
456 2726 517 2762 Ep.
532 2734 584 2764 33.
888 2724 1002 2756 Lond-

102 2775 154 2804 24.
181 2766 406 2808 Lactantius]
425 2770 506 2799 [nst.
526 2778 555 2807 5.
579 2778 605 2799 1.
625 2778 677 2806 24.
933 2777 984 2807 42.
1011 2767 1275 2808 Hieronymus]
1297 2769 1362 2797 Vir.
1380 2769 1424 2798 ill.
1439 2767 1491 2797 68.

98 2820 150 2850 35.
177 2810 386 2849 Symbolum
403 2811 504 2852 fidei]
525 2812 611 2843 This
635 2811 706 2843 had
732 2812 819 2843 been
976 2810 1141 2852 Pontius]
1159 2811 1210 2842 Cf.
1230 2810 1293 2850 Ep.
1317 2812 1410 2841 1260.
1430 2820 1510 2849 23n.

58 2853 203 2893 printed
235 2854 273 2885 in
305 2854 497 2886 Rembolt’s
528 2856 678 2895 edition,
715 2865 818 2895 1512:
932 2865 983 2894 47.
1009 2855 1231 2896 coronidem]
1250 2855 1442 2895 Apassage
1458 2853 1654 2893 beginning

18 2899 19 2919 ἓ
58 2897 119 2928 the
135 2899 178 2928 De
193 2900 410 2935 sinqularitate
425 2901 599 2930 clericorum
622 2899 660 2930 in
684 2898 733 2929 all
758 2899 820 2930 the
891 2900 899 2916 ‘
912 2898 982 2929 Nos
997 2908 1088 2938 ergo.
1113 2898 1252 2937 fratres,
1272 2907 1414 2928 oremus
1431 2921 1438 2928 .
1459 2921 1467 2928 .
1488 2897 1505 2928 .'
1531 2900 1568 2927 at
1592 2897 1654 2926 the

18 2970 19 2987 ἢ
60 2941 204 2979 printed
219 2941 379 2972 volumes
397 2942 482 2974 used
499 2943 544 2982 by
561 2942 741 2975 Erasmus.
888 2942 959 2973 end
976 2942 1014 2972 of
1028 2942 1190 2973 Pontius’
1203 2944 1310 2972 Passio
1322 2944 1484 2980 Cypriani,
1503 2941 1543 2971 f0.
1564 2941 1600 2971 bss
1616 2941 1654 2969 v⁰

101 2994 154 3024 40.
177 2985 370 3026 sacrorum]
411 2986 444 3016 A
488 2989 573 3017 note
622 2987 727 3017 made
774 2986 820 3026 by
889 2986 927 3016 of
953 2997 993 3016 a:
1030 2996 1087 3016 see
1128 2984 1304 3016 Erasmus·
1338 2983 1651 3023 annotatiuncula,

4 3054 6 3058 ,
61 3027 196 3060 Leclerc
209 3028 248 3060 in
265 3029 438 3069 adopting
454 3029 528 3061 this
544 3030 820 3070 readingshows
888 3031 929 3060 1'0.
948 3029 982 3060 b⁵
998 3033 1047 3059 v0.
