1990 3353
50 99 176 154 1202]
560 98 630 137 ΤΟ
668 97 917 137 JODOGUS
955 97 1131 135 JONAS

51 210 243 255 fautores,
274 209 351 247 hoc
380 210 466 247 arte
495 209 673 258 quadam
702 208 899 254 affectare,
931 209 977 244 vt
1005 206 1107 245 alios
1141 205 1408 244 inuoluerent
1437 204 1577 242 odioso
1606 217 1651 242 ac

51 263 282 313 periculoso
301 263 482 313 negocio.
541 262 647 310 Quid
672 262 786 299 enim
810 260 1017 299 attinebat
1043 261 1298 310 Capnionem
1324 258 1425 297 satis
1453 258 1653 296 hactenus

48 321 268 356 oneratum
302 318 489 367 grauiore
522 329 690 355 onerare
724 315 916 353 inuidia?
973 315 1078 362 Quid
1109 328 1213 364 opus
1243 315 1327 351 erat
1357 312 1440 350 mei
1470 312 1655 350 nominis

51 373 176 410 toties
202 372 450 410 inuidiosam
474 371 606 409 facere
634 370 902 416 mentionem,
926 383 1058 419 quum
1087 382 1152 407 res
1179 368 1221 406 id
1253 380 1511 417 nequaquam
1542 365 1654 415 fiagi-

49 427 190 465 taret‘?
245 426 559 464 Admonueram
586 424 821 463 Lutherum
847 423 1021 473 priuatis
1047 426 1089 461 et
1114 422 1341 471 obsignatis
1367 420 1522 468 literis;
1557 433 1655 458 mox

53 480 231 530 Lypsiae
259 482 359 518 sunt
388 493 570 518 excusae,
628 479 945 516 Adnionueram
966 478 1081 515 Card.
1106 477 1404 526 Moguntinum
1426 475 1656 524 obsignatis

53 535 199 579 literis,
219 548 272 572 ne
300 537 456 572 temere
485 533 731 579 Lutherum,
754 532 872 570 cuius
891 532 1024 570 adhuc
1044 544 1164 569 causa
1188 531 1394 580 plerisque
1420 529 1542 567 bonis
1567 531 1656 566 erat

52 589 298 639 plausibilis,
331 589 592 637 quorundam
625 588 791 625 libidini
825 587 1002 624 dederet.
1070 585 1278 633 Euulgata
1297 587 1358 622 est
1378 583 1525 622 formis
1544 585 1654 621 ante-

51 656 181 693 -quam
207 643 378 680 reddita.
438 642 673 680 Bilibaldus
694 641 781 679 suis
801 641 852 679 ad
873 653 940 678 nie
960 640 1093 677 literis
1114 640 1301 688 queritur
1321 638 1517 687 epistolas
1540 650 1656 686 quas-

54 702 150 736 dam
180 696 436 735 circumferri
465 710 645 744 excusas,
669 709 770 745 quas
800 708 924 732 nemo
951 707 1136 743 vnquam
1167 693 1230 730 illi
1259 693 1449 730 reddidit.
1511 691 1563 728 In
1591 691 1657 729 his

54 753 277 790 hortantur
296 765 392 789 eum
413 754 459 788 vt
479 751 672 800 persistat
691 750 736 787 in
756 763 803 787 eo
824 749 932 799 quod
952 750 1149 798 coeperat,
1167 761 1247 796 quo
1268 746 1427 786 scilicet
1445 746 1657 784 volentem

55 805 269 844 nolentem
288 806 531 855 pertrahant
549 805 594 842 in
613 805 737 842 huius
756 803 950 842 factionis
968 803 1235 841 consortium.

110 860 146 897 E
182 861 289 898 meis
331 859 462 907 libris,
505 873 608 908 quos
645 859 792 908 scripsi
829 859 1072 908 priusquam
1112 856 1364 894 somniarem
1402 855 1658 892 exoriturum

56 914 303 961 Lutherum,
335 914 476 952 odiosa
504 913 704 963 quaedam
739 914 1030 962 decerpserunt
1064 917 1106 949 et
1141 912 1185 948 in
1219 910 1512 948 Germanicam
1543 921 1660 946 versa

57 969 245 1018 linguam
282 968 560 1018 publicarunt,
603 981 706 1017 quae
744 967 986 1005 viderentur
1024 966 1163 1004 affinia
1200 964 1448 1015 quibusdam
1486 962 1662 1000 Lutheri

50 1023 273 1072 dogmatis.
333 1023 389 1060 Et
418 1023 542 1061 amici
561 1023 693 1061 videri
713 1022 863 1060 volunt
892 1021 963 1071 qui
993 1021 1091 1059 haec
1120 1020 1290 1067 faciunt,
1315 1031 1446 1068 quum
1476 1016 1662 1066 capitalis

56 1078 254 1116 inimicus
281 1077 389 1116 nihil
419 1077 552 1126 possit
580 1077 789 1115 hostilius.
848 1076 942 1113 Non
962 1077 1049 1114 erat
1072 1074 1322 1112 tantundem
1342 1072 1393 1111 ad
1413 1071 1662 1110 laedendum

58 1132 218 1181 ingenii
243 1132 296 1169 iis
320 1132 392 1181 qui
417 1131 523 1170 mihi
550 1131 729 1181 pessime
750 1131 956 1169 volebant.
1016 1129 1109 1168 Hoc
1138 1129 1270 1167 telum
1298 1127 1364 1165 illi
1392 1126 1665 1176 porrexerunt

57 1186 241 1224 inimicis
259 1187 374 1234 meis,
397 1188 445 1224 vt
470 1187 553 1224 iam
580 1187 624 1224 in
648 1185 827 1235 publicis
857 1184 1125 1223 concionibus
1154 1183 1390 1232 praedicent
1420 1193 1525 1230 quae
1555 1179 1663 1216 mihi

51 1242 286 1290 congruant
307 1254 401 1278 cum
423 1241 617 1279 Luthero.
675 1240 804 1288 Quasi
825 1252 924 1278 vero
944 1238 1110 1278 veritati
1131 1251 1216 1276 non
1236 1237 1290 1275 sit
1309 1235 1507 1284 vtrinque
1527 1233 1663 1272 affinis

59 1295 232 1343 falsitas,
251 1296 288 1332 si
307 1296 655 1345 praetergrediare
675 1295 841 1332 lineam.
898 1295 987 1343 Ego
1016 1294 1188 1330 fortasse
1218 1291 1372 1330 alicubi
1400 1302 1550 1328 moneo
1579 1301 1663 1326 non

59 1362 147 1387 esse
175 1351 330 1387 temere
359 1349 623 1399 suscipienda
652 1353 759 1396 vota,
782 1362 857 1386 nec
878 1348 1004 1397 probo
1025 1348 1129 1386 istos
1149 1346 1221 1396 qui
1242 1346 1355 1384 domi
1374 1344 1520 1382 relicta
1539 1355 1664 1380 vxore

54 1406 102 1442 vet
125 1403 268 1442 liberis
292 1417 471 1453 quorum
494 1406 535 1442 et
554 1404 665 1442 vitae
690 1407 729 1441 et
756 1403 979 1452 pudicitiae
1005 1401 1245 1440 consultum
1272 1398 1466 1449 oportuit,
1489 1400 1664 1435 currunt

53 1458 111 1496 ad
141 1457 286 1496 diuum
317 1458 518 1496 Iacobum
547 1461 619 1496 aut
649 1457 999 1505 Hierosolymam,
1021 1456 1093 1494 vbi
1123 1455 1228 1493 nihil
1259 1456 1347 1492 erat
1375 1453 1461 1490 illis
1490 1451 1662 1501 negocii.

61 1513 209 1551 Moneo
230 1513 403 1550 iuuenes
423 1525 507 1550 non
526 1525 614 1550 esse
634 1512 902 1561 pelliciendos
923 1512 974 1549 ad
994 1510 1162 1549 vincula
1188 1508 1402 1557 religionis
1425 1507 1666 1557 priusquam

61 1567 142 1605 sibi
161 1567 252 1605 noti
271 1567 356 1604 sint
376 1570 417 1604 et
437 1567 579 1605 norint
599 1567 698 1616 quid
720 1567 774 1605 sit
795 1566 951 1615 religio.
1003 1565 1224 1611 Lutherus,
1245 1568 1291 1601 vt
1310 1563 1441 1609 aiunt,
1463 1561 1508 1598 in
1528 1562 1666 1597 totum

55 1622 234 1659 damnat
262 1621 403 1660 omnia
425 1623 532 1660 vota.
591 1621 759 1659 Alicubi
789 1634 937 1670 queror
968 1632 1073 1658 onus
1102 1617 1373 1657 confessionis
1403 1614 1667 1665 quorundam

63 1675 221 1725 laqueis
249 1679 531 1725 aggrauatum.
594 1676 817 1724 Lutherus,
841 1682 886 1713 vt
915 1675 1045 1721 aiunt,
1070 1674 1188 1711 docet
1210 1671 1476 1710 reiiciendam
1498 1681 1668 1707 omnem

56 1730 380 1778 confessionem,
395 1733 441 1768 vt
456 1730 739 1780 perniciosam.
781 1729 951 1768 Alicubi
967 1728 1086 1767 docui
1103 1727 1288 1778 primum
1306 1725 1486 1776 optimos
1505 1725 1670 1761 autores

173 1870 247 1891 202.
274 1861 449 1900 Euulgate
466 1865 552 1893 sunt
569 1886 576 1893 .
594 1887 602 1894 .
620 1885 628 1892 .
647 1871 724 1900 203.
750 1860 912 1893 redditae
928 1862 957 1890 F
971 1862 1084 1897 Corre'ss.

111 1971 183 2001 199.
205 1961 424 2004 Lutheruin]
441 1961 505 1992 See
522 1962 608 2002 Epp.
628 1962 704 2002 948,
723 1961 800 2000 980.

110 2015 185 2035 200.
213 2005 487 2046 Moguntinum]
504 2005 568 2037 See
585 2006 649 2046 Ep.
671 2015 764 2045 1033.

110 2057 183 2086 203.
210 2048 342 2090 literis]
361 2049 431 2080 Not
448 2051 587 2080 extant.

154 2092 340 2133 epistolas]
357 2093 432 2123 The
442 2093 620 2124 reference
638 2093 669 2122 is
684 2092 839 2133 perhaps

66 2135 245 2166 toaletter
255 2136 346 2167 from
355 2137 469 2168 Andr.
478 2137 635 2168 Francus
647 2136 838 2167 Camiczia—

62 2189 137 2210 ‚nus
152 2182 188 2210 to
199 2180 456 2218 Pirckheimer‚
469 2190 507 2219 17
521 2181 614 2221 Sept.
638 2190 723 2219 1520
741 2180 836 2218 (HE.

71 2233 133 2263 195
153 2239 178 2249 Ξ
197 2223 234 2254 Ρ.
255 2234 287 2264 p.
306 2227 399 2264 329),
424 2224 547 2255 which
564 2226 594 2255 is
617 2225 678 2255 the
700 2226 837 2263 prefuee

70 2274 108 2298 to
139 2267 201 2298 the
228 2270 321 2298 Duae
344 2270 479 2306 Epistola
509 2269 547 2299 of
575 2268 735 2299 Stroiner
766 2268 838 2298 and

70 2311 228 2352 Gregory
266 2311 376 2351 Copp,
408 2312 561 2352 Leipzig,
596 2312 641 2342 M.
676 2312 838 2350 Lotther,

70 2364 158 2396 1520
175 2359 246 2396 (see
263 2355 325 2394 Ep.
345 2357 420 2394 986.
442 2357 535 2396 14n).
572 2356 733 2395 Bocking
745 2365 838 2386 com-

70 2408 174 2439 pares
191 2399 228 2429 P.
245 2409 278 2438 p.
297 2408 360 2438 405
379 2415 404 2425 =
426 2399 503 2432 HE.
519 2409 593 2439 277,
610 2403 626 2438 5
648 2411 660 2430 1
681 2398 719 2442 (ἱ)
735 2409 839 2438 1520-

75 2441 125 2485 1).
173 2443 340 2474 Francus’
373 2443 495 2482 letter,
526 2444 665 2483 though
697 2444 727 2474 it
757 2453 839 2473 con-

71 2487 171 2516 tains
197 2496 244 2517 no
274 2486 389 2518 direct
413 2487 654 2527 exhortation‚
681 2496 839 2517 assumes

75 2529 352 2561 Pirckheimer's
397 2531 594 2571 sympathy
639 2530 731 2561 with
778 2531 839 2560 the

68 2576 282 2604 movement
297 2574 351 2604 for
368 2575 512 2606 reform.

117 2626 191 2656 209.
215 2617 458 2657 publicarunt]
475 2621 503 2648 A
520 2618 674 2649 German
690 2618 842 2648 transla-

73 2661 151 2692 tion
168 2660 206 2691 of
219 2661 281 2691 the
298 2664 504 2692 Enchz'ridz'on
521 2663 566 2701 by
581 2662 634 2693 Jo.
653 2662 841 2701 Adelphus

74 2704 148 2735 had
176 2704 252 2743 just
281 2705 466 2745 appeared,
497 2705 612 2744 Basle‚
648 2708 690 2736 A.
730 2706 841 2742 Petri,

77 2757 186 2786 1520;
210 2749 255 2779 cf.
281 2748 350 2779 VE.
382 2749 453 2779 182.
499 2749 574 2779 The
600 2759 679 2779 new
702 2750 842 2788 prusae·-

79 2792 157 2832 (ΕΡ.
178 2792 257 2831 858)ι
275 2792 347 2822 had
366 2793 441 2823 also
463 2793 553 2823 been
575 2792 772 2822 translated
798 2794 843 2831 by

77 2835 295 2874 Spalatinus,
329 2837 402 2866 ancl
441 2846 524 2875 may
555 2836 646 2867 have
683 2837 771 2867 been
805 2836 842 2865 iu

76 2880 177 2919 print
194 2879 239 2918 by
255 2889 346 2909 now.

123 2923 199 2954 218.
224 2923 353 2953 diuum
385 2922 570 2964 Iacobum]
598 2923 768 2962 Santiago
801 2922 844 2952 do

73 2966 344 3006 -Compostellaz
404 2967 459 2997 for
519 2967 580 2998 the
638 2967 846 3006 pilgrimnge

1240 1865 1314 1895 205.
1343 1855 1509 1885 hortatur
1525 1855 1567 1883 H.

902 1959 1045 1990 thither
1061 1968 1116 1989 see
1138 1957 1199 1988 the
1220 1955 1477 1992 Wallfahrisbuch
1494 1952 1531 1982 of
1545 1952 1667 1982 Herm.

904 2003 1027 2042 Kiinig
1049 2012 1120 2032 von
1144 2000 1256 2038 Vach,
1273 1999 1327 2030 ed.
1345 1998 1389 2028 K.
1409 1997 1553 2034 Habler‚
1576 1995 1670 2033 1899.

906 2047 957 2078 Cf.
977 2048 1195 2084 Ενιεῖιίγὶιῐὶοη,
1221 2043 1288 2073 LB.
1314 2053 1347 2072 v.
1375 2043 1418 2079 63
1431 2050 1460 2080 r,
1487 2039 1558 2070 and
1582 2038 1669 2078 Epp.

906 2091 981 2130 858.
1000 2101 1076 2129 410,
1096 2090 1170 2128 875.
1194 2095 1309 2126 14-15.

951 2144 1025 2173 219.
1051 2132 1188 2171 Moneo]
1206 2131 1258 2162 Cf.
1277 2131 1340 2169 Ep.
1363 2129 1458 2166 1183.
1478 2136 1574 2157 122n.

950 2189 1024 2209 220.
1051 2177 1119 2207 sihi
1136 2175 1229 2216 noti]
1245 2174 1296 2206 Cf.
1316 2173 1378 2212 Ep.
1397 2182 1473 2212 999.
1495 2172 1593 2208 16411.

951 2232 1026 2261 220,
1061 2231 1136 2259 222,
1169 2230 1244 2258 225.
1278 2217 1473 2256 Lutherus]
1505 2216 1676 2246 Erasmus

907 2265 1092 2304 evidently
1135 2265 1166 2294 is
1212 2263 1363 2302 quoting
1407 2264 1471 2290 not
1509 2259 1677 2290 Lutlier⁷s

909 2311 1074 2349 writings
1095 2308 1263 2347 directly,
1280 2307 1342 2336 but
1367 2306 1430 2335 the
1454 2305 1676 2334 Determinatio

909 2356 1087 2391 tlzeologsicae
1097 2354 1268 2382 Facalmtis
1276 2351 1430 2380 parisien.
1438 2358 1528 2384 super
1535 2349 1677 2377 doctrina

909 2400 1101 2427 Luflzcrc'cma
1117 2399 1264 2425 hactenus
1279 2403 1335 2431 per
1355 2403 1425 2423 eam
1445 2395 1513 2422 risa
1532 2391 1588 2431 (cs.
1609 2389 1675 2429 Ep.

912 2451 1004 2479 1141.
1035 2444 1139 2479 19n];
1172 2438 1291 2468 which
1319 2446 1391 2467 was
1421 2433 1602 2466 delivered
1639 2442 1677 2472 15

908 2486 1012 2525 April
1038 2493 1132 2523 1521,
1150 2483 1222 2513 and
1242 2480 1389 2521 printed
1405 2481 1452 2520 by
1469 2478 1615 2514 Badius,
1631 2486 1678 2507 no

910 2530 1019 2559 doubt
1037 2534 1073 2557 at
1087 2537 1185 2557 once.
1228 2526 1264 2557 lt
1277 2524 1475 2555 condemns
1491 2533 1510 2552 a
1528 2521 1679 2552 number

911 2574 947 2602 of
975 2571 1215 2611 propositions
1246 2569 1371 2599 drawn
1395 2570 1488 2598 froin
1513 2563 1679 2596 Luther's

913 2616 1049 2653 works;
1076 2615 1176 2645 those
1199 2623 1245 2643 on
1269 2622 1366 2642 vows
1391 2611 1461 2641 and
1484 2608 1679 2648 Dionysius

914 2661 1018 2699 being
1043 2659 1137 2689 cited
1162 2658 1254 2687 from
1277 2656 1339 2686 the
1365 2658 1449 2692 Capt.
1475 2654 1676 2690 Babylonica,

912 2704 1012 2734 those
1021 2713 1064 2733 011
1074 2702 1274 2732 confession
1286 2699 1357 2729 and
1370 2700 1431 2730 the
1442 2696 1678 2729 Aristotelian

913 2746 1127 2787 philosophy
1147 2745 1183 2785 gl.
1203 2745 1290 2784 6411)
1315 2744 1406 2773 from
1429 2741 1594 2780 writings
1617 2743 1680 2769 not

913 2790 1089 2830 spccified.

956 2843 1029 2864 221.
1057 2831 1197 2872 queror]
1219 2834 1335 2861 Anno&
1356 2839 1401 2859 on
1425 2828 1525 2859 Matt.
1549 2837 1598 2857 11.
1616 2834 1677 2863 30:

918 2877 1039 2908 added
1060 2877 1098 2906 in
1118 2885 1211 2914 1519,
1232 2884 1263 2913 p.
1282 2885 1334 2912 44.

958 2930 1033 2959 223.
1059 2920 1176 2958 docui]
1193 2919 1266 2948 'l‘he
1283 2917 1462 2947 reference
1480 2915 1510 2945 is
1527 2913 1680 2954 perhaps

917 2970 953 2995 to
970 2968 1085 2995 Amzoe.
1104 2973 1149 2993 ΟΠ
1169 2964 1253 2992 Acts
1273 2970 1320 3000 17.
1340 2970 1393 2999 34.

1674 214 1733 246 195

1676 492 1739 515 200

1679 756 1740 788 205

1683 1028 1747 1050 210

1686 1302 1748 1334 ²15

1690 1569 1752 1591 220
