1990 3353
212 399 249 422 10

212 947 252 969 20

210 1217 248 1247 25

210 1488 251 1519 30

211 1755 248 1786 35

271 115 351 153 566
738 112 988 151 LETTERS
1027 111 1096 151 OF
1135 111 1400 151 ERASMUS
1740 107 1779 163 [1
1789 119 1836 158 52
1847 123 1862 148 1

270 225 414 275 legere.
485 222 570 261 Nec
608 222 721 260 enim
755 221 899 259 dubito
937 220 1038 270 quin
1076 219 1226 270 dignus
1264 220 1321 258 sit
1357 219 1432 258 illo
1469 219 1591 269 longe
1628 219 1869 258 felicissimo

269 278 445 329 ingenio,
471 277 579 328 quod
606 277 710 314 mire
736 275 855 321 valet,
879 274 1113 325 vbicunque
1136 287 1224 313 sese
1249 274 1486 313 intenderit.
1529 273 1641 312 Olim
1667 273 1868 324 prodigio·

274 346 340 372 sae
378 332 543 382 pietatis
580 331 809 369 habebatur
847 331 888 367 et
926 328 1119 368 diuorum
1157 328 1333 379 dignum
1370 328 1567 377 catalogo,
1604 327 1639 366 si
1676 328 1870 378 princeps

269 387 399 437 copiis
429 389 470 425 et
502 386 628 425 armis
662 383 888 434 depulisset
918 383 1060 422 hostes
1089 396 1113 421 a
1145 382 1375 422 ceruicibus
1405 382 1751 422 Christianorum.
1810 383 1869 420 At

269 441 479 481 Henricus
508 441 680 478 octauus
708 437 878 489 ingenio
899 438 1139 488 calamoque
1163 438 1396 488 propugnat
1419 450 1494 487 pro
1521 436 1679 475 Christi
1701 449 1863 486 sponsa,

268 496 370 535 satis
401 494 616 534 declarans
654 492 753 543 quid
790 494 1073 543 praestaturus
1109 493 1178 539 sit,
1213 493 1249 530 si
1287 505 1353 530 res
1389 504 1506 529 arma
1543 491 1750 541 flagitarit.
1809 491 1868 529 At

268 550 440 589 interim
461 548 569 599 quod
593 561 702 586 nunc
721 548 917 597 praestat,
935 548 984 586 vt
1003 560 1096 585 mea
1114 546 1325 584 sententia
1343 545 1480 584 multo
1495 545 1703 584 difficilius
1721 547 1795 593 est,
1810 544 1869 583 ita

268 604 437 643 laudem
461 602 700 642 solidiorem
728 600 944 652 magisque
965 601 1175 651 propriam
1194 600 1259 638 illi
1281 600 1425 650 pariet.
1486 599 1594 638 Nam
1619 599 1790 638 bellicae
1810 599 1868 637 rei

267 658 436 697 laudem
465 658 632 696 fortuna
661 657 840 707 partitur
870 655 915 694 in
945 654 1112 703 multos,
1147 667 1443 705 saepenumero
1475 654 1611 693 multo
1643 654 1869 692 maximam

268 714 430 763 partem
468 712 547 751 sibi
577 711 806 750 vindicans.
866 710 949 748 Hic
983 709 1179 760 quoniam
1213 722 1278 747 res
1315 709 1452 747 omnis
1490 709 1622 746 animi
1654 707 1869 759 praesidiis

269 767 437 818 geritur,
461 766 655 817 quicquid
678 765 811 803 laudis
841 766 903 803 est
923 765 996 803 vni
1021 763 1184 814 proprie
1208 763 1381 802 debetur
1400 762 1593 801 Henrico.
1655 763 1869 811 Quotquot

270 821 448 861 colimus
460 824 531 860 aut
543 833 734 860 amamus
750 819 881 858 bonas
893 819 1044 866 literas,
1062 817 1337 868 ingratissimi
1352 818 1485 856 simus
1497 817 1542 855 ni
1554 817 1637 856 tale
1652 817 1869 867 ingenium

268 889 516 915 veneremur
530 877 655 926 atque
668 873 965 922 exosculemur‚
985 873 1094 923 quod
1109 872 1230 911 miris
1245 872 1381 910 modis
1394 874 1513 910 ornat
1524 872 1869 920 commendatque

269 930 407 970 studia
435 932 587 969 nostra.
648 929 778 967 Porro
810 927 973 966 confido
1001 927 1089 965 fore
1118 928 1165 966 vt
1194 927 1271 966 hoc
1299 925 1631 976 pulcherrimum
1664 926 1867 976 planeque

271 985 531 1024 rarissimum
560 983 773 1033 exemplar
802 982 959 1021 multos
989 982 1196 1032 principes
1224 983 1422 1031 prouocet
1452 981 1502 1019 ad
1531 979 1868 1019 aemulationem.

269 1041 338 1078 An
363 1052 446 1077 non
473 1038 646 1088 pudebit
668 1037 841 1087 posthac
864 1037 1105 1083 sacerdotes,
1128 1036 1364 1082 monachos,
1387 1035 1607 1085 episcopos,
1629 1034 1739 1073 nihil
1765 1034 1869 1072 scire

270 1094 330 1132 rei
349 1093 612 1143 theologicae,
636 1105 765 1142 quum
786 1091 966 1130 viderint
986 1091 1142 1140 Regem
1161 1092 1339 1137 tantum,
1366 1090 1572 1136 iuuenem,
1597 1091 1659 1128 tot
1685 1087 1867 1138 negociis

269 1148 519 1194 districtum,
541 1160 588 1185 eo
608 1158 872 1196 progressum
892 1146 938 1183 in
962 1145 1193 1194 cognitione
1217 1157 1427 1183 sacrarum
1450 1144 1664 1182 literarum
1683 1146 1730 1182 vt
1749 1143 1870 1181 libris

269 1202 417 1241 aeditis
435 1201 687 1252 periclitanti
707 1200 963 1240 Christianae
983 1199 1179 1249 religioni
1197 1198 1510 1249 patrocinetur?
1566 1198 1651 1236 Nec
1669 1196 1869 1236 addubito

269 1257 371 1307 quin
391 1256 432 1295 id
458 1255 672 1306 aliquanto
697 1253 860 1293 felicius
883 1254 948 1292 illi
968 1253 1209 1292 successerit
1229 1266 1353 1304 quam
1372 1252 1588 1292 nonnullis
1608 1251 1679 1302 qui
1698 1251 1870 1291 antehac

269 1311 313 1350 in
335 1311 479 1349 eodem
500 1309 634 1349 stadio
653 1309 763 1347 vires
783 1321 879 1347 suas
897 1308 1119 1358 periclitati
1137 1310 1247 1346 sunt.

323 1365 402 1404 Sed
424 1365 500 1404 hac
520 1364 571 1402 de
590 1377 634 1402 re
655 1364 830 1402 certiora
849 1362 1027 1402 scribam
1048 1362 1119 1401 vbi
1138 1362 1295 1400 librum
1315 1362 1538 1400 deuorare:
1567 1362 1684 1399 cuius
1703 1359 1868 1410 legendi

268 1433 337 1458 me
356 1420 463 1458 mira
482 1419 684 1470 quaedam
704 1420 819 1456 tenet
838 1417 1029 1456 auiditas.
1091 1416 1200 1456 Nam
1220 1417 1268 1455 R.
1293 1416 1341 1455 D.
1365 1415 1637 1455 Eboracensis
1657 1414 1869 1465 pollicitus

270 1476 332 1512 est
359 1487 403 1512 se
427 1475 635 1513 facturum
663 1472 767 1510 mihi
794 1472 967 1522 copiam.
1027 1471 1306 1510 Vehementer
1331 1474 1420 1509 erat
1447 1471 1671 1509 molestum
1692 1469 1802 1520 quod
1824 1472 1868 1507 tu

270 1529 432 1567 abesses
452 1528 503 1567 ab
525 1527 602 1566 hoc
623 1527 834 1565 comitatu.
895 1526 944 1564 Id
965 1525 1157 1564 tulissem
1181 1525 1445 1573 moderatius,
1467 1525 1502 1564 si
1522 1525 1587 1564 vel
1609 1524 1779 1574 epistola
1792 1535 1868 1562 nos

269 1582 495 1621 inuisisses.
553 1582 778 1628 Memento,
799 1581 858 1619 mi
879 1581 1044 1627 Pacaee,
1069 1580 1114 1618 in
1134 1580 1251 1618 cuius
1273 1578 1686 1627 locumrsuccesseris,
1711 1581 1750 1616 et
1770 1577 1869 1628 quid

270 1637 390 1676 nobis
418 1636 671 1687 promiseris.
731 1636 914 1685 Expecto
944 1635 1056 1673 enim
1080 1636 1127 1673 vt
1153 1634 1304 1672 efficias
1326 1647 1379 1672 ne
1404 1634 1594 1673 Ooletum
1621 1645 1870 1682 magnopere

269 1691 512 1730 desiderem.
574 1690 637 1729 Tu
664 1690 800 1728 maius
823 1691 948 1728 etiam
979 1688 1175 1739 quiddam.
1199 1702 1243 1727 es
1267 1687 1488 1738 pollicitus.
1525 1689 1726 1726 Abunde
1755 1686 1869 1725 satis-

268 1745 414 1784 feceris
433 1747 474 1784 et
494 1745 598 1784 meis
618 1745 728 1783 votis
751 1746 791 1783 et
818 1744 901 1782 tuis
927 1743 1147 1794 promissis
1170 1742 1206 1780 si
1226 1756 1298 1793 per
1320 1745 1360 1780 te
1380 1742 1522 1783 licebit
1540 1743 1718 1791 recipere
1739 1753 1868 1791 nugas

269 1813 370 1850 quas
391 1800 501 1849 apud
527 1801 568 1837 te
590 1798 856 1848 deposuimus
878 1798 1099 1836 Ferrariae.
1160 1797 1275 1835 Bene
1295 1796 1396 1845 vale,
1419 1797 1484 1836 vir
1505 1797 1780 1836 ornatissime.

323 1854 476 1904 Brugis
494 1866 533 1892 x.
556 1853 640 1893 Gal.
662 1853 868 1903 Septemb.
901 1854 1028 1891 Anno
1050 1851 1252 1890 M.D.xx1.

322 1925 482 1963 Marcus
504 1924 725 1972 Laurinus,
749 1923 928 1962 decanus
951 1923 1059 1972 apud
1087 1922 1128 1960 S.
1153 1921 1450 1969 Donatianum,
1478 1922 1628 1972 hospes
1654 1935 1784 1969 meus,
1807 1922 1870 1961 tui

268 1979 593 2027 amantissimus,
616 1978 776 2028 rogauit
794 1981 838 2016 vt
859 1977 946 2016 suis
966 1976 1104 2016 verbis
1123 1976 1201 2015 tibi
1217 1976 1396 2015 multam
1413 1977 1591 2015 salutem
1607 1976 1869 2015 ascriberem.

684 2122 812 2163 12:28.
872 2121 937 2163 To
970 2121 1189 2162 W1LL1AM
1221 2121 1453 2164 WARHAM.

317 2224 424 2259 Basle
446 2222 526 2258 MS.
550 2223 609 2258 Ki.
628 2223 691 2259 Ar.
712 2233 766 2269 25.
787 2236 819 2259 a.
840 2233 884 2268 97
901 2223 962 2268 (a).
1591 2223 1743 2267 Bruges.

317 2280 354 2317 F.
375 2294 412 2327 p.
430 2290 521 2327 537:
549 2281 644 2317 HN:
672 2281 787 2317 Lond.
806 2281 876 2316 xiv.
897 2291 940 2324 7:
967 2280 1039 2315 LB.
1062 2289 1138 2325 590.
1494 2291 1536 2325 23
1556 2281 1700 2326 August
1721 2291 1823 2327 1521.

314 2372 404 2413 [The
438 2375 659 2414 manuscript
691 2374 719 2404 is
750 2376 1035 2414 contemporary,
1069 2373 1135 2403 but
1167 2373 1388 2403 inaccurate:
1425 2373 1444 2403 Ι
1471 2375 1603 2404 cannot
1627 2373 1785 2413 identify
1808 2375 1869 2406 the

269 2415 378 2446 hand.
425 2417 577 2457 Against
596 2418 656 2448 the
674 2418 839 2458 heading,
860 2418 978 2448 which
997 2417 1184 2455 obviously
1201 2426 1275 2447 was
1295 2418 1357 2447 not
1374 2418 1453 2456 part
1470 2417 1508 2447 of
1529 2417 1708 2448 Erasmus'
1731 2427 1869 2458 compo-

268 2460 389 2499 sition,
420 2461 571 2491 another
598 2462 874 2501 contemporary
898 2460 994 2492 hand
1025 2461 1089 2491 has
1124 2460 1272 2490 written
1291 2460 1370 2490 ‘Ad
1399 2460 1652 2500 Moguntinum
1675 2462 1781 2501 puto'
1797 2461 1869 2493 and

267 2502 360 2533 later
378 2504 454 2533 ‘Ad
473 2503 597 2544 Capito
610 2506 631 2542 ⁷,
646 2507 685 2535 in
703 2506 787 2535 vain
813 2504 1015 2544 conjecture
1032 2514 1070 2535 as
1086 2505 1123 2534 to
1141 2504 1203 2534 the
1220 2513 1347 2543 person
1373 2503 1574 2536 addressed.
1621 2504 1694 2535 The
1718 2506 1868 2536 absence

269 2547 307 2577 of
320 2547 488 2586 heading,
508 2548 578 2578 and
595 2548 825 2588 presumably
841 2549 913 2579 also
929 2548 967 2579 of
981 2547 1091 2585 dates,
1110 2547 1148 2577 in
1172 2547 1234 2577 the
1259 2547 1413 2586 original
1437 2547 1555 2578 shows
1580 2549 1659 2579 that
1680 2548 1755 2579 this
1772 2551 1868 2580 must

269 2589 358 2620 have
383 2591 471 2621 been
489 2600 508 2620 a
526 2592 636 2631 rough
662 2592 769 2622 draft.
818 2593 890 2623 But
915 2592 977 2622 the
1002 2591 1168 2631 copyist's
1191 2590 1344 2621 blunder
1367 2591 1406 2621 in
1432 2592 1494 2621 the
1518 2591 1674 2632 heading
1696 2592 1781 2624 does
1804 2594 1869 2624 not

269 2633 382 2673 imply
397 2643 493 2664 more
507 2634 598 2665 than
613 2634 692 2666 that
712 2636 790 2666 that
807 2638 886 2675 part
905 2635 943 2665 of
957 2635 1014 2665 his
1037 2634 1190 2674 original
1207 2644 1277 2664 was
1295 2635 1357 2664 not
1373 2635 1571 2675 autograph
1589 2647 1596 2666 :
1619 2636 1680 2667 the
1697 2637 1770 2667 rest
1786 2645 1868 2675 may

489 2734 537 2764 15.
564 2728 621 2756 H:
645 2736 912 2767 saepenumero,
931 2730 965 2758 F.
1123 2738 1175 2767 29.
1202 2728 1240 2759 R.
1256 2728 1296 2759 D.
1314 2731 1363 2759 F:
1388 2728 1591 2759 Cardinalis
1607 2731 1648 2759 H.

268 2800 362 2849 679⁸.
395 2800 467 2830 The
486 2802 644 2840 meeting
668 2802 698 2831 is
721 2801 905 2833 described
922 2803 961 2834 in
980 2803 1036 2833 dc·
1105 2804 1181 2843 966.
1201 2814 1297 2843 24-9,
1322 2805 1396 2843 976.
1424 2806 1522 2843 37-8,
1552 2813 1644 2844 1313.
1672 2806 1768 2844 72-6,
1796 2804 1867 2836 and

269 2843 335 2873 tail
354 2852 391 2873 1n
410 2844 471 2883 Ep.
494 2852 588 2881 1342.
607 2845 749 2884 848-57.
1107 2847 1217 2878 Lond.
1238 2847 1337 2878 xxiii.
1360 2857 1408 2887 15,
1429 2848 1498 2878 LB.
1521 2849 1612 2886 1038.

312 2896 365 2935 .²4'
390 2896 429 2917 co
452 2888 693 2928 progressum]
719 2888 785 2919 For
803 2889 963 2928 Henry’s
982 2892 1034 2920 at·
1146 2899 1198 2928 32.
1225 2890 1450 2931 successeris]
1470 2891 1520 2922 Cf.
1542 2891 1603 2931 Ep.
1626 2901 1718 2931 10²5·
1737 2900 1795 2931 311.

270 2931 469 2960 tammcnts
497 2931 534 2961 in
559 2931 621 2961 the
650 2932 840 2963 scholastic
869 2933 1035 2972 theolog-y
1146 2935 1199 2973 36.
1228 2933 1421 2975 Feri-ariae]
1455 2935 1506 2966 Cf.
1541 2934 1628 2975 Epp.
1658 2944 1752 2966 1110.
1784 2945 1865 2975 39n,

268 2973 341 3004 and
365 2973 580 3014 philosophy
603 2974 646 3006 cf.
677 2975 763 3015 Epp.
792 2977 865 3014 964.
895 2977 1031 3016 119-28,
1107 2985 1198 3015 1224.
1219 2986 1276 3017 5n.
