1990 3353
32 131 153 185 1044]
1557 137 1634 175 127

523 133 680 172 FROM
717 133 944 173 MARTIN
984 133 1137 172 DORP

26 244 170 283 fauent
195 243 281 282 tuis
307 243 460 282 sanctis
483 242 696 281 laboribus
721 244 768 280 vt
798 256 849 281 ne
879 243 964 280 suis
993 242 1162 291 quidem
1193 242 1327 292 magis
1358 247 1524 293 queant.
1582 244 1635 282 In
1656 260 1695 291 35

27 298 264 346 Germania,
292 297 335 335 in
362 297 529 347 Anglia,
557 298 602 335 in
630 297 815 343 Francia,
839 299 939 347 quot
966 299 1066 334 sunt
1084 296 1284 335 chiliades
1309 297 1552 336 mortalium
1579 298 1635 336 sic

27 366 78 391 ex
104 352 245 391 animo
269 351 502 390 fauentium
526 351 700 389 Erasmo
727 352 774 389 vt
798 364 850 389 ne
875 350 957 388 aris
983 351 1152 400 quidem
1177 364 1222 389 ac
1248 351 1352 389 focis
1377 351 1633 401 impensius!

29 409 70 446 et
90 419 113 445 o
132 420 200 444 me
220 406 470 452 dementem,
492 406 564 455 qui
583 418 668 443 non
689 409 853 454 semper
872 404 989 442 nisus
1007 405 1090 443 sim
1110 405 1304 443 manibus
1322 418 1368 443 ac
1392 406 1568 455 pedibus
1588 420 1639 444 ne

29 461 266 499 nasceretur
291 461 341 498 de
367 473 434 498 me
462 459 643 509 pessima
669 459 856 508 suspitio,
887 458 1006 508 quasi
1031 458 1069 497 is
1096 472 1171 508 ego
1197 472 1330 498 essem
1357 460 1428 509 qui
1447 460 1521 498 tali
1548 460 1638 499 viro

29 515 279 561 aduersarer,
302 516 536 563 staremque
555 514 607 551 ab
628 513 766 551 nescio
786 513 939 562 quibus
959 515 1033 552 etc.

85 569 168 608 Cur
193 582 276 607 non
302 568 353 606 ab
378 568 500 606 initio
525 567 567 606 id
594 568 733 616 palam
753 569 932 605 testatus
955 568 1086 606 sum‘?
1133 567 1216 606 Cur
1243 570 1331 606 tam
1361 568 1432 606 diu
1462 569 1640 607 distuli?

32 623 140 662 Malo
159 623 244 661 fato
264 625 381 661 actus
400 623 473 670 fui,
499 622 559 660 mi
579 622 778 669 Erasme;
808 622 879 660 sed
900 624 1056 671 prestat
1085 635 1293 660 recurrere
1320 636 1444 672 quam
1471 636 1639 662 cursum

31 677 138 716 male
157 676 400 715 institutum
416 690 596 726 pergere.
637 676 771 724 Quam
790 675 950 726 gaudeo
967 689 1033 713 me
1049 676 1288 714 Orationem
1308 677 1427 714 illam
1448 677 1636 726 edidisse,

32 745 113 782 quo
132 730 328 769 omnibus
348 733 510 769 constet
530 744 656 780 quam
676 732 932 780 repugnante
952 730 1093 768 animo
1113 744 1207 769 meo
1234 731 1342 769 facta
1361 731 1515 770 fuerint
1537 745 1641 781 quae

33 785 321 835 contigerunt!
361 798 493 834 neque
513 785 628 823 enim
650 798 835 834 vnquam
854 784 962 823 mihi
981 785 1227 833 placuerunt
1247 798 1326 834 que
1346 786 1640 824 moliebantur.
1660 806 1700 837 45

33 840 114 879 Sed
134 840 179 878 in
198 840 277 878 hoc
292 852 473 877 errorem
488 852 631 877 meum
646 839 826 889 ingenue
841 839 1040 877 confiteor
1055 839 1145 888 tibi,
1163 840 1223 878 mi
1243 838 1414 878 Erasme
1432 840 1642 879 humanis-

33 895 150 941 sime,
193 894 302 944 quod
342 907 428 932 non
464 895 605 943 aperte
641 893 911 942 explicuerim
946 893 1046 943 quid
1080 893 1293 933 sentirem.
1353 895 1403 933 Id
1435 895 1470 933 si
1504 895 1642 933 denuo

33 949 228 988 futurum
247 950 321 996 est,
346 949 454 986 male
474 961 651 997 peream,
673 949 853 998 quantus
874 950 1058 996 quantus
1078 961 1182 987 sum.

89 1004 224 1052 Queso
243 1004 286 1040 te
309 1004 352 1040 vt
372 1002 511 1052 aliquo
530 1002 573 1040 in
593 1002 691 1050 loco,
715 1015 847 1052 quum
866 1001 943 1040 erit
965 1004 1259 1051 opportunum,
1282 1003 1365 1041 mei
1384 1004 1644 1042 mentionem

35 1058 162 1096 facias
187 1056 374 1105 amicam,
403 1070 486 1106 quo
516 1056 757 1105 intelligant
786 1070 930 1095 omnes
959 1056 1131 1106 pulchre
1156 1057 1267 1095 inter
1295 1070 1372 1096 nos
1395 1059 1644 1097 conuenire:
1663 1082 1704 1114 50

35 1113 113 1150 hoc
139 1112 245 1149 mihi
271 1111 429 1161 gratius
452 1111 583 1149 facere
614 1124 699 1149 non
725 1113 852 1160 potes.
914 1111 1008 1148 Non
1038 1111 1186 1149 desunt
1216 1111 1413 1161 epistolae
1442 1113 1643 1162 quaedam

35 1167 86 1205 ad
107 1179 176 1204 me
195 1168 291 1204 tuae
317 1168 360 1204 et
386 1178 504 1203 meae
529 1165 579 1203 ad
607 1167 676 1211 te;
707 1165 857 1203 harum
884 1165 921 1203 si
947 1179 1025 1215 que
1051 1168 1175 1204 erunt
1201 1165 1372 1204 idoneae
1400 1180 1478 1216 que
1502 1167 1644 1216 impri-

36 1223 219 1267 mantur,
243 1233 316 1269 per
336 1219 430 1257 illas
451 1219 540 1257 fieri
560 1220 711 1269 poterit
731 1219 838 1270 quod
865 1222 971 1269 peto.
1032 1220 1080 1258 R.
1103 1220 1152 1257 D.
1179 1220 1489 1259 Edmondensis
1514 1222 1646 1260 amice

39 1275 169 1314 sentit
190 1275 240 1312 de
259 1276 311 1313 te.
334 1274 401 1312 vir
420 1274 514 1323 pius
532 1276 576 1312 et
595 1275 668 1324 qui
688 1274 833 1312 natiua
857 1274 1044 1312 bonitate
1065 1273 1238 1312 dissidia
1260 1274 1340 1313 ista
1361 1275 1458 1313 odit.
1519 1276 1645 1325 Apud

37 1342 135 1368 eum
156 1330 197 1367 et
216 1328 324 1378 apud
346 1341 491 1366 omnes
510 1328 617 1366 nihil
639 1328 814 1367 cessabit
840 1328 1022 1377 Dorpius
1043 1331 1154 1376 tuus,
1176 1342 1309 1378 neque
1335 1329 1374 1367 id
1399 1329 1505 1368 clam
1525 1330 1646 1369 habe·
1669 1348 1708 1380 55

38 1384 113 1422 bit.
173 1382 411 1421 Orationem
435 1396 580 1425 meam,
604 1383 682 1421 etsi
702 1383 890 1432 ineptam
915 1396 962 1421 ac
987 1383 1209 1430 indoctam,
1239 1383 1343 1421 mire
1364 1387 1506 1422 tamen
1525 1385 1647 1434 cupio

39 1437 227 1476 Basileae
256 1437 506 1486 impressum
535 1436 588 1474 iri
617 1437 729 1487 typis
759 1437 1043 1475 Frobenianis.
1105 1436 1155 1474 Id
1187 1439 1234 1476 tu
1262 1438 1296 1475 si
1332 1438 1456 1485 voles,
1490 1439 1647 1477 factum

38 1494 125 1530 est:
157 1491 256 1541 quid
277 1491 390 1529 enim
411 1491 489 1529 tibi
509 1493 632 1541 neget
650 1492 718 1529 vel
739 1491 969 1529 Rhenanus
990 1491 1055 1529 vel
1082 1491 1346 1531 Frobenius‘?
1375 1492 1482 1531 Cum
1503 1493 1649 1531 scribis

39 1547 90 1584 ad
119 1545 296 1593 Morum,
318 1545 369 1584 ad
401 1546 595 1592 Paceum,
623 1546 673 1583 ad
703 1545 967 1593 Rhenanum,
1000 1546 1049 1583 ad
1080 1546 1331 1593 Huttenum,
1360 1547 1411 1585 ad
1440 1546 1645 1595 Budeum,

40 1600 176 1646 facito,
200 1613 337 1650 queso,
356 1600 531 1638 amicam
553 1600 699 1649 Dorpii
720 1600 783 1638 tui
804 1601 1074 1638 mentionem.

96 1655 222 1693 Pater
242 1667 372 1699 meus,
387 1654 454 1692 vir
473 1667 600 1692 senex
619 1667 664 1693 ac
685 1667 790 1704 pene
805 1654 1103 1703 octogenarius,
1127 1653 1353 1703 plurimam
1374 1655 1551 1693 salutem
1572 1655 1651 1694 tibi

42 1709 190 1748 ascribi
218 1708 354 1747 iussit.
411 1708 602 1747 Fortasse
630 1722 714 1746 non
749 1708 980 1746 meministi
1008 1709 1121 1747 vnde
1153 1711 1194 1747 te
1225 1709 1347 1748 norit.
1408 1710 1649 1748 Collocutus

42 1766 106 1802 est
133 1766 272 1802 tecum
301 1762 553 1801 suauissime
583 1763 707 1801 annis
737 1763 888 1801 abhinc
919 1763 1041 1811 paulo
1072 1763 1166 1812 plus
1197 1763 1358 1802 duobus
1388 1764 1433 1801 in
1464 1764 1650 1814 Collegio

42 1817 324 1857 Atrebatensi.
384 1816 581 1866 Magister
601 1817 777 1856 Iacobus
800 1818 1032 1863 Mauritius,
1055 1817 1330 1867 consiliarius,
1357 1819 1428 1868 qui
1449 1819 1550 1857 olim
1571 1819 1651 1857 fuit

43 1871 329 1922 pensionarius
369 1871 613 1919 Goudensis,
649 1874 739 1910 toto
778 1875 943 1922 pectore
980 1872 1057 1910 tibi
1095 1871 1416 1919 addictissimus,
1457 1873 1572 1912 iubet
1610 1876 1651 1912 te
1673 1888 1692 1919 6

1656 533 1699 564 40

1670 1612 1712 1643 60

89 1974 142 2001 40.
174 1963 294 1994 nescio
311 1963 442 2002 quibus
458 1965 523 1994 etc.
541 1962 577 1993 α’
592 1975 600 1994 2
625 1973 700 1996 nes.
717 1964 758 1996 a¹.

853 1976 906 2004 41.
934 1975 1013 1997 sum
1032 1977 1074 1998 a:
1092 1966 1142 1996 fui
1158 1970 1192 2003 β.

47 2018 99 2046 44.
126 2006 185 2038 12²:
208 2007 357 2037 fuerunt
375 2005 444 2040 affl.

1297 1976 1348 2004 42.
1378 1967 1427 1996 mi
1448 1978 1488 1996 a:
1515 1976 1533 1996 o
1551 1967 1599 1997 mi
1620 1968 1652 2000 β.

539 2008 593 2045 64.
620 2007 816 2040 Mauricius
832 2011 866 2043 β.

91 2144 144 2173 40.
173 2132 259 2174 etc.]
276 2134 349 2165 The
362 2134 465 2165 usual
477 2135 557 2174 sign
569 2135 608 2165 of
622 2135 795 2166 omission
810 2145 818 2174 3

48 2177 92 2209 cf.
111 2177 199 2217 Epp.
211 2177 287 2216 368.
307 2177 337 2216 8,
357 2187 431 2216 423.
449 2178 528 2218 58n,
549 2188 624 2217 424.
643 2179 696 2217 83.
744 2179 819 2209 The

49 2230 193 2261 passage
225 2221 377 2252 omitted
409 2222 597 2262 evidently
626 2223 819 2253 contained

51 2265 251 2296 reflections
289 2274 385 2304 upon
421 2266 485 2296 the
519 2265 744 2306 theologians
782 2269 819 2297 at

51 2308 235 2346 Louvain;
259 2307 303 2339 cf.
325 2308 347 2340 l.
371 2310 448 2340 16n.

88 2361 140 2391 42.
168 2351 365 2393 recurrere]
384 2352 435 2383 Of.
453 2352 518 2392 Ep.
533 2354 608 2393 659.
628 2363 680 2385 22.

88 2406 142 2436 49.
167 2395 238 2426 mei
250 2396 491 2437 mentionem]
502 2396 673 2428 Erasmus
685 2397 820 2437 replied

51 2442 88 2471 to
126 2439 201 2470 this
238 2441 381 2478 request
419 2440 510 2470 with
553 2440 822 2472 characteristic

52 2483 259 2523 generosity
275 2483 347 2513 and
366 2482 526 2523 alacrity,
545 2484 618 2515 and
642 2486 752 2515 wrote
776 2495 822 2516 no

53 2527 165 2558 doubt
188 2528 225 2556 to
248 2525 298 2557 all
321 2526 385 2557 the
407 2536 556 2566 persons
577 2528 718 2568 named,
747 2529 822 2559 bid-

885 2135 1035 2174 opinion
1065 2134 1103 2165 of
1128 2134 1251 2175 Dorp).
1301 2135 1434 2166 Beatus
1458 2136 1585 2175 passed
1609 2145 1656 2165 on

885 2179 948 2209 the
965 2180 1111 2218 request
1133 2180 1169 2208 to
1193 2178 1318 2218 Capito
1341 2179 1415 2210 and
1442 2179 1560 2210 Hedio
1583 2179 1656 2210 also

887 2222 1006 2262 (BRE.
1028 2221 1118 2262 156),
1135 2222 1259 2252 Zasius
1275 2226 1311 2253 to
1327 2223 1492 2262 Zwingli,
1514 2223 1658 2254 Oswald

886 2266 1074 2305 Myconius
1097 2266 1170 2296 and
1195 2265 1379 2296 Vadianus
1404 2267 1488 2306 (Zw.
1507 2266 1564 2297 E.2
1583 2277 1657 2307 129,

890 2311 962 2349 136,
986 2308 1072 2348 145).
1122 2310 1186 2340 See
1202 2310 1276 2340 also
1293 2310 1355 2349 Ep.
1380 2320 1473 2349 1109.
1493 2320 1592 2349 33-5.

930 2363 982 2392 51.
1010 2353 1196 2394 epistolae]
1211 2354 1258 2384 Of
1271 2354 1332 2384 the
1346 2354 1432 2384 nine
1443 2354 1521 2385 still
1533 2357 1658 2385 extant

887 2397 974 2436 only
1002 2399 1073 2427 two
1107 2397 1209 2438 (Epp.
1236 2407 1311 2436 304,
1339 2397 1418 2438 337)
1438 2397 1511 2428 had
1535 2408 1574 2429 as
1596 2401 1658 2438 yet

888 2441 978 2471 been
1002 2440 1194 2480 published
1218 2440 1265 2481 by
1289 2441 1468 2481 Erasmus,
1493 2442 1565 2472 and
1591 2452 1659 2473 ono

889 2485 968 2525 (Ep.
987 2483 1066 2524 438)
1084 2484 1131 2523 by
1155 2484 1264 2525 Dorp,
1280 2484 1373 2515 with
1397 2486 1473 2516 this
1496 2485 1656 2525 Oration,

887 2538 935 2558 no
950 2528 1060 2558 doubt
1078 2528 1117 2558 in
1133 2537 1333 2567 pursuance
1350 2527 1389 2559 of
1407 2529 1470 2560 the
1486 2529 1577 2560 wish
1603 2540 1660 2560 ex-

53 2571 141 2610 ding
156 2569 258 2601 them
272 2569 440 2601 welcome
453 2571 515 2601 the
528 2573 704 2611 penitent.
752 2571 823 2603 His

54 2615 162 2645 letter
182 2615 219 2644 to
243 2613 377 2644 Beatus
399 2615 560 2646 sui-vives
587 2615 668 2655 (Ep.
699 2616 798 2654 1063)
817 2626 825 2654 ;

55 2657 127 2688 and
143 2657 190 2687 he
207 2659 318 2687 wrote
340 2656 414 2688 also
437 2659 474 2688 to
496 2658 638 2689 Hutten
664 2659 722 2700 (cf.
742 2659 819 2691 HE.

58 2700 134 2741 164)
163 2700 235 2731 and
267 2701 561 2741 Oecolampadius
594 2702 672 2743 (Ep.
711 2702 821 2743 1064).

56 2744 127 2775 His
163 2743 303 2775 friends
341 2745 519 2784 complied
551 2755 595 2776 on
627 2746 676 2777 all
708 2747 822 2777 sides:

58 2787 155 2819 More
174 2787 308 2825 (Jortin
327 2787 363 2818 ii.
389 2789 515 2828 668,9),
544 2789 677 2820 Beatus
703 2790 821 2830 (BRE.

61 2832 150 2872 156),
180 2831 322 2862 Hutten
348 2831 443 2872 (HE.
474 2831 562 2873 164),
592 2833 716 2864 Zasius
742 2833 822 2872 (ZE.

59 2873 187 2915 21,22),
205 2875 393 2906 Botzheim
411 2875 514 2916 (ibid.
533 2886 541 2914 ;
565 2876 608 2908 cf.
627 2876 689 2917 Ep.
711 2876 824 2917 1103),

59 2918 122 2950 Bo.
145 2918 346 2950 Amerbach
370 2919 468 2959 (Am.
492 2919 531 2950 E.
557 2929 588 2958 3,
618 2929 657 2960 19
680 2920 825 2960 March;

61 2961 103 2993 cf.
122 2961 185 3002 Ep.
207 2963 290 3002 1084
313 2962 384 2993 and
402 2962 506 2993 Basle
524 2963 592 2995 MS.
613 2963 650 2995 G.
669 2964 746 2996 V12.
770 2974 820 3003 73.

61 3015 135 3045 392,
150 3014 188 3044 31
207 3005 287 3037 Jan.
307 3015 400 3045 1520,
415 3006 503 3037 with
522 3016 541 3037 a
558 3017 645 3047 very
659 3007 825 3039 different

888 2571 1035 2611 pressed
1063 2571 1159 2601 here.
1205 2572 1286 2602 Two
1318 2581 1416 2602 more
1448 2573 1550 2613 (Epp.
1583 2575 1658 2613 536,

888 2614 968 2655 852)
995 2614 1067 2645 had
1090 2615 1180 2645 been
1203 2615 1375 2647 included
1400 2616 1439 2646 in
1463 2615 1515 2655 E;
1539 2617 1602 2648 but
1627 2618 1665 2647 of

889 2659 963 2689 this
981 2658 1077 2698 Dorp
1094 2659 1280 2698 evidently
1297 2669 1369 2690 was
1385 2670 1566 2692 unaware.

934 2712 986 2741 53.
1012 2702 1292 2743 Edmondensis]
1327 2703 1501 2743 Meynard
1526 2704 1654 2743 Mann3

891 2756 948 2776 see
967 2746 1030 2785 Ep.
1049 2756 1123 2785 304.
1148 2747 1247 2778 161n.

936 2790 988 2828 58.
1015 2789 1228 2831 Rhenanus]
1254 2790 1305 2822 Cf.
1326 2791 1388 2830 Ep.
1409 2801 1482 2831 732.
1506 2801 1560 2823 111.

934 2835 987 2864 61.
1016 2833 1121 2864 Pater
1137 2833 1252 2875 mous]
1280 2835 1441 2874 Nothing
1455 2835 1528 2866 else
1546 2845 1660 2867 sen-ms

893 2879 929 2908 to
944 2877 987 2907 be
1005 2875 1139 2907 known
1158 2876 1196 2908 of
1208 2877 1336 2917 Dorp's
1353 2879 1482 2910 father.

937 2921 989 2959 64.
1015 2920 1262 2962 Atrebatensi]
1287 2922 1360 2952 The
1386 2923 1597 2953 foundation
1624 2924 1661 2953 of

893 2964 967 2994 Nic.
990 2964 1132 2995 Ruistre
1150 2975 1157 3003 ;
1180 2974 1237 2995 see
1254 2965 1316 3005 Ep.
1340 2975 1399 3004 177
1417 2966 1552 2996 introd.

981 3007 1188 3049 Mauritius]
1207 3009 1271 3039 See
1289 3009 1350 3048 Ep.
1376 3012 1446 3048 176.
