1990 3353
258 144 339 182 320
726 145 980 185 LETTERS
1020 145 1089 185 OF
1128 147 1393 186 ERASMUS
1738 146 1866 201 [1520

298 253 348 283 As
364 253 428 283 the
447 253 600 293 original
617 254 739 293 existas,
759 254 789 283 it
807 254 837 284 is
854 263 1097 294 unnecessary
1112 256 1149 285 to
1165 254 1248 285 take
1266 254 1422 286 dctailed
1440 256 1557 287 notice
1575 255 1613 287 of
1626 257 1729 288 three
1745 258 1864 297 copies

253 296 374 327 which
393 307 452 327 are
470 298 509 327 in
525 298 588 328 the
606 297 717 328 Ducal
735 297 886 337 Library
897 300 934 328 at
952 298 1069 329 Gotha
1084 309 1092 330 ε
1115 308 1182 329 one
1199 299 1246 338 by
1258 299 1365 329 Vitus
1381 298 1554 330 Warbeck
1567 299 1610 340 (c.
1629 310 1755 340 1490-4
1768 301 1863 332 June

256 341 366 380 1534),
387 350 502 372 canon
525 340 564 371 of
584 341 794 380 Aldenburg
816 341 887 371 and
911 352 957 372 an
982 341 1150 373 intimate
1176 342 1296 372 friend
1319 343 1357 372 of
1377 342 1594 381 Spalatinus,
1615 344 1728 375 chart.
1749 345 1789 375 B.
1808 346 1860 383 26,

252 383 276 415 f.
317 393 352 422 17
385 386 444 422 v⁰;
483 384 636 415 another
668 385 714 424 by
745 384 921 421 Siegfried
951 385 1117 416 Asterius
1147 386 1187 416 in
1219 387 1275 416 his
1306 386 1450 417 volume
1476 387 1514 417 of
1542 387 1666 418 letters
1689 390 1727 419 to
1750 388 1859 428 Lang,

253 427 366 458 chart.
381 428 424 459 A.
443 437 519 467 399,
539 428 562 458 f.
584 438 648 458 222
664 431 704 459 v⁰
723 428 784 467 (cf.
804 429 868 468 Ep.
882 429 947 466 872
963 429 1112 467 inti-od.)
1128 439 1136 467 ;
1159 430 1221 460 the
1238 430 1351 467 third,
1368 430 1479 460 chart.
1495 430 1538 461 A.
1555 441 1630 470 379,
1649 430 1674 461 f.
1692 441 1743 471 44,
1764 441 1862 462 more

253 471 415 502 modern.
462 472 567 502 From
592 482 659 502 one
686 472 725 502 of
751 472 852 503 these
881 472 1067 504 Horawitz
1092 483 1179 512 gave
1210 483 1305 504 some
1332 474 1550 504 corrections
1580 476 1620 505 in
1645 474 1703 505 his
1732 475 1863 506 second

253 517 459 555 Erasmiana,
486 525 518 555 p.
545 516 598 554 38.
646 515 720 547 The
744 517 820 546 text
844 525 917 547 was
940 516 1019 547 first
1046 516 1189 556 printed
1218 518 1265 557 by
1290 517 1327 548 E.
1357 518 1391 548 S.
1417 517 1629 558 Cyprianus,
1657 521 1864 550 Tabularium

252 560 404 589 Ecclesiae
419 561 591 598 Romanae,
614 568 708 598 1743,
727 570 760 599 p.
781 560 856 599 566,
878 561 941 590 ‘ex
956 559 1206 600 autographo'.

296 602 383 633 This
399 603 507 633 letter
523 603 553 633 is
570 612 616 632 no
632 603 743 634 doubt
760 612 826 634 one
844 603 883 634 ol'
902 603 1004 635 those
1026 604 1166 635 carried
1192 604 1280 635 back
1303 605 1380 635 into
1402 604 1545 644 Saxony
1561 605 1609 644 by
1626 605 1739 636 Draco
1757 605 1861 646 (Epp.

257 655 348 685 1124,
372 647 469 686 1127)
488 648 525 677 at
542 646 617 677 this
633 647 733 678 time.
776 647 934 678 Further
946 647 1199 679 confirmation
1211 649 1266 678 for
1275 649 1338 679 the
1352 648 1535 686 year-date
1550 658 1631 688 may
1641 649 1683 679 be
1694 649 1863 680 obtained

252 690 344 720 from
362 688 540 720 Erasmus·
557 690 713 721 attitude
729 691 886 722 towards
903 691 1056 722 Lee—of
1069 691 1189 722 whom
1206 692 1245 723 in
1265 701 1348 731 1519
1360 691 1405 722 he
1418 692 1523 722 could
1541 695 1604 722 not
1622 692 1712 724 have
1730 693 1864 733 spoken

252 743 290 764 so
306 733 628 773 charitably—and
645 735 709 765 the
726 744 825 766 news
841 735 950 766 about
969 735 1227 767 Melanchthon
1244 737 1316 767 and
1333 735 1656 777 Oeeolampadius.]

308 835 425 883 S.P.,
462 836 527 875 vir
560 836 726 886 optime.
786 837 860 875 Lei
893 850 960 876 me
995 837 1286 885 miseresceret,
1324 839 1369 876 ni
1405 840 1489 876 tam
1523 838 1733 877 virulente
1771 853 1859 877 rem

251 890 468 938 gessisset:
512 891 569 929 ita
601 893 815 936 tractatur,
851 891 979 930 etiam
1012 905 1035 930 a
1069 894 1156 931 suis
1187 893 1351 942 Anglis.
1413 892 1552 930 Habet
1582 896 1622 931 et
1653 893 1859 944 Hispania

251 945 384 983 Leum
403 945 592 984 alterum.
654 946 822 996 Zuncga
848 946 1018 995 quidam
1045 946 1177 985 edidit
1203 946 1371 995 librum,
1394 949 1442 985 vt
1467 947 1600 994 audio,
1624 948 1723 986 satis
1749 949 1860 987 viru-

251 998 417 1038 lentum
433 999 633 1038 aduersus
648 1000 831 1038 Fabrum
845 1013 891 1039 ac
907 1014 984 1038 me.
1026 1002 1226 1040 Vetuerat
1242 1002 1359 1040 Card.
1379 1001 1607 1040 Toletanus
1622 1002 1855 1041 defunctus,

215 1065 233 1096 5
252 1053 314 1091 Eo
335 1056 502 1092 mortuo
524 1054 705 1104 prodidit
732 1067 805 1092 sua
826 1068 997 1093 venena.
1049 1056 1165 1104 Opus
1191 1056 1383 1094 nondum
1404 1056 1505 1094 vidi.
1553 1056 1603 1094 Id
1623 1058 1784 1106 cauent,
1806 1070 1860 1095 ne

252 1107 360 1145 liber
379 1108 522 1146 veniat
542 1109 588 1146 in
610 1122 760 1147 manus
780 1122 904 1147 meas.

310 1161 458 1201 Nescio
478 1176 603 1212 quem
624 1163 753 1202 finem
774 1163 842 1201 hic
862 1163 1071 1202 tumultus
1092 1163 1148 1202 sit
1168 1163 1402 1203 habiturus.
1463 1164 1570 1202 Nam
1598 1164 1770 1203 omnino
1797 1177 1863 1204 res

253 1217 304 1254 ad
333 1217 578 1256 seditionem
607 1220 764 1267 spectat
780 1232 789 1265 ;
827 1231 850 1256 a
880 1231 962 1268 qua
991 1231 1154 1267 semper
1182 1219 1393 1258 abhorrui.
1455 1218 1500 1258 Si
1530 1232 1696 1258 necesse
1725 1221 1788 1258 est
1816 1220 1863 1258 vt

255 1271 443 1310 oriantur
471 1271 672 1320 scandala,
707 1274 816 1310 certe
849 1286 872 1311 a
901 1286 969 1311 me
1003 1273 1206 1323 proficisci
1244 1272 1444 1323 (nolim).
1503 1273 1678 1312 Deuotis
1711 1274 1864 1312 animis

828 1395 858 1423 9.
884 1384 998 1414 nolim
1015 1387 1089 1416 add.
1109 1387 1280 1416 Horawih.

1093 1518 1157 1547 per
1202 1511 1320 1540 totum
1365 1510 1418 1540 est
1458 1510 1579 1541 orbem
1618 1510 1861 1551 diuulgatum.

1092 1552 1263 1584 Peruenit
1277 1553 1426 1583 tandem
1443 1553 1488 1584 ad
1504 1563 1635 1584 manus
1646 1564 1743 1585 meas
1760 1555 1861 1586 Eras-

1092 1597 1208 1627 micus
1232 1596 1296 1626 ille
1321 1597 1441 1636 codex,
1467 1607 1658 1629 numeroso
1686 1600 1860 1638 proemio-

301 1520 327 1541 1.
348 1509 607 1551 miseresceret]
623 1510 773 1540 Knaake
784 1509 933 1549 pointed
947 1511 1019 1542 out.

254 1554 295 1584 in
326 1553 384 1584 his
409 1563 473 1584 mS.
503 1555 615 1593 notes,
645 1554 726 1584 that
752 1554 921 1584 Erasmus
949 1553 1021 1583 had

249 1597 328 1637 just
338 1607 421 1628 seen
433 1597 496 1628 the
510 1597 634 1628 Erfurt
647 1599 788 1628 volume
799 1597 838 1628 of
846 1598 1023 1637 epigrams

252 1642 360 1672 about
377 1641 467 1672 Lee:
492 1651 547 1671 see
566 1641 651 1682 Epp.
671 1642 747 1680 998.
761 1643 843 1678 6611,
858 1650 950 1679 1123.
964 1651 1016 1671 20.

296 1695 326 1724 3.
352 1684 511 1726 Zunega]
530 1685 593 1715 See
614 1686 705 1725 App.
734 1694 784 1723 15.
826 1685 895 1715 His
911 1686 1021 1714 Anno-

253 1731 383 1759 tationes
392 1730 532 1768 against
543 1728 664 1766 Faber,
676 1728 811 1768 Ahala,
825 1729 868 1759 A.
881 1729 921 1759 G.
936 1728 1020 1758 Bro-

252 1773 356 1811 cario,
387 1781 480 1812 1519,
499 1782 592 1802 were
616 1773 818 1811 criticismS,
839 1772 1020 1802 moderate

252 1817 292 1846 in
311 1818 405 1850 tone.
424 1817 462 1846 of
476 1814 616 1846 Faber's
640 1826 720 1846 new
744 1816 960 1847 translation
985 1815 1023 1846 of

250 1859 314 1890 the
328 1859 480 1890 Pauline
492 1859 655 1898 Epistles,
673 1869 755 1898 1512
773 1860 845 1899 (see
864 1860 926 1899 Ep.
941 1869 1018 1898 304.

250 1902 357 1944 89n);
397 1903 469 1933 and
506 1903 729 1934 maintained
766 1904 905 1943 against
942 1903 1018 1934 him

249 1946 423 1978 Jerome's
452 1947 668 1987 authorship
698 1947 737 1978 of
764 1947 826 1977 the
858 1946 1017 1986 Vulgate.

252 1991 322 2021 His
351 1993 574 2021 Annotationes
602 1991 744 2030 against
777 1991 959 2027 Erasmus,
984 1994 1019 2021 in

250 2036 454 2073 defensionem
483 2037 661 2065 tralationis
698 2037 782 2065 Nomi
821 2037 1014 2074 Testamenti,

250 2078 351 2117 ibid„
368 2088 461 2118 1520,
478 2078 557 2108 deal
573 2078 663 2108 with
676 2079 740 2109 the
752 2080 879 2108 Nouum
893 2081 1019 2109 Instru-

247 2125 395 2159 mentwn,
424 2123 518 2161 1516,
546 2131 591 2152 on
614 2122 677 2152 the
701 2132 798 2152 same
823 2122 925 2161 lines,
953 2122 1018 2152 but

249 2165 349 2196 show
371 2166 470 2205 great
488 2165 682 2204 aerimony.
729 2165 803 2196 The
827 2167 911 2196 tone
935 2175 1018 2205 may

250 2210 292 2240 be
328 2208 463 2249 judged
503 2209 595 2240 from
627 2209 686 2240 his
716 2210 855 2249 preface
886 2212 923 2240 to
954 2209 1017 2239 the

249 2252 383 2292 reader,
425 2253 544 2283 which
588 2254 711 2293 begins
732 2264 740 2284 z
789 2252 1018 2284 ‘Desiderius

249 2296 418 2327 Erasmus
442 2296 713 2337 Roterodamus,
731 2307 774 2327 ex
798 2297 857 2328 his
880 2306 950 2336 que
974 2306 1017 2327 ex

249 2340 406 2370 Luciano
445 2343 482 2370 et
517 2340 689 2380 Euripide
724 2340 904 2379 quondam
945 2342 1017 2370 tra-

248 2384 409 2422 duxerat,
428 2385 464 2414 et
487 2393 531 2414 cx
553 2394 593 2414 eo
618 2384 711 2414 libro
735 2385 775 2414 in
795 2394 901 2423 quem
923 2384 1018 2415 anti-

248 2437 401 2466 quorum
432 2427 634 2458 Paroemias
658 2429 892 2468 congesserat,
919 2428 1018 2458 inter

250 2471 453 2502 studiorum
485 2471 724 2501 humanitatis
756 2472 911 2502 cultores
941 2481 1016 2502 non

250 2515 345 2544 nihil
383 2515 457 2544 iam
489 2515 650 2545 nominis
683 2516 908 2555 assequutus,
942 2523 1015 2545 non

249 2559 443 2588 contentus
459 2560 554 2588 sorte
570 2567 633 2588 sua
650 2568 718 2596 que
735 2569 798 2598 pro
819 2558 964 2598 ingenio
981 2560 1016 2589 et

249 2601 454 2632 eruditione
485 2602 571 2631 satis
601 2602 721 2641 ampla
752 2602 895 2633 homini
928 2602 1018 2632 obti-

248 2647 358 2684 gerat,
378 2654 494 2675 sacras
511 2645 605 2675 Noui
621 2645 842 2676 Testamenti
866 2646 1016 2685 scriptu-

248 2698 315 2727 ras,
334 2698 379 2720 ne
395 2698 468 2719 non
484 2689 607 2719 omnia
623 2690 858 2729 experiretur,
874 2700 893 2720 e
904 2689 1015 2720 Greco

248 2733 289 2763 in
313 2731 487 2763 Latinum
512 2732 709 2762 nouissime
740 2734 927 2764 traducere
958 2742 1014 2772 ag-

247 2785 388 2815 gressus
412 2779 475 2814 est,
502 2784 541 2806 ac
566 2775 698 2806 librum
722 2777 1013 2807 Annotationum

249 2820 290 2850 in
307 2818 448 2850 easdem
465 2818 618 2849 condere
634 2829 642 2857 3
668 2820 906 2851 Laurentium
931 2819 1013 2850 Val-

249 2863 321 2893 lam
359 2862 535 2899 imitatus,
567 2872 673 2901 quem
711 2864 868 2902 primum
905 2863 1015 2894 fuisse

247 2908 389 2938 constat
412 2906 475 2944 qui
499 2906 676 2937 eiusmodi
699 2916 809 2946 genus
832 2906 1014 2938 scribendi

246 2950 379 2990 attigit.
417 2949 517 2989 Quod
533 2959 620 2989 opus
636 2950 732 2989 apud
748 2950 940 2990 Basileam,
959 2950 1013 2980 in-

246 2993 380 3033 clytam
398 2994 591 3024 Germanic
607 2993 741 3032 vrbem,
753 2994 886 3024 abhinc
903 2994 1014 3025 trien-

248 3038 352 3069 nium
390 3037 631 3078 impressoriis
665 3046 852 3068 excussum
890 3037 1013 3068 formis

1092 1650 1174 1670 rum
1191 1641 1331 1671 ambitu
1349 1641 1462 1671 veluti
1478 1641 1651 1672 satellitio
1674 1644 1860 1682 premuni-

1090 1685 1159 1722 tus,
1207 1683 1433 1724 perpulchris
1483 1684 1690 1716 litterarum
1736 1685 1860 1725 figuris

1091 1727 1200 1758 Grece
1217 1730 1252 1757 et
1265 1728 1397 1763 Latine⁴
1409 1727 1638 1766 deformatus,
1651 1738 1691 1760 ac
1707 1729 1858 1761 titulum

1090 1771 1129 1801 in
1146 1772 1266 1802 fronte
1279 1773 1422 1811 gestans
1432 1772 1495 1810 qui
1508 1773 1543 1802 et
1556 1773 1713 1803 auctoris
1726 1783 1858 1804 nomen

1091 1817 1126 1845 et
1143 1816 1260 1854 operis
1278 1818 1531 1854 argumentum
1555 1816 1756 1856 magnificis
1780 1819 1859 1857 qui-

1089 1858 1171 1889 dem
1202 1858 1320 1889 verbis
1344 1860 1380 1889 et
1403 1859 1616 1890 admiranda
1639 1860 1794 1899 quedam
1818 1871 1858 1892 ac

1089 1911 1180 1941 pene
1203 1901 1364 1942 παράδοξα
1389 1902 1644 1941 pollicentibus
1660 1904 1858 1943 preseferre

1088 1945 1286 1976 videbatur.
1358 1946 1404 1976 Vt
1442 1948 1564 1977 autem
1610 1947 1744 1978 librum
1780 1949 1858 1989 cepi

1088 1989 1244 2027 voluere,
1259 1989 1595 2029 traductionemque
1608 1990 1710 2021 illam
1723 2001 1856 2023 nouam

1087 2035 1122 2063 et
1138 2033 1405 2064 Annotationes
1421 2043 1441 2063 a
1457 2034 1603 2073 vertice,
1620 2036 1660 2064 vt
1676 2036 1791 2076 aiunt,
1811 2036 1857 2067 ad

1087 2076 1221 2107 calcem
1249 2076 1531 2116 diligentissime
1558 2079 1767 2119 transcurri,
1796 2089 1857 2110 au·

1087 2119 1227 2151 daciam
1251 2121 1420 2159 hominis,
1434 2130 1504 2160 qua
1520 2121 1582 2151 ille
1599 2131 1662 2161 pro
1679 2122 1856 2162 sapientia

1087 2174 1127 2193 eo
1151 2165 1191 2194 in
1214 2173 1318 2203 opere
1341 2174 1425 2195 vsus
1443 2167 1508 2204 est,
1525 2165 1759 2197 vehementer
1775 2176 1855 2198 sum

1086 2207 1296 2238 admiratus.
1347 2207 1435 2238 Cum
1468 2209 1567 2239 enim
1597 2209 1637 2239 in
1661 2210 1854 2249 gentilium

1086 2253 1272 2282 auctorum
1290 2251 1443 2282 lectione
1459 2251 1571 2283 fuerit
1588 2262 1727 2293 semper
1741 2263 1856 2285 versa-

1085 2296 1154 2332 tus,
1168 2295 1435 2335 secularemque
1445 2296 1687 2335 eloquentiam
1699 2306 1743 2327 ex
1752 2301 1855 2336 parte

1086 2338 1172 2369 inde
1200 2338 1378 2378 didicerit,
1406 2339 1583 2378 elegantia
1615 2340 1679 2370 illa
1710 2341 1854 2373 dicendi

1086 2382 1328 2422 qualicunque
1339 2383 1492 2413 confisus
1502 2383 1624 2413 omnia
1635 2383 1702 2414 sibi
1710 2383 1854 2416 licuisse

1086 2426 1320 2457 existimauit.
1385 2426 1564 2466 Quoniam
1596 2437 1679 2458 vero
1711 2437 1785 2458 non
1809 2438 1852 2459 cx

1085 2470 1274 2500 charitatis
1294 2469 1437 2510 affectu,
1454 2472 1493 2501 vt
1510 2480 1564 2501 res
1580 2471 1657 2510 ipsa
1672 2470 1780 2510 plane
1798 2472 1854 2502 in-

1085 2513 1191 2551 dicat,
1205 2523 1322 2552 neque
1332 2515 1371 2543 vt-
1384 2523 1566 2544 sacrarum
1582 2514 1851 2554 Scripturarum

1085 2557 1255 2587 studiosis
1272 2557 1520 2596 quoquomodo
1540 2558 1731 2597 prodesset,
1750 2559 1796 2590 ad
1813 2559 1851 2590 id

1086 2602 1203 2640 operis
1226 2600 1397 2631 Erasmus
1411 2601 1558 2631 videtur
1572 2603 1767 2641 accessisse,
1788 2602 1851 2633 sed

1085 2644 1203 2675 laudis
1219 2645 1339 2684 potius
1357 2644 1554 2684 cupiditate
1571 2645 1700 2676 ductus
1723 2668 1732 2677 .
1759 2667 1768 2676 .
1795 2646 1817 2677 .'

1128 2699 1158 2727 4.
1184 2687 1372 2728 Vetuerat]
1397 2688 1485 2718 This
1512 2688 1750 2719 information
1780 2688 1850 2720 evi-

1084 2731 1213 2770 dently
1224 2731 1296 2762 had
1309 2741 1409 2762 come
1421 2731 1513 2762 from
1523 2732 1677 2772 Vergara
1691 2742 1699 2770 ;
1722 2742 1780 2763 see
1793 2732 1850 2763 his

1083 2775 1190 2805 letter
1206 2777 1241 2804 to
1259 2775 1416 2813 Stunica,
1433 2775 1496 2807 No.
1511 2785 1526 2806 1
1545 2776 1583 2806 in
1600 2776 1694 2816 App.
1713 2784 1764 2815 15.
1796 2775 1850 2808 Cf.

1082 2818 1157 2849 also
1174 2818 1238 2858 Ep.
1261 2819 1355 2849 1216.
1378 2819 1493 2858 16—19.

1169 2862 1380 2904 Toletanus]
1430 2862 1600 2893 Ximenes
1617 2872 1626 2901 ;
1671 2871 1729 2893 see
1782 2863 1849 2903 Ep.

1082 2914 1156 2944 541·
1175 2915 1254 2944 37¹¹-

1126 2957 1158 2988 5.
1185 2948 1348 2980 nondum
1364 2948 1458 2990 vidi]
1476 2949 1540 2981 See
1557 2949 1620 2989 Ep.
1641 2949 1734 2980 1216.
1756 2959 1811 2980 1n.

1127 3003 1160 3032 9.
1186 2992 1371 3033 scandala]
1404 2992 1506 3024 Matt.
1535 2993 1585 3024 18.
1610 3002 1640 3032 7,
1666 2992 1763 3024 Luke
1797 3001 1845 3031 17.

1086 3045 1124 3067 1:
1148 3036 1192 3067 ef.
1213 3036 1275 3076 Ep.
1298 3045 1391 3075 1¹13·
1409 3038 1460 3067 26.
