1990 3353
69 119 167 174 996]
508 120 579 157 TO
615 118 877 157 LORENZO
915 118 1210 161 CAMPEGIO
1650 117 1673 153 7

70 219 330 268 quorundam
349 218 656 268 sycophantiae,
680 231 782 267 quas
801 218 938 256 rident
956 219 1080 266 atque
1099 216 1334 263 exsibilant,
1357 215 1390 253 si
1413 214 1484 264 qui
1504 215 1604 252 sunt
1623 225 1673 251 ex

68 272 205 311 media
222 273 342 323 plebe
361 273 484 322 paulo
502 272 762 311 cordatiores.

125 327 216 365 Hoc
232 328 359 377 igitur
378 340 473 365 cum
492 340 656 376 agerem
684 328 863 373 tantum,
883 338 973 364 ecce
1002 338 1127 374 quam
1151 325 1300 374 ingens
1324 325 1488 362 lucrum
1513 322 1675 371 praeter

71 393 188 430 spem
209 381 367 431 obtigit,
386 394 511 432 quam
526 381 742 431 ingentem
759 380 954 430 praedam
970 379 1069 418 haec
1085 381 1291 417 attraxere
1306 378 1421 416 retia.
1481 376 1674 414 Primum
1697 390 1734 421 15

71 437 158 474 tam
183 435 393 486 insignem
417 436 543 474 heroa
572 437 611 473 et
641 434 835 473 ecclesiae
859 434 1120 472 Christianae
1143 433 1335 471 columen
1357 431 1525 482 plenius
1555 441 1675 468 nosse

72 489 259 539 contigit.
322 490 484 528 Deinde
515 491 602 528 tam
634 489 836 527 eximium
869 491 1093 538 patronum
1127 490 1250 537 atque
1283 487 1424 533 etiam,
1455 485 1491 524 si
1518 484 1582 523 fas
1611 487 1675 521 est

73 556 272 593 vsurpare
301 545 409 593 quod
439 544 573 589 offers,
605 543 787 582 amicum
818 542 925 581 mihi
952 542 1109 593 paraui.
1167 542 1391 591 Vtcunque
1419 540 1481 579 tui
1508 537 1676 578 simula-

72 598 218 636 chrum
242 599 350 636 mihi
374 598 540 648 publica
559 598 671 637 fama
694 597 926 644 deliniarat,
953 610 1101 635 verum
1121 596 1298 646 effigiem
1319 595 1451 633 animi
1471 593 1533 632 tui
1553 593 1675 641 longe

71 651 237 702 plenius
265 653 468 702 expressit
494 653 662 691 Ricardi
689 652 824 700 Pacei,
847 651 919 701 qui
947 650 1270 700 sereniss<imo>
1293 650 1396 700 Regi
1425 648 1586 698 primus
1612 649 1675 685 est
1697 659 1737 681 20

73 719 97 744 a
115 707 293 755 secretis,
318 707 459 745 oratio.
520 708 628 745 Nam
647 707 684 745 is
703 709 750 744 vt
769 706 954 756 egregias
973 707 1066 744 tuas
1087 705 1205 743 dotes
1220 704 1391 754 propius
1405 702 1599 752 inspexit,
1617 702 1677 739 ita

73 774 156 799 non
177 761 360 812 vulgaris
379 764 442 800 est
461 761 661 811 pingendi
677 761 836 808 artifex,
855 760 981 798 homo
997 760 1200 798 nimirum
1215 772 1299 797 non
1315 758 1458 797 minus
1472 756 1676 795 facundus

74 828 198 865 quam
218 816 416 854 eruditus.
476 817 634 854 Verum
654 815 829 865 epistola
848 816 920 853 tua
939 814 998 852 ita
1018 816 1059 852 te
1074 816 1212 853 totum
1229 813 1336 851 mihi
1348 810 1677 862 repraesentauit

73 871 119 908 vt
152 870 260 908 mihi
290 870 455 908 viderer
487 870 661 908 antehac
693 872 862 908 tenuem
894 869 1019 907 modo
1052 868 1246 907 vmbram
1281 866 1547 906 excellentiae
1581 867 1676 903 tuae

74 924 252 963 nouisse.
1697 930 1736 961 25

127 979 329 1029 Magnum
368 978 576 1028 quendam
615 980 656 1016 et
695 978 899 1016 eximium
936 977 1078 1016 virum
1118 976 1190 1015 ille
1237 975 1525 1026 descripserat.
1596 973 1675 1011 Sed

74 1034 254 1072 immane
274 1035 429 1083 quanto
449 1033 651 1071 maiorem
671 1034 713 1070 te
732 1036 827 1071 tuae
854 1033 997 1071 literae
1026 1032 1263 1070 declarant:
1293 1033 1456 1081 praeter
1483 1027 1676 1067 eruditio-

75 1100 172 1126 nem
210 1087 432 1126 Pontificio
474 1087 610 1137 legato
655 1086 839 1136 dignam,
880 1089 1043 1136 praeter
1088 1086 1395 1124 humanitatem
1444 1083 1676 1122 eruditione

75 1154 239 1180 summa
272 1143 454 1191 dignam,
490 1155 625 1180 raram
665 1142 792 1180 etiam
822 1141 934 1180 vitae
968 1140 1267 1190 integritatem,
1305 1152 1513 1178 sacrarum
1548 1139 1676 1175 etiam

74 1196 293 1235 literarum
327 1209 511 1235 amorem
549 1209 595 1234 ac
634 1196 824 1234 studium
863 1196 1078 1245 spirantes.
1138 1195 1248 1233 Nam
1286 1193 1391 1232 illud
1429 1192 1675 1231 immodicae
1698 1201 1738 1232 30

75 1251 289 1290 cuiusdam
317 1250 589 1300 benignitatis
613 1250 705 1295 fuit,
729 1250 836 1300 quod
864 1263 961 1289 eum
986 1249 1058 1299 qui
1084 1249 1213 1287 libros
1242 1248 1424 1295 aduexit,
1447 1249 1511 1285 tot
1539 1245 1677 1284 aureis

75 1305 269 1353 oneraris,
302 1305 498 1343 videlicet
531 1307 578 1343 vt
606 1304 763 1354 largius
792 1305 920 1343 etiam
951 1305 1145 1354 potitaret
1179 1303 1492 1342 addictissimus
1522 1300 1677 1339 Bacchi

75 1362 241 1411 mystes,
280 1373 375 1398 cum
409 1373 484 1410 ego
515 1359 731 1398 hominem
764 1359 876 1397 iusto
909 1359 1064 1397 viatico
1094 1357 1397 1396 instruxissem.
1459 1356 1676 1394 Caeterum

75 1414 226 1454 anulus
249 1427 372 1465 quem
399 1414 540 1463 digitis
570 1414 655 1452 tuis
684 1414 916 1452 detractum
944 1427 1014 1451 ceu
1042 1426 1206 1452 sacrum
1231 1412 1439 1462 quoddam
1469 1409 1678 1448 amicitiae

76 1471 238 1508 nostrae
252 1469 503 1519 μνημόσυνον,
519 1469 614 1515 imo,
633 1468 669 1506 si
685 1468 769 1506 tuis
784 1469 921 1507 verbis
936 1468 1141 1506 vtendum
1156 1469 1229 1515 est,
1247 1467 1453 1504 fraternae
1465 1463 1680 1503 charitatis
1699 1474 1738 1506 35

76 1524 227 1574 pignus
246 1524 298 1562 ad
324 1536 392 1561 me
418 1523 584 1571 misisti,
608 1523 709 1560 adeo
728 1525 870 1572 gratus
891 1525 952 1560 est
973 1521 1116 1560 animo
1136 1535 1230 1559 meo
1250 1523 1297 1559 vt
1317 1521 1578 1558 recusaturus
1598 1518 1678 1556 sim

76 1591 207 1632 vnum
227 1577 351 1616 illum
370 1578 438 1616 vel
458 1591 553 1616 cum
573 1577 782 1615 vniuersis
800 1577 936 1615 Attali
957 1577 1066 1626 gazis
1081 1578 1348 1614 commutare.
1410 1574 1567 1624 Igneus
1591 1572 1678 1611 auri

76 1633 216 1678 fulgor
236 1632 344 1670 mihi
363 1634 458 1670 tuae
479 1631 705 1681 sapientiae
725 1645 895 1681 prorsus
925 1630 1221 1670 Cardinaliciae
1250 1628 1490 1679 symbolum
1517 1640 1680 1677 semper

76 1688 171 1734 erit,
195 1688 237 1725 et
257 1687 490 1726 adamant-is
509 1686 745 1736 gratissima
761 1686 835 1724 lux
852 1698 1069 1736 nunquam
1090 1684 1389 1735 antiquandam
1410 1682 1596 1721 nominis
1616 1680 1680 1719 tui

75 1741 253 1791 gloriam
273 1740 604 1791 repraesentabit.
656 1740 845 1790 Denique
860 1740 897 1779 si
912 1740 1021 1778 mihi
1035 1743 1173 1790 posset
1192 1752 1378 1788 vnquam
1399 1738 1494 1775 talis
1514 1736 1680 1786 patroni
1698 1752 1740 1783 40

78 1796 234 1835 obliuio
260 1796 466 1845 obrepere,
489 1795 719 1834 suffricabit
745 1794 992 1834 memoriam
1017 1795 1199 1844 quidque
1226 1792 1479 1842 Champegio
1509 1791 1678 1829 debeam

77 1850 432 1889 commonefaciet.

133 1905 193 1943 De
214 1906 357 1943 nostro
378 1904 546 1955 ingenio
565 1917 659 1942 vere
681 1904 842 1942 Batauo
863 1904 994 1953 deque
1009 1903 1162 1942 studiis
1174 1902 1329 1940 nostris
1348 1914 1434 1939 non
1450 1900 1530 1938 fuit
1546 1900 1679 1949 ingra-

77 1962 169 1998 tum
191 1959 299 2008 quod
319 1962 405 1997 tam
425 1972 536 1997 erras
557 1961 746 1997 amanter
763 1972 772 1996 :
803 1958 1010 2008 siquidem
1031 1958 1098 1996 hic
1117 1960 1181 1995 est
1202 1957 1346 1995 oculus
1366 1955 1438 1993 ille
1459 1953 1679 2003 Euangeli-

77 2027 148 2052 cus
168 2015 260 2064 puri
280 2013 526 2063 candidique
541 2013 730 2063 pectoris,
748 2012 905 2051 alienas
921 2013 1036 2051 dotes
1049 2025 1099 2050 ex
1112 2025 1201 2050 sese
1216 2011 1395 2049 metiens
1413 2025 1421 2057 3
1452 2022 1546 2047 cum
1561 2008 1679 2046 oculo
1699 2022 1738 2053 45

77 2082 204 2119 prauo
225 2068 455 2118 vitiatoque
484 2067 594 2105 mala
624 2067 711 2105 sint
740 2068 864 2105 etiam
897 2080 1000 2116 quae
1029 2069 1129 2105 sunt
1159 2066 1329 2115 optima.
1388 2064 1506 2102 Nihil
1536 2063 1676 2113 igitur,

79 2123 253 2172 inquies,
289 2121 461 2172 profecit
496 2135 588 2159 mea
619 2121 800 2160 laudatio
816 2123 836 2160 ‘3
879 2121 1061 2159 Profecit
1098 2120 1306 2167 nonnihil,
1345 2121 1452 2157 certe
1485 2117 1680 2156 stimulos

78 2177 245 2224 addidit,
269 2181 317 2215 vt
337 2177 509 2226 posthac
528 2175 703 2214 alacrius
723 2176 856 2214 enitar
875 2176 967 2214 fieri
987 2176 1097 2226 quod
1118 2189 1185 2213 me
1205 2173 1413 2224 praedicas
1434 2186 1533 2211 esse.
1594 2171 1680 2210 Nec

77 2232 191 2270 enim
230 2231 408 2269 arbitror
441 2230 571 2269 vllam
603 2232 783 2268 aetatem
817 2243 952 2268 seram
987 2231 1037 2268 ad
1072 2230 1126 2276 id,
1160 2232 1208 2268 vt
1241 2228 1334 2278 quis
1367 2228 1500 2276 seipso
1533 2225 1681 2264 melior

78 2286 236 2324 euadat.
298 2285 418 2333 Quod
432 2285 715 2335 prouehendis
730 2285 906 2335 egregiis
921 2284 1104 2334 ingeniis
1118 2285 1307 2322 fauorem
1324 2294 1577 2332 propensum
1593 2282 1680 2318 tam
1700 2288 1741 2319 50

78 2340 256 2390 benigne
278 2338 495 2389 polliceris,
521 2339 711 2377 omnium
733 2340 903 2377 nomine
924 2340 1077 2388 gratias
1098 2352 1185 2388 ago,
1207 2337 1465 2386 efficiamque
1482 2349 1555 2385 pro
1567 2334 1680 2373 virili

79 2397 124 2433 vt
136 2394 383 2443 intelligant
402 2406 491 2432 sese
515 2395 610 2431 tuae
637 2392 877 2432 celsitudini
904 2394 1061 2432 debere.
1124 2393 1254 2430 Porro
1280 2391 1388 2441 quod
1420 2391 1464 2428 in
1494 2389 1681 2428 ornando

79 2449 343 2497 iuuandoque
365 2448 538 2486 Erasmo
558 2461 682 2497 negas
702 2450 743 2486 te
763 2448 1083 2486 commissurum
1104 2450 1150 2486 vt
1170 2446 1347 2484 aliorum
1364 2445 1586 2496 quisquam
1601 2442 1681 2481 tibi

79 2517 153 2554 par
182 2515 270 2541 esse
298 2502 501 2549 videatur,
521 2502 724 2540 nimirum
755 2502 966 2541 exosculor
994 2503 1125 2540 istum
1153 2501 1342 2540 animum
1371 2502 1504 2547 tuum,
1536 2511 1683 2548 meque

80 2571 175 2597 cum
196 2557 346 2607 primis
367 2557 532 2595 felicem
551 2556 629 2595 hoc
650 2556 824 2594 nomine
844 2556 993 2595 iudico.
1703 2558 1741 2588 55

126 2669 174 2698 19.
202 2658 401 2689 delinearat
418 2656 472 2689 N3.
576 2667 627 2696 24.
654 2659 704 2688 F:
729 2657 888 2687 viderem
907 2660 945 2688 E.
1061 2668 1112 2695 41.
1138 2656 1327 2696 Campegio
1344 2657 1381 2687 F.
1481 2655 1534 2693 46.
1562 2655 1635 2684 sint
1659 2657 1688 2684 Γ

81 2702 195 2740 Corriq.
213 2714 218 2732 z
242 2704 327 2733 sunt
343 2704 380 2732 E.
531 2703 617 2732 sunt
634 2703 677 2731 F:
706 2701 781 2731 sint
801 2704 838 2732 E.

124 2841 177 2861 20.
204 2829 321 2870 Pacci]
340 2826 594 2859 ForErasmus'
606 2830 726 2858 recent
741 2830 847 2857 meet·
961 2835 1012 2865 43.
1040 2824 1194 2865 Batauo]
1217 2835 1257 2855 sc.
1282 2833 1417 2854 crasso:
1442 2822 1484 2853 cf.
1507 2818 1685 2853 Erasmus·

82 2875 144 2914 ing
160 2874 250 2904 with
270 2873 357 2903 Pace
373 2882 430 2903 see
449 2872 512 2912 Ep.
530 2872 605 2911 968.
625 2873 682 2902 611.
919 2869 1197 2909 interpretation
1242 2867 1280 2898 of
1325 2867 1386 2897 the
1429 2866 1539 2905 adage
1583 2868 1685 2896 Auris

125 2927 177 2958 35.
205 2917 278 2947 tuis
294 2916 427 2956 verbis]
452 2915 517 2946 See
534 2916 597 2955 Ep.
614 2925 689 2954 995.
706 2915 765 2945 tit.
918 2913 1137 2953 Bataua,and
1151 2912 1188 2942 in
1203 2914 1307 2949 Αιῑαῃ.
1321 2920 1404 2941 2001
1419 2910 1504 2948 (LB.
1516 2910 1550 2939 ii.
1566 2917 1628 2947 713
1638 2914 1686 2945 r),

126 2971 179 3000 41.
203 2959 434 3000 Champegio]
475 2958 543 2990 For
574 2958 650 2989 this
682 2960 772 2988 form
803 2957 846 2988 cf.
921 2956 1130 2991 ιΗΟΙΙεῑηᾶο,
1156 2955 1220 2985 hoc
1245 2959 1297 2986 est
1320 2954 1509 2994 plusquam
1533 2950 1686 2983 Boeoto.'

84 3005 144 3045 Ep.
161 3014 236 3044 990.
260 3013 310 3035 11.
920 3001 985 3032 See
1001 3001 1073 3030 also
1091 3000 1177 3039 Epp.
1202 3000 1334 3037 1238.11.
1359 3008 1450 3036 1331.
1472 3006 1512 3035 35
1537 2998 1567 3027 6.
