1990 3353
302 118 382 157 538
777 117 1029 157 LETTERS
1068 117 1138 155 OF
1175 115 1444 155 ERASMUS
1782 111 1902 165 [152¹

302 228 468 267 volente
489 228 698 277 scriptam.
756 228 851 266 Imo
875 240 1037 276 semper
1058 227 1169 265 hunc
1189 226 1349 265 exitum
1369 226 1503 273 timui,
1528 228 1568 264 et
1595 226 1745 264 idcirco
1773 224 1907 264 modis

303 283 499 321 omnibus
528 284 700 320 conatus
730 294 824 319 sum
853 281 1069 319 hominem
1098 281 1149 319 ab
1179 281 1255 319 1100
1285 280 1491 319 scribendi
1516 294 1662 330 genere
1691 280 1904 318 deterrere.

306 337 427 375 Nunc
448 337 679 374 cauendum
699 339 760 374 est
782 336 1022 385 prudentiae
1043 338 1201 374 vestrae
1222 348 1274 373 ne
1296 335 1432 372 denuo
1453 348 1504 373 ex
1523 335 1756 384 suspicione
1777 332 1907 371 simili

304 391 477 429 laedatis
497 390 746 440 proximum.
805 390 1035 428 Homicidii
1055 402 1187 440 genus
1215 391 1276 427 est
1300 389 1455 427 famam
1485 389 1672 427 hominis
1696 388 1905 438 impetere.

246 449 286 489 65
306 445 395 493 Quo
433 446 568 494 magis
600 444 781 482 demiror
814 445 914 494 quid
953 444 1031 482 sibi
1069 445 1269 493 proponat
1300 443 1558 490 Vincentius,
1593 443 1664 493 qui
1702 454 1907 491 nusquam

307 500 358 538 de
385 513 452 537 me
472 501 602 537 cessat
629 498 1025 536 maledicentissime
1045 498 1169 547 loqui.
1193 499 1434 547 opportune,
1458 497 1710 547 importune,
1732 495 1908 534 lacerare

306 566 459 591 nomen
498 553 672 600 Erasmi,
713 553 896 601 lapidare
934 566 1001 591 1119
1035 553 1244 590 conuiciis.
1304 552 1420 599 Quod
1459 552 1494 589 si
1531 565 1605 601 ego
1643 551 1738 589 talis
1775 562 1908 588 essem

307 609 471 657 qualem
492 607 564 645 ille
584 621 652 645 me
671 608 776 646 falso
802 607 1019 656 praedicat,
1042 610 1186 645 tamen
1211 608 1324 644 tanta
1351 606 1518 656 linguae
1544 605 1771 656 procacitas
1798 604 1910 643 inde·

307 676 401 701 cora
421 663 474 701 sit
494 664 535 700 et
555 662 757 700 sacerdoti
783 664 824 699 et
852 662 1053 700 monacho
1080 663 1120 699 et
1146 661 1350 710 theologo,
1374 660 1573 709 pestilens
1604 660 1729 698 etiam
1748 662 1909 697 vestrae

249 727 290 761 70
308 717 567 764 Academiae,
603 730 654 754 ne
687 716 812 754 huius
842 716 1032 766 exemplo
1066 716 1339 753 consuescant
1372 718 1411 752 et
1446 715 1490 752 in
1524 714 1716 753 innoxios
1753 714 1811 752 sic
1845 712 1910 751 de-

311 771 511 809 bacchari.
571 770 656 809 Nec
694 771 774 809 alia
812 784 856 808 re
894 771 1012 820 peius
1052 768 1265 808 consulere
1308 770 1445 818 potest
1482 769 1616 807 ordini
1653 781 1738 807 suo.
1801 767 1909 805 Nam

308 825 560 864 virulentam
584 828 624 863 et
650 825 926 875 impotentem
954 824 1289 862 maledicentiam
1315 823 1556 873 improbant
1581 825 1621 860 et
1651 822 1682 860 ii
1702 822 1774 872 qui
1804 821 1910 859 mihi

308 880 418 917 male
449 879 610 918 volunt.
680 879 810 917 Porro
842 892 910 917 eos
942 879 1130 928 quisunt
1162 878 1298 925 alieni,
1332 891 1416 915 non
1455 877 1607 915 alienat
1645 890 1668 915 a
1705 889 1797 923 me;
1839 875 1911 925 qui

309 934 417 972 mihi
445 934 550 972 bene
570 933 729 981 volunt,
754 934 830 972 hos
860 934 1045 972 offendit.
1106 932 1212 971 Sunt
1241 934 1381 970 autem
1401 932 1554 981 vbique
1583 945 1666 970 non
1695 931 1814 980 pauci
1839 931 1911 980 qui

251 993 267 1027 7
273 996 290 1027 5
310 989 428 1026 nobis
457 989 561 1026 bene
592 989 777 1037 cupiunt,
805 988 1124 1038 haudquaquam
1151 986 1373 1024 exambitis
1395 986 1619 1034 fauoribus,
1643 986 1713 1023 sed
1733 984 1912 1023 vtilitate

310 1043 544 1081 studiorum
578 1043 698 1080 nobis
736 1043 930 1080 deuincti.
991 1042 1107 1090 Quod
1147 1041 1181 1079 si
1222 1054 1297 1090 ego
1330 1041 1460 1079 velim
1499 1053 1591 1078 11190
1630 1040 1785 1078 calamo
1824 1041 1911 1077 tam

310 1097 538 1135 insolenter
557 1097 619 1134 vti
641 1110 765 1146 quam
785 1097 858 1134 ille
879 1110 952 1134 sua
971 1096 1129 1146 lingua,
1152 1109 1290 1133 nonne
1310 1108 1376 1133 res
1395 1095 1438 1132 in
1461 1094 1727 1133 manifestam
1753 1093 1911 1132 rabiem

310 1152 474 1190 exiret?
513 1151 664 1189 Nonne
683 1151 875 1189 scandalo
896 1163 1080 1189 essemus
1100 1152 1139 1188 et
1156 1149 1403 1188 Christianis
1424 1151 1464 1187 et
1480 1149 1709 1188 Christiani
1728 1147 1912 1186 nominis

311 1206 533 1243 hostibus?
589 1205 668 1244 Sed
700 1205 772 1243 ille
802 1219 869 1243 me
899 1205 1143 1249 contemnit,
1177 1204 1294 1254 quasi
1328 1217 1414 1242 non
1448 1203 1639 1253 pluribus
1672 1201 1914 1241 nominibus

253 1267 294 1297 80
312 1260 436 1298 illum
457 1260 642 1298 vicissim
661 1273 825 1309 possem
846 1262 1124 1304 contemnere,
1144 1259 1178 1296 si
1198 1260 1463 1296 contemnere
1491 1271 1568 1296 nos
1596 1257 1777 1295 inuicem
1806 1258 1912 1294 esset

312 1315 541 1353 Christiani
561 1314 736 1363 pectoris
753 1328 761 1353 :
790 1317 861 1352 aut
878 1314 995 1364 quasi
1016 1327 1157 1351 meum
1178 1313 1232 1350 sit
1252 1313 1473 1362 digladiari
1491 1325 1584 1350 011111
1605 1311 1758 1350 talibus
1779 1310 1913 1360 qualis

311 1368 383 1406 ille
423 1372 495 1416 est,
529 1369 565 1406 si
600 1382 664 1407 res
693 1370 842 1418 agatur
875 1368 1034 1418 ingenii
1066 1367 1294 1417 praesidiis.
1354 1366 1471 1414 Quod
1506 1367 1543 1404 si
1576 1366 1820 1404 certandum
1859 1365 1913 1403 sit

312 1424 478 1472 linguae
507 1423 743 1471 virulentia,
773 1423 1044 1472 impudentia,
1073 1422 1331 1472 procacitate,
1359 1421 1480 1459 facile
1509 1420 1736 1471 reperietur
1764 1419 1915 1458 mulier

311 1478 450 1526 aliqua
471 1491 573 1527 quae
594 1490 689 1515 cum
711 1478 784 1516 tali
806 1478 1025 1515 hominum
1047 1489 1195 1526 genere
1214 1476 1514 1526 congrediatur.

254 1542 293 1582 85
368 1532 448 1570 Sed
477 1535 523 1571 vt
552 1533 774 1570 mittamus
790 1531 1072 1579 Vincentium,
1103 1545 1126 1569 a
1156 1544 1248 1579 quo,
1281 1530 1414 1580 qualis
1444 1530 1579 1579 qualis
1608 1531 1681 1577 est,
1707 1527 1820 1567 vinci
1848 1541 1915 1565 me

314 1600 398 1624 non
433 1587 578 1635 patiar,
611 1587 646 1624 si
682 1586 802 1624 bonis
836 1586 959 1624 rebus
993 1598 1157 1624 mecum
1189 1587 1327 1630 certet,
1361 1585 1437 1629 1100
1470 1586 1534 1622 est
1564 1584 1599 1622 si
1629 1583 1727 1633 quid
1758 1583 1915 1621 adferat

314 1641 424 1690 quod
463 1641 597 1690 magis
635 1641 835 1679 conducat
874 1641 924 1679 ad
965 1640 1121 1680 Christi
1158 1639 1335 1688 gloriam
1366 1652 1587 1689 veramque
1625 1639 1845 1688 pietatem:
1893 1650 1915 1674 a

314 1695 490 1733 Latomo
516 1695 678 1733 inuitus
698 1695 890 1741 dissideo,
913 1695 980 1732 vel
1007 1695 1059 1733 ob
1080 1694 1358 1732 eruditionem
1391 1706 1474 1731 non
1501 1705 1668 1742 prorsus
1697 1703 1916 1741 aspernan-

313 1749 421 1795 dam,
445 1749 511 1787 vel
532 1749 583 1788 ob
605 1749 889 1799 qualecunque
915 1748 1207 1787 commercium
1235 1762 1329 1786 cum
1355 1748 1487 1786 Musis
1513 1746 1847 1792 amoenioribus;
1877 1747 1915 1782 et

255 1819 296 1851 90
314 1803 475 1842 inuitus
505 1804 636 1850 credo,
669 1805 778 1853 quod
808 1807 947 1842 tamen
978 1816 1001 1841 a
1030 1803 1177 1840 multis
1209 1803 1343 1851 audio,
1378 1802 1619 1851 praesertim
1655 1814 1751 1839 cum
1788 1813 1811 1838 a
1850 1813 1917 1837 me

315 1871 529 1908 nunquam
563 1858 618 1896 sit
646 1858 791 1896 laesus.
852 1858 965 1896 Illud
996 1857 1116 1895 nobis
1146 1857 1212 1895 vel
1243 1870 1333 1894 sero
1362 1857 1596 1895 cauendum
1627 1857 1699 1902 est,
1730 1868 1783 1892 ne
1812 1867 1914 1891 mor-

315 1913 460 1950 dentes
493 1913 676 1950 inuicem
706 1925 1000 1951 consumamur
1028 1911 1148 1949 alteri
1177 1912 1228 1949 ab
1257 1910 1409 1949 alteris.
1470 1910 1672 1949 Seditiosa
1702 1921 1917 1958 nunquam

317 1967 425 2005 mihi
462 1967 719 2016 placuerunt.
795 1967 938 2016 Neque
977 1966 1197 2004 Reuchlini
1245 1979 1379 2015 neque
1416 1965 1592 2003 Lutheri
1634 1963 1804 2002 factioni
1851 1975 1917 2000 me

317 2034 503 2071 vnquain
547 2021 776 2068 admiscui3
824 2021 982 2059 Christi
1019 2020 1172 2070 gloriae
1213 2033 1287 2069 pro
1335 2033 1426 2057 mea
1463 2019 1577 2057 virili
1620 2031 1782 2067 semper
1819 2016 1917 2055 faui.

258 2087 297 2119 95
316 2076 486 2114 Vestrae
516 2076 766 2114 Academiae
795 2075 903 2114 nihil
932 2075 1055 2113 attuli
1085 2088 1216 2124 neque
1245 2074 1455 2112 dedecoris
1484 2087 1618 2123 neque
1646 2071 1913 2111 incommodi.

318 2130 570 2168 Lutheranis
607 2130 763 2168 libellis
801 2130 944 2168 obstiti
990 2130 1211 2179 plusquam
1250 2129 1474 2178 quisquam
1518 2127 1783 2166 mortalium:
1834 2138 1918 2163 non

318 2185 426 2234 quod
466 2184 650 2222 nesciam
689 2184 811 2222 illum
851 2185 1047 2234 pleraque
1085 2183 1187 2221 bene
1222 2195 1401 2229 monere,
1438 2182 1509 2220 sed
1543 2181 1651 2231 quod
1686 2180 1915 2228 intelligam

317 2239 450 2277 satius
469 2252 557 2277 esse
578 2239 684 2276 bene
704 2241 836 2277 tacere
856 2252 982 2288 quam
1011 2238 1178 2276 sinistre
1205 2240 1365 2274 tentare
1394 2236 1586 2274 remedia.
1645 2235 1697 2274 In
1725 2233 1920 2272 omnibus

318 2306 420 2343 quae
442 2293 505 2331 illi
525 2294 613 2331 siue
633 2307 727 2331 vere
755 2293 843 2331 siue
870 2293 973 2331 falso
1000 2291 1294 2339 inscribuntur,
1320 2304 1403 2329 non
1433 2292 1494 2329 est
1517 2290 1628 2328 vllns
1657 2303 1760 2339 apex
1790 2300 1917 2326 meus.

240 2360 301 2383 100
319 2347 500 2386 Libellos
520 2347 746 2385 maledicos
766 2348 837 2397 qui
857 2347 1039 2396 vndique
1068 2345 1300 2395 prouolant,
1323 2346 1485 2384 vtinam
1511 2344 1730 2394 prohibere
1757 2355 1920 2393 possem

318 2402 382 2439 vel
404 2415 496 2440 mea
521 2401 664 2440 causa!
722 2402 829 2440 Nam
856 2414 1002 2439 omnes
1031 2413 1099 2438 me
1119 2403 1296 2449 granant
1325 2400 1493 2447 inuidia,
1517 2399 1686 2448 quidam
1715 2398 1838 2436 etiam
1863 2397 1921 2434 in-

319 2456 489 2502 famant,
512 2469 557 2494 ac
587 2456 719 2505 magis
746 2456 917 2494 laedunt
945 2455 1016 2505 qui
1047 2455 1220 2492 laudant
1241 2467 1365 2503 quam
1386 2454 1456 2502 qui
1482 2453 1748 2491 maledicunt.
1808 2451 1919 2489 Illud

321 2510 600 2548 certissimum
628 2513 702 2557 est,
725 2511 768 2548 in
799 2510 864 2548 his
892 2509 1089 2548 omnibus
1119 2508 1226 2545 nihil
1256 2520 1344 2546 esse
1374 2521 1527 2546 meum.
1587 2507 1640 2545 Et
1671 2507 1722 2545 de
1743 2518 1922 2555 quorun·

322 2565 417 2602 dam
437 2564 651 2602 autoribus
672 2567 734 2602 est
754 2564 860 2602 mihi
881 2563 1085 2602 nonnulla
1104 2561 1281 2612 suspicio
1299 2576 1308 2609 3
1337 2562 1386 2600 de
1407 2562 1610 2612 plerisque
1630 2574 1703 2598 nec
1723 2560 1920 2610 suspicari

243 2634 301 2665 105
322 2631 491 2667 possum
511 2618 619 2656 vnde
639 2619 876 2668 prodierint.

377 2672 632 2711 sollicitatus
653 2685 745 2711 sum
763 2687 785 2711 a
805 2672 952 2711 multis
972 2671 1097 2710 etiam
1118 2671 1382 2720 magnatibus
1403 2673 1447 2709 vt
1473 2670 1684 2720 prodirem
1711 2669 1755 2707 in
1785 2670 1923 2718 partes

629 2797 681 2826 68.
710 2806 766 2827 me
783 2806 841 2827 om.
860 2798 903 2827 H.
1051 2804 1100 2832 72.
1128 2797 1155 2823 1³
1166 2796 1277 2831 θυννίς.
1294 2805 1300 2826 :
1328 2794 1563 2825 virulentiam
1580 2796 1616 2824 F.

367 2915 420 2944 93.
449 2905 658 2945 Reuchlini]
675 2905 726 2935 Cf.
748 2905 810 2944 Ep.
833 2912 926 2942 1155.
947 2902 1021 2931 1811.
1208 2910 1276 2932 100.
1303 2900 1473 2942 Libellos]
1493 2900 1544 2931 Cf.
1564 2900 1628 2940 Ep.
1652 2909 1743 2939 1195.
1762 2910 1818 2937 4n.

367 2951 418 2988 96.
446 2948 585 2989 obstiti]
604 2949 654 2979 Cf.
674 2949 735 2987 Ep.
759 2957 849 2986 1033.
869 2957 949 2986 47n.
1206 2946 1276 2975 106.
1304 2944 1528 2975 Sollicitatus
1539 2943 1634 2984 sum]
1653 2943 1704 2974 Of.
1720 2943 1810 2983 Epp.
1829 2952 1920 2982 1154,

368 2995 421 3032 98.
448 2994 536 3023 bene
554 2991 685 3032 tacere]
705 2992 756 3023 Cf.
776 2992 840 3030 Ep.
860 3000 952 3029 1119.
972 2998 1050 3026 40n.
1162 2990 1256 3025 1161,
1274 2997 1366 3027 1225.
1387 2988 1520 3026 177-80.
