1990 3353
322 137 402 176 516
797 136 1047 175 LETTERS
1085 137 1152 175 OF
1190 136 1456 176 ERASMUS

1801 135 1915 189 [1521

321 248 494 287 debetur
532 248 665 288 Ooleti
702 247 925 294 autoritati,
968 246 1056 285 siue
1096 246 1263 285 illorum
1302 245 1440 284 studio
1472 259 1573 296 quos
1606 260 1689 284 non
1723 247 1919 296 puduerit

241 320 303 352 290
321 316 439 341 senes
467 316 490 341 a
518 303 680 350 iuuene,
711 302 899 340 doctores
926 315 949 340 a
979 315 1063 340 non
1093 301 1257 339 doctore
1287 300 1463 339 discere:
1499 300 1663 339 tametsi
1691 304 1782 350 post
1811 301 1918 339 vltro

321 357 481 396 delatus
507 358 571 395 est
594 356 774 395 doctoris
796 356 959 402 titulus,
981 369 1106 405 quem
1134 355 1206 393 ille
1234 355 1388 405 recepit
1418 355 1553 404 magis
1574 357 1620 393 vt
1650 355 1735 394 illis
1763 357 1920 404 gereret

320 424 479 450 morem
498 424 623 461 quam
644 411 751 461 quod
771 410 961 449 ambiret.

375 466 442 504 Ab
462 466 528 504 his
544 464 671 504 sacris
686 464 912 512 laboribus,
928 464 1053 514 Regis
1069 463 1255 511 Henrici,
1272 463 1360 502 eius
1381 463 1562 502 nominis
1583 463 1761 513 septimi,
1779 463 1920 502 fauore

321 520 562 558 Londinum
582 522 643 558 est
663 520 892 568 reuocatus,
914 531 959 557 ac
982 519 1172 557 Decanus
1197 518 1305 568 apud
1333 517 1480 556 diuum
1500 518 1680 556 Paulum
1707 519 1849 563 factus,
1874 520 1918 555 vt

240 587 299 619 295
320 574 435 612 illius
471 575 677 624 praeesset
716 573 887 623 collegio
926 573 1042 611 cuius
1080 572 1221 610 literas
1258 573 1315 610 sic
1359 572 1586 612 adamabat.
1664 572 1743 611 Est
1780 574 1920 610 autem

320 628 502 678 dignitas
532 628 621 667 eius
651 628 834 667 nominis
860 627 970 677 apud
1002 626 1163 676 Anglos
1191 626 1336 675 prima,
1369 626 1536 664 tametsi
1569 629 1667 665 sunt
1697 626 1799 665 aliae
1833 639 1920 676 pro-

320 685 449 721 uentu
480 683 614 732 magis
648 682 797 732 opimo.
859 682 941 720 Hic
972 681 1038 719 vir
1067 680 1250 731 optimus
1283 682 1483 730 tanquam
1517 681 1568 719 ad
1602 694 1704 731 opus
1735 684 1916 728 vocatus,

320 750 403 775 non
440 738 492 776 ad
532 737 792 787 dignitatern,
831 736 996 785 collegii
1029 736 1094 774 sui
1133 735 1355 785 collapsam
1394 734 1661 784 disciplinam
1695 735 1828 778 sarsit,
1862 736 1915 781 et,

320 792 429 841 quod
449 794 536 830 erat
556 791 643 830 illic
663 804 833 839 nouum,
851 790 1028 840 singulis
1049 789 1193 828 diebus
1214 789 1330 828 festis
1351 789 1396 827 in
1416 802 1490 827 suo
1511 789 1668 839 templo
1688 788 1920 828 concionari

238 858 301 889 300
320 846 515 893 instituit,
538 848 700 896 praeter
720 845 939 884 conciones
959 844 1317 888 extraordinarias,
1342 857 1443 893 quas
1462 857 1575 882 nunc
1595 845 1639 882 in
1663 844 1783 894 regia,
1808 856 1920 882 nunc

319 900 413 939 aliis
442 903 567 950 atque
595 900 690 939 aliis
718 900 819 938 locis
849 899 1038 938 habebat.
1098 899 1228 937 Porro
1258 898 1302 936 in
1329 911 1404 936 suo
1429 898 1586 948 templo
1616 912 1701 937 non
1729 898 1920 937 sumebat

320 954 399 993 sibi
421 955 597 1005 carptim
616 957 911 1004 argumentum
934 967 982 992 ex
1011 952 1241 1003 Euangelio
1261 954 1333 990 aut
1356 965 1406 990 ex
1432 953 1633 1002 Epistolis
1654 952 1917 1002 Apostolicis,

320 1009 390 1047 sed
404 1022 536 1048 vnum
555 1009 723 1059 aliquod
742 1010 1036 1058 argumentum
1052 1006 1318 1057 proponebat,
1336 1007 1443 1056 quod
1461 1007 1635 1045 diuersis
1655 1006 1922 1046 concionibus

318 1064 368 1101 ad
403 1064 531 1102 finem
561 1076 690 1114 vsque
730 1062 1076 1113 prosequebatur:
1119 1063 1220 1111 puta
1259 1061 1534 1110 Euangelium
1569 1061 1780 1108 Matthaei,
1815 1074 1921 1111 sym-

237 1129 298 1161 305
320 1118 462 1156 bolum
493 1118 599 1165 fidei,
626 1117 904 1168 precationem
928 1116 1207 1155 Dominicam.
1267 1115 1320 1154 Et
1351 1115 1528 1154 habebat
1560 1115 1816 1154 auditorium
1848 1116 1921 1154 fre-

320 1185 460 1222 quens,
484 1173 528 1210 in
549 1186 629 1222 quo
649 1171 866 1222 plerosque
885 1171 1089 1221 primores
1110 1183 1206 1208 suae
1225 1169 1409 1209 ciuitatis
1430 1172 1471 1208 et
1489 1170 1605 1208 aulae
1626 1169 1768 1219 regiae.

373 1227 561 1265 Mensam
578 1227 734 1265 Decani
749 1239 853 1276 quae
873 1227 994 1264 antea
1014 1225 1090 1263 sub
1110 1224 1407 1274 hospitalitatis
1428 1224 1552 1263 titulo
1571 1225 1690 1263 luxui
1710 1224 1919 1271 seruierat,

318 1281 524 1319 contraxit
544 1281 594 1319 ad
614 1281 905 1331 frugalitatem.
968 1279 1076 1318 Nam
1097 1292 1191 1317 cum
1212 1281 1252 1317 et
1274 1281 1369 1316 ante
1388 1292 1520 1317 annos
1540 1279 1695 1329 aliquot
1722 1279 1767 1317 in
1787 1281 1922 1317 totum

318 1335 587 1374 abstinuisset
606 1349 629 1373 a
649 1348 784 1382 coena,
809 1334 941 1373 caruit
960 1334 1208 1383 vespertinis
1229 1333 1430 1372 conuiuis.
1490 1334 1618 1372 Porro
1639 1347 1770 1383 quum
1790 1334 1921 1371 serius

238 1403 300 1434 310
318 1389 547 1439 pranderet,
570 1390 695 1428 etiam
719 1391 811 1428 tum
832 1389 975 1427 minus
994 1388 1140 1426 habuit
1161 1388 1340 1426 multos:
1369 1388 1438 1426 sed
1463 1387 1539 1426 hoc
1566 1387 1790 1438 pauciores,
1812 1387 1919 1438 quod

318 1446 359 1482 et
396 1445 569 1494 frugalis
607 1447 714 1482 esset
747 1446 978 1494 apparatus,
1014 1442 1182 1481 tametsi
1223 1442 1394 1489 nitidus,
1432 1443 1474 1480 et
1511 1442 1650 1480 breuis
1696 1442 1916 1489 accubitus,

319 1498 501 1548 denique
530 1511 741 1537 sermones
762 1498 833 1548 qui
862 1511 948 1536 non
978 1498 1230 1535 delectarent
1259 1496 1341 1534 nisi
1371 1496 1512 1534 doctos
1541 1509 1586 1535 ac
1616 1496 1759 1535 bonos.
1818 1497 1921 1536 Con-

319 1557 475 1600 secrata
508 1566 650 1592 mensa
679 1566 777 1591 mox
809 1565 910 1602 puer
942 1551 1092 1601 aliquis
1110 1551 1228 1590 'clara
1272 1563 1369 1588 voce
1399 1550 1592 1589 distincte
1619 1551 1922 1601 pronunciabat

319 1609 440 1657 caput
467 1607 634 1657 aliquod
664 1620 713 1645 ex
738 1606 938 1657 Epistolis
964 1605 1086 1644 Pauli
1117 1607 1187 1644 aut
1214 1604 1453 1643 Prouerbiis
1481 1605 1726 1644 Salomonis.
1783 1605 1845 1643 Ex
1875 1619 1921 1643 eo

319 1661 526 1700 delectum
546 1662 685 1699 locum
706 1661 793 1710 ipse
813 1661 896 1698 fere
918 1660 1128 1710 repetebat
1147 1673 1191 1697 ac
1213 1659 1417 1697 sermonis
1437 1660 1692 1709 occasionem
1716 1660 1918 1706 sumebat,

320 1715 534 1754 sciscitans
567 1715 618 1754 ab
653 1716 827 1754 eruditis
859 1718 932 1753 aut
970 1715 1207 1764 ingeniosis,
1246 1714 1371 1752 etiam
1405 1713 1558 1758 idiotis,
1595 1714 1695 1764 quid
1732 1713 1809 1752 hoc
1848 1716 1921 1752 aut

319 1770 425 1809 illud
453 1770 612 1809 dictum
641 1770 722 1808 sibi
741 1770 875 1808 vellet.
934 1770 1074 1818 Atque
1103 1769 1161 1806 ita
1190 1778 1426 1806 sermonem
1457 1768 1711 1818 temperabat
1732 1771 1777 1807 vt
1796 1782 1920 1818 quan-

319 1838 445 1874 quam
474 1827 514 1863 et
544 1825 637 1874 pius
666 1827 708 1863 et
736 1824 885 1873 grauis,
918 1825 1058 1861 tamen
1091 1822 1200 1861 nihil
1230 1822 1397 1860 haberet
1430 1822 1556 1861 taedii
1590 1824 1661 1860 aut
1695 1823 1917 1872 supercilii.

320 1879 480 1917 Rursus
500 1879 577 1917 sub
594 1879 779 1917 conuiuii
800 1879 939 1923 finem,
955 1890 1086 1928 quum
1106 1877 1189 1915 iam
1205 1879 1414 1926 vtcunque
1431 1877 1693 1915 satisfactum
1708 1879 1814 1916 esset
1836 1890 1920 1915 non

237 1945 298 1976 320
319 1933 522 1983 voluptati
551 1933 623 1972 sed
653 1933 899 1980 necessitati,
924 1932 1038 1970 aliud
1067 1932 1361 1981 argumentum
1393 1931 1556 1970 iniecit:
1592 1933 1714 1982 atque
1742 1932 1800 1970 ita
1829 1945 1919 1970 con-

237 1673 298 1705 315

362 2072 436 2102 292.
464 2072 598 2093 morem
615 2065 644 2093 F
656 2064 787 2100 Corriy:
812 2071 946 2092 moram
964 2064 999 2092 F.

319 2108 393 2147 306.
419 2108 453 2137 et
473 2131 479 2137 .
499 2130 505 2137 .
523 2130 528 2136 .
549 2115 622 2145 307.
652 2106 784 2137 Decani
802 2107 972 2143 FC'orrifs.2
999 2105 1141 2136 Decani.
1171 2105 1329 2136 Mensam
1347 2108 1381 2136 et
1399 2106 1498 2136 aulae
1516 2106 1631 2145 regiae
1649 2108 1682 2137 F.

319 2151 433 2181 serius
449 2153 479 2180 F
490 2153 602 2188 δον-νίς).
619 2161 625 2181 z
651 2160 731 2180 cum
749 2151 862 2180 seruis
879 2152 914 2180 F.

363 2283 436 2312 291.
464 2271 634 2312 doctoris]
659 2272 711 2303 Cf.
724 2272 787 2311 Ep.
809 2272 880 2302 181.
902 2272 976 2302 18n.

363 2327 437 2356 294.
465 2315 646 2357 Decanus]
673 2315 724 2347 Cf.
745 2316 808 2355 Ep.
831 2316 901 2346 181.
923 2316 998 2346 1811.

364 2370 439 2400 309.
463 2370 482 2390 a
498 2360 622 2400 coena]
648 2359 819 2390 Erasmus
835 2360 935 2389 notes
948 2358 1087 2389 similar

319 2405 528 2434 abstinence
577 2403 616 2434 in
664 2403 857 2434 Warham:
911 2412 968 2433 see
1022 2401 1085 2433 the

321 2448 485 2478 sketches
501 2448 538 2477 of
551 2446 628 2477 him
647 2447 685 2477 in
702 2446 765 2477 the
779 2449 983 2485 Ecclesiastes‚
1004 2445 1085 2476 bk.i

322 2491 408 2530 (LB.
425 2501 456 2522 v.
476 2491 536 2520 811
549 2490 595 2531 0),
612 2490 682 2520 and
700 2491 739 2520 in
756 2490 818 2521 the
844 2499 924 2529 1533
948 2490 1085 2529 preface

321 2536 356 2564 to
372 2534 514 2565 Jerome
533 2534 712 2574 (wrongly
729 2533 824 2564 cited
840 2543 878 2564 as
894 2536 1022 2571 Adccqia
1046 2534 1085 2563 in

322 2578 385 2617 Ep.
400 2578 460 2608 188
472 2577 631 2615 introd.).
665 2577 717 2608 Cf.
729 2578 804 2608 also
815 2577 904 2617 Epp.
921 2586 1012 2616 1229.
1033 2578 1082 2614 16,

325 2631 417 2661 1349.
437 2629 551 2661 14435.
577 2621 612 2652 It
622 2630 734 2652 seems
744 2621 836 2651 from
850 2621 911 2652 the
922 2620 1087 2660 colloquy

322 2667 576 2704 Ichtlzyophaqz'a,
595 2664 672 2695 first
688 2664 834 2704 printed
851 2665 889 2695 in
907 2664 989 2695 Feb.
1004 2665 1086 2702 1526

323 2708 408 2747 (LB.
430 2709 450 2739 i.
470 2709 533 2747 803
548 2708 597 2749 E),
615 2708 695 2738 that
711 2709 750 2739 in
768 2708 935 2748 England
959 2710 995 2738 at
1011 2708 1085 2738 this

322 2753 411 2783 time
439 2761 570 2791 supper
596 2762 669 2782 was
698 2751 868 2791 regarded
899 2762 937 2782 as
964 2760 984 2781 a
1007 2751 1086 2782 self-

324 2795 546 2835 indulgence.
604 2796 639 2826 It
688 2805 761 2827 was
808 2794 997 2826 forbidden
1040 2795 1087 2834 by

322 2840 458 2870 custom
476 2849 521 2869 on
538 2839 714 2869 alternate
731 2840 818 2878 days
839 2840 877 2869 in
896 2839 998 2877 Lent,
1014 2839 1085 2869 and

323 2892 369 2913 on
397 2883 546 2922 Fridays
573 2882 794 2921 throughout
821 2882 884 2913 the
911 2892 1019 2922 year;
1043 2881 1085 2913 cf.

323 2926 386 2966 Ep.
413 2936 481 2966 119.
500 2927 549 2965 76.
600 2926 662 2956 See
680 2927 753 2956 also
777 2926 957 2956 Erasmus’
978 2928 1020 2956 De
1035 2936 1088 2955 esu

323 2973 478 3008 carnium,
509 2970 548 3000 of
582 2979 619 2999 21
654 2969 758 3009 April
800 2979 881 3008 1522
918 2969 1003 3007 <LB.
1040 2970 1085 3000 ix.

330 3024 410 3044 1202
425 3024 454 3053 n,
477 3023 557 3051 1214
572 3014 616 3053 c),
643 3013 714 3044 and
739 3013 799 3044 the
817 3013 951 3045 scholia
969 3012 1087 3044 which

1174 2063 1249 2100 296.
1275 2061 1433 2101 dignitas
1450 2064 1603 2101 FCorrzssy.
1620 2074 1627 2092 ε
1653 2072 1692 2093 ea
1709 2062 1866 2103 dignitas
1882 2066 1917 2093 F.

1845 2116 1920 2146 309·

1157 2271 1201 2301 he
1225 2271 1343 2302 added
1368 2272 1407 2302 in
1432 2281 1515 2311 1532
1539 2271 1610 2312 (see
1628 2272 1692 2312 Ep.
1714 2282 1807 2311 1274.
1826 2273 1918 2314 1411),

1155 2325 1212 2355 pp.
1233 2325 1305 2354 171,
1326 2316 1399 2354 178.
1447 2316 1621 2354 Busbecq,
1644 2318 1711 2354 Ley.
1735 2318 1833 2349 Ture..
1854 2317 1916 2356 Ep.

1154 2368 1174 2396 4
1194 2361 1270 2395 fin„
1290 2359 1330 2389 16
1355 2359 1436 2389 Dec.
1465 2360 1557 2397 1562,
1588 2360 1731 2390 records
1754 2359 1834 2390 that
1858 2360 1921 2391 the

1155 2402 1328 2441 Emperor
1357 2402 1563 2433 Ferdinand
1591 2404 1782 2443 ‘perpetuo
1813 2413 1921 2434 coena

1153 2446 1322 2483 abstinet,
1348 2455 1465 2486 neque
1492 2447 1648 2486 amplius
1677 2456 1785 2486 quam
1810 2448 1918 2478 semel

1153 2489 1211 2519 die
1235 2490 1356 2520 cibum
1385 2490 1507 2527 sumit,
1538 2493 1574 2521 et
1601 2490 1749 2529 quidem
1779 2500 1883 2531 parce
1898 2491 1915 2522 “.

1153 2533 1204 2564 Cf.
1221 2532 1287 2564 SE.
1304 2543 1378 2572 279,
1399 2543 1430 2573 p.
1449 2542 1525 2573 235.

1197 2585 1271 2615 312.
1298 2577 1494 2618 sermones]
1520 2577 1588 2608 For
1611 2577 1672 2608 the
1698 2577 1920 2618 importance

1154 2620 1321 2651 attached
1345 2621 1390 2659 by
1407 2620 1507 2651 Celet
1530 2623 1567 2652 to
1591 2621 1837 2652 conversation
1862 2632 1919 2653 see

1155 2666 1263 2702 Aelaq.
1279 2674 1343 2703 974
1360 2664 1439 2705 (964
1456 2664 1496 2694 in
1512 2665 1575 2695 the
1592 2665 1730 2696 edition
1747 2665 1785 2695 of
1807 2666 1916 2705 1508),

1154 2707 1273 2738 where
1301 2708 1471 2738 Erasmus
1498 2708 1638 2739 records
1670 2708 1750 2739 that
1775 2708 1820 2739 he
1849 2718 1920 2740 was

1154 2754 1253 2781 wont
1271 2753 1307 2782 to
1323 2760 1385 2790 say
1403 2754 1410 2768 ‘
1424 2752 1512 2782 ‘tales
1529 2761 1594 2782 nos
1609 2761 1685 2782 esse
1698 2752 1818 2790 qualia
1834 2754 1919 2783 sunt

1155 2795 1366 2833 quotidiana
1404 2795 1592 2835 colloquia,
1633 2795 1723 2826 tales
1769 2796 1918 2827 euadere

1154 2838 1275 2877 qualia
1291 2838 1498 2878 frequenter
1509 2838 1677 2870 audimus
1688 2837 1704 2870 ¹.
1754 2838 1921 2870 Erasmus

1156 2884 1281 2920 quotes
1291 2883 1352 2913 the
1363 2883 1490 2921 saying
1500 2881 1584 2921 also,
1592 2882 1747 2913 without
1758 2883 1919 2914 mention
1968 2916 1969 2919 Ἰ

1157 2926 1194 2955 of
1223 2925 1333 2965 Colet,
1367 2927 1405 2956 in
1438 2926 1500 2956 the
1529 2928 1699 2957 paraclesis
1724 2928 1780 2966 (N.
1809 2928 1919 2965 Iustu,
1968 2922 1969 2936 ἶ

1161 2970 1254 3008 1516.
1272 2970 1312 3000 f0.
1329 2969 1406 3000 aaa*
1420 2971 1481 3000 v⁰:
1505 2969 1573 3000 LB.
1593 2979 1626 3001 v.
1647 2979 1708 3009 140
1720 2971 1766 3008 c).
1967 2976 1969 2982 ⁴

1202 3013 1276 3052 316.
1304 3012 1442 3053 idiotis]
1469 3012 1519 3044 Cf.
1540 3013 1601 3053 Ep.
1624 3022 1714 3052 1153-
1739 3023 1836 3052 171n.
