1990 3353
637 134 708 173 ΤΟ
747 133 981 173 THOMAS
1019 134 1175 173 MORE
1624 137 1705 174 389

107 132 227 187 1162]

609 244 788 283 ‘Taxas’
817 244 967 294 inquit,
1018 244 1116 281 ‘nos
1146 243 1256 293 quod
1289 243 1366 282 tibi
1401 243 1655 282 oblatremus
1684 257 1706 282 a

882 298 991 336 ‘Nec
1017 297 1174 336 mirum
1188 298 1208 344 ⁹,
1233 298 1432 347 inquam;
1467 299 1536 335 ‘tu
1557 298 1707 347 quibus

1300 351 1480 403 Negauit
1501 365 1545 390 se
1572 352 1705 390 adhuc

100 245 290 294 linguam
319 244 548 283 habemus?

103 302 217 349 tergo
233 314 244 347 ;
283 300 412 338 audeo
433 300 511 338 tibi
532 299 578 337 in
599 312 644 337 os
665 299 822 337 dicere.’

101 367 146 392 es
164 354 361 401 moribus,
384 354 555 392 auderes
575 354 698 391 etiam
721 365 947 403 conspuere
967 365 1012 390 os
1032 352 1131 390 boni
1149 352 1257 390 viri.’

101 421 189 446 esse
210 411 296 446 tam
319 411 613 447 contumacem.

155 463 247 501 Hoc
281 475 472 501 sermone
503 463 738 511 interrupto
770 462 921 500 Rector
949 460 1170 499 admonuit
1200 463 1246 498 vt
1283 461 1334 499 de
1366 460 1563 509 Luthero,
1598 461 1706 510 quod

100 519 185 555 erat
215 519 346 566 caput,
381 519 580 565 ageretur.
645 517 786 565 ‘Age’
807 515 956 566 inquit,
984 515 1210 564 ‘scripsisti
1239 528 1314 564 pro
1344 515 1555 562 Luther03
1596 528 1708 554 nunc

100 571 233 610 scribe
253 571 450 610 aduersus
469 571 620 609 illum.'
690 570 773 609 Hic
793 570 1004 608 inficiatus
1023 582 1089 608 me
1109 569 1323 619 scripsisse
1342 583 1416 619 pro
1437 569 1520 614 illo,
1545 571 1613 608 sed
1635 583 1708 619 pro

100 626 306 674 theologis
342 627 480 675 potius
518 626 718 663 aduersus
756 624 893 672 illum,
935 637 1031 662 cum
1070 637 1329 662 excusassem
1367 624 1518 670 multa,
1554 625 1705 672 ocium,

100 679 366 729 imperitiam,
387 682 561 726 metum,
591 679 702 717 inter
729 680 810 717 alia
837 678 1051 728 praetexui
1077 678 1353 728 suspitionem
1381 679 1650 725 crudelitatis,
1673 680 1708 717 si

100 735 302 772 saeuirem
332 735 428 772 stilo
458 747 550 772 meo
580 734 625 771 in
653 734 870 772 hominem
899 734 1154 784 prostratum
1178 745 1224 770 ac
1244 732 1416 771 victum.
1478 732 1606 780 ζΙῐιῑιο,
1631 734 1709 771 hoc

99 788 262 838 ipsum'
281 789 430 839 inquit,
459 789 624 833 ⁴scribe,
657 788 891 826 Lutherum
917 801 941 826 a
969 787 1091 825 nobis
1120 787 1281 825 victum
1311 787 1428 825 esse.’
1498 788 1709 837 Respondi

100 856 184 881 non.
216 843 355 881 deesse
376 844 447 892 qui
475 843 552 881 hoc
572 843 910 890 vociferarentur,
934 842 1001 880 vel
1027 855 1094 880 me
1119 843 1308 880 tacente:
1345 843 1556 891 praeterea
1576 843 1710 891 magis

99 897 184 936 fore
219 897 414 936 decorum
450 898 483 935 si
513 897 594 947 ipsi
625 911 744 936 suam
777 897 1033 935 celebrarent
1065 896 1281 935 victoriam
1316 896 1388 945 qui
1425 897 1708 946 peperissent:

98 953 304 1001 postremo
333 951 441 990 mihi
473 966 557 990 non
583 954 772 990 constare
793 952 902 1002 quod
928 965 1024 989 eum
1046 950 1256 999 vicissent,
1285 963 1381 989 cum
1406 950 1505 989 libri
1538 950 1708 989 illorum

99 1006 285 1045 nondum
306 1006 541 1056 prodissent
561 1007 606 1044 in
626 1007 774 1045 lucem.
837 1006 924 1045 Sub
943 1006 1042 1044 haec
1063 1005 1298 1055 desperans,
1320 1018 1467 1044 versus
1493 1005 1542 1043 ad
1565 1006 1710 1043 Recto-

98 1074 186 1099 rem
215 1061 286 1107 ait,
324 1060 496 1099 ‘Nonne
525 1061 713 1110 praedixi
746 1074 822 1099 nos
857 1060 965 1099 nihil
998 1061 1196 1098 acturos?
1263 1060 1397 1108 Quam
1431 1060 1526 1098 diu'
1555 1060 1705 1110 inquit,

103 1115 324 1154 ‘detrectat
348 1115 524 1153 scribere
544 1115 744 1154 aduersus
769 1116 1016 1161 Lutherum,
1038 1118 1127 1153 tam
1149 1114 1222 1152 diu
1242 1114 1490 1152 habebimus
1510 1128 1606 1153 eum
1632 1128 1708 1165 pro

98 1169 366 1208 Lutherano.'
438 1170 517 1207 ‘At
556 1170 714 1208 isthoc'
750 1170 941 1220 inquam,
983 1169 1176 1208 ‘nomine
1213 1171 1259 1207 tu
1298 1168 1404 1207 mihi
1443 1168 1708 1207 Lutheranus

97 1224 190 1271 eris,
219 1224 291 1274 qui
321 1224 431 1262 nihil
460 1224 616 1262 scribas
645 1225 846 1263 aduersus
874 1224 996 1262 illum
1011 1236 1021 1270 ;
1052 1237 1184 1273 neque
1214 1226 1260 1261 tu
1290 1223 1404 1262 solus
1432 1226 1611 1270 tantum,
1636 1224 1707 1262 sed

97 1279 309 1317 innumeri
328 1279 494 1317 tecum.'
562 1281 701 1328 Atque
721 1279 778 1317 ita
804 1292 888 1317 non
914 1278 1026 1317 dicto
1052 1278 1122 1316 sed
1152 1277 1385 1327 significato
1405 1277 1497 1316 vale
1527 1279 1705 1326 Rectori,

98 1347 182 1371 non
202 1333 318 1377 mihi,
343 1332 531 1371 discessit
549 1347 557 1371 ε
588 1333 939 1383 quemadmodum
961 1333 1033 1383 qui
1054 1333 1096 1370 in
1117 1332 1364 1382 gladiatoria
1390 1332 1530 1371 schola
1550 1332 1707 1371 vulnus

97 1389 258 1437 praeter
286 1387 524 1426 certaniinis
553 1388 664 1437 leges
693 1390 948 1438 acceperunt,
975 1387 1146 1426 caeteris
1175 1387 1342 1437 quidem
1372 1387 1474 1425 dant
1504 1388 1704 1435 dextram,

96 1442 135 1480 ei
155 1455 178 1480 a
198 1455 278 1491 quo
299 1442 399 1480 laesi
418 1444 519 1480 sunt
539 1455 624 1480 non
645 1443 760 1480 dant.

152 1496 295 1535 Habes
328 1497 413 1534 fere
448 1509 658 1534 summam
693 1497 808 1535 illius
841 1495 1042 1546 praeclari
1076 1495 1286 1545 colloquii,
1321 1495 1431 1544 quod
1466 1495 1530 1533 illi
1565 1497 1705 1534 tamen

96 1551 235 1590 visum
266 1554 328 1589 est
356 1550 581 1589 admodum
616 1551 829 1598 blandum,
861 1564 956 1589 cum
989 1552 1066 1589 hoc
1097 1553 1287 1600 ageretur
1315 1553 1360 1588 vt
1395 1563 1461 1588 me
1495 1551 1705 1599 pelliceret

95 1605 332 1655 eloquentia
351 1618 426 1644 sua
445 1605 495 1643 ad
523 1605 811 1644 insectandum
836 1605 934 1644 stilo
961 1618 1054 1643 meo
1074 1604 1322 1643 Lutherum.
1383 1604 1528 1654 Neque
1558 1618 1706 1654 passus

96 1662 158 1698 est
193 1659 264 1697 ille
298 1660 378 1698 sibi
409 1660 542 1709 perire
575 1660 702 1698 huius
736 1659 1055 1698 conflictationis
1091 1659 1280 1709 gloriam.
1342 1658 1557 1697 Iactitauit
1594 1660 1703 1709 apud

97 1716 353 1764 compotores
387 1727 485 1752 suos
518 1728 643 1763 quam
677 1715 842 1753 fortiter
880 1714 1110 1753 obstitisset
1146 1714 1192 1751 in
1227 1727 1272 1752 os
1307 1713 1494 1752 Erasmo.
1555 1714 1706 1752 Rector

96 1769 238 1807 eadem
258 1768 345 1807 suis
366 1769 600 1816 denarrans,
623 1782 709 1807 non
730 1769 819 1807 sine
849 1770 944 1816 risu,
970 1769 1139 1818 negauit
1170 1781 1214 1806 se
1233 1781 1421 1818 vnquam
1447 1768 1704 1807 crediturum

95 1824 222 1862 fuisse
255 1823 361 1861 mihi
390 1825 556 1861 tantum
587 1836 676 1862 esse
708 1823 1032 1874 temperantiae:
1072 1835 1310 1873 quanquam
1345 1835 1431 1861 non
1463 1822 1562 1861 hinc
1596 1823 1704 1862 mihi

96 1878 262 1916 laudem
290 1878 397 1916 hanc
427 1891 583 1928 arrogo,
608 1878 679 1927 qui
708 1891 875 1928 prorsus
904 1878 1077 1916 insanus
1105 1878 1291 1924 fuissem,
1319 1877 1354 1915 si
1383 1890 1479 1915 cum
1507 1877 1581 1916 illo
1610 1891 1704 1916 con-

95 1933 336 1971 tendissem.
396 1932 452 1970 Et
473 1935 614 1970 tamen
636 1934 700 1971 est
719 1945 828 1971 vnus
852 1935 926 1971 aut
953 1932 1058 1970 alter
1083 1932 1160 1970 hoc
1193 1931 1436 1970 sceleratior.
1497 1931 1607 1970 Nam
1634 1931 1703 1970 hic

95 1989 141 2024 vt
161 1986 362 2025 molestus
381 1989 443 2025 est
463 1990 505 2024 et
525 1987 731 2036 pertinax,
753 1987 811 2025 ita
830 1987 973 2025 minus
992 1986 1117 2025 habet
1136 1987 1232 2031 fuci,
1257 1999 1420 2036 semper
1443 1986 1509 2024 sui
1535 1987 1700 2026 similis.

96 2041 239 2079 Talem
259 2042 374 2079 aiunt
394 2041 522 2079 fuisse
542 2055 731 2091 puerum,
756 2042 884 2079 talem
905 2041 1198 2091 magistellum,
1222 2040 1351 2078 talem
1371 2040 1698 2088 baccalaureum,

95 2095 222 2134 talem
252 2095 484 2144 theologiae
512 2096 797 2145 professorem,
823 2097 959 2146 qualis
987 2108 1098 2134 nunc
1127 2097 1190 2133 est
1219 2094 1454 2134 carmelita.
1515 2095 1578 2133 Ne
1602 2096 1703 2134 Vul-

95 2162 221 2188 canus
241 2150 410 2199 quidem
436 2150 547 2188 hunc
575 2151 757 2196 recudat,
778 2163 912 2200 neque
941 2151 1119 2199 refingat
1140 2149 1378 2187 Mercurius.
1440 2149 1530 2188 Sibi
1558 2152 1700 2188 tamen

95 2205 264 2242 videtur
294 2204 510 2254 praecipua
537 2205 648 2243 basis
669 2205 929 2243 Christianae
960 2204 1174 2254 religionis
1201 2206 1242 2241 et
1268 2203 1427 2241 ordinis
1448 2203 1700 2242 Carmelitici

97 2258 230 2297 decus.
289 2259 393 2296 Tam
413 2258 620 2297 iucundus
640 2261 701 2297 est
726 2259 822 2297 huic
840 2259 1090 2297 Academiae
1110 2271 1235 2307 quam
1263 2261 1362 2296 sunt
1390 2258 1457 2296 fici
1484 2258 1528 2295 in
1557 2258 1695 2297 oculis.

94 2313 174 2351 Sed
194 2313 403 2351 vomicam
423 2313 531 2351 hanc
551 2326 674 2351 nemo
693 2316 829 2363 potest
850 2316 1051 2352 excutere.

149 2368 262 2405 Bene
282 2367 382 2415 vale,
407 2368 467 2405 mi
487 2367 612 2406 More.

150 2421 336 2460 Louanii.
397 2423 524 2459 Anno
544 2422 772 2460 millesimo
793 2421 1127 2472 quingentesimo
1146 2421 1360 2471 vigesimo.

567 2538 641 2574 246.
667 2536 776 2567 Anno
801 2560 808 2568 .
871 2559 879 2568 .
904 2537 1073 2576 vigesimo
1088 2539 1162 2567 (calcz.
1182 2539 1225 2568 H.

138 2658 213 2678 212.
239 2647 411 2678 aduersus
428 2646 548 2687 illum]
567 2646 620 2678 Cf.
636 2657 670 2687 p.
688 2657 763 2686 344.

138 2701 210 2730 213.
238 2691 368 2731 multa]
385 2691 496 2721 These
513 2691 634 2730 points
650 2701 709 2721 are
723 2690 859 2722 related

95 2736 150 2767 far
166 2745 263 2765 more
281 2734 372 2773 fully
391 2735 429 2765 in
446 2734 508 2773 Ep.
528 2743 622 2773 1173.
640 2735 682 2773 38
699 2744 771 2774 seq.

138 2780 212 2809 216.
237 2776 390 2818 victum]
407 2778 459 2809 Cf.
478 2777 539 2817 Ep.
562 2786 655 2816 1173.
673 2788 768 2817 93-7.

139 2832 211 2853 222.
235 2832 299 2862 pro
324 2820 547 2861 Lutherano]
570 2820 624 2851 Cf.
649 2821 735 2861 Epp.
758 2823 855 2861 1164.

98 2877 150 2906 70,
170 2867 263 2896 1166.
281 2875 361 2905 9on.

140 2920 212 2947 241.
239 2908 398 2949 renudat]
413 2908 486 2939 The
502 2907 658 2939 classical
673 2909 860 2949 authority

95 2954 150 2982 for
169 2954 243 2984 this
259 2952 358 2983 word
380 2962 493 2983 seems
514 2954 550 2982 to
573 2952 612 2982 be
635 2962 720 2991 very
737 2953 855 2992 slight.

928 2648 991 2678 See
1008 2647 1213 2678 Forcellini.

972 2701 1046 2730 243.
1072 2691 1145 2731 fici]
1164 2690 1216 2720 Cf.
1235 2690 1296 2721 Ar.
1321 2692 1405 2721 Rem.
1435 2699 1539 2728 12473
1564 2689 1695 2729 quoted

929 2736 967 2765 in
992 2738 1097 2772 Aelaq.
1126 2735 1220 2772 1765,
1243 2733 1334 2764 with
1358 2733 1421 2765 the
1449 2733 1690 2773 explanation,

930 2778 1001 2809 ‘De
1049 2779 1093 2808 iis
1132 2778 1321 2808 dicebatur
1358 2778 1418 2816 qui
1458 2777 1695 2816 pertinaciter

926 2824 1092 2862 vrgerent
1116 2823 1390 2861 premerentque
1414 2821 1601 2860 negocium
1631 2820 1696 2849 ali-

927 2865 1020 2904 quod
1038 2877 1044 2896 :
1068 2866 1209 2904 sumpta
1226 2865 1468 2896 similitudine
1485 2874 1505 2894 a
1522 2864 1608 2902 ficis,
1630 2864 1695 2893 hoc

927 2912 981 2940 est
1009 2910 1098 2939 vitio
1122 2908 1216 2948 quod
1244 2909 1358 2939 oculis
1383 2908 1602 2944 adnascitur,
1631 2916 1695 2936 nec

928 2952 1032 2983 facile
1049 2954 1165 2992 potest
1182 2952 1291 2982 auelli
1308 2952 1409 2982 oculo
1427 2951 1601 2982 ineolumi
1613 2949 1633 2981 '.

1729 479 1791 501 210

1730 757 1790 789 215

1730 1029 1790 1051 220

1728 1297 1788 1329 225

1728 1571 1790 1602 230

1726 1843 1785 1875 235

1723 2117 1784 2150 240

1721 2393 1781 2424 245
