1990 3353
220 379 260 409 45

221 649 263 681 50

223 1182 266 1214 60

234 2004 249 2038 *Y

234 2276 274 2305 80

279 147 359 186 346
743 147 996 186 LETTERS
1035 147 1104 185 OF'
1141 147 1408 187 ERASMUS
1751 146 1880 201 [1520

335 255 498 294 Nomen
518 255 710 305 Episcopi
734 255 975 294 Leodiensis
996 256 1202 305 quomodo
1229 256 1463 294 admixtum
1488 256 1542 294 sit
1569 256 1752 295 demiror
1771 257 1879 307 apud

281 310 540 361 Lypsienses‚
563 309 635 360 qui
663 310 803 348 nescio
833 323 914 359 quo
944 310 1115 349 consilio
1144 310 1364 360 epistolam
1394 323 1587 349 arcanam
1615 311 1874 360 euulgarunt‚

280 378 376 403 cum
405 364 591 402 Basileae
620 377 706 402 non
735 363 858 402 fuerit
886 364 1089 403 additum.
1144 365 1256 404 Illud
1287 364 1553 403 verissimum
1582 366 1656 413 est,
1680 365 1745 403 illi
1774 366 1880 404 nihil

280 432 447 468 prorsus
474 431 658 468 vnquam
687 418 815 456 fuisse
842 419 902 456 rei
931 432 1027 456 cum
1056 419 1251 465 Luthero,
1283 418 1416 457 nihilo
1447 419 1579 468 magis
1609 432 1731 469 quam
1761 419 1878 458 mihi.

281 473 399 521 Quod
438 472 473 511 si
512 473 693 510 maxime
731 486 887 511 nomen
924 473 1071 511 fuisset
1102 473 1302 520 additum,
1341 486 1425 511 non
1459 473 1540 511 alio
1579 486 1702 512 sensu
1734 473 1882 512 fuisset

279 527 468 565 additum
489 540 612 576 quam
633 527 757 565 modo
777 540 870 565 sum
900 526 1207 577 interpretatus.
1268 527 1372 565 Eam
1399 527 1618 577 epistolam
1644 527 1882 577 scripsimus

280 581 409 619 ferme
428 585 523 619 ante
544 581 773 629 biennium,
791 583 831 619 et
850 594 916 620 res
938 582 1126 620 nondum
1141 582 1191 620 ad
1212 581 1318 620 hanc
1337 581 1604 620 acerbitatem
1620 584 1880 631 processerat,

280 639 320 674 et
336 636 386 674 ad
408 635 735 685 disputationem
758 638 845 673 erat
864 638 1144 685 prouocatum.
1205 636 1249 675 Si
1269 636 1487 686 quisquam
1509 636 1576 675 vel
1600 636 1711 674 inter
1736 637 1885 686 pocula

280 690 443 728 audiuit
457 703 524 728 me
540 689 715 728 Lutheri
726 690 918 740 dogmata
933 692 1134 740 tuentem,
1150 703 1235 729 non
1252 704 1436 728 recusem
1452 690 1589 729 vocari
1605 690 1882 728 Lutheranus.

281 745 341 783 At
361 757 443 782 non
463 744 627 794 impetii
646 757 738 782 meo
756 744 854 783 stilo
875 744 1102 783 hominem.
1164 745 1359 783 Primum
1385 745 1570 783 refellere
1589 757 1674 783 non
1698 747 1885 794 poteram

282 799 365 837 nisi
393 798 508 848 prius
538 799 664 836 semel
693 801 817 848 atque
846 798 998 837 iterum
1027 801 1186 837 attente
1220 799 1423 848 legissem.
1483 800 1551 837 Ad
1583 799 1625 837 id
1659 799 1767 837 mihi
1800 811 1885 837 non

283 856 370 891 erat
390 854 537 901 ocium,
562 853 655 903 plus
683 854 782 891 satis
813 855 1009 902 occupato
1040 854 1144 891 meis
1175 854 1338 891 studiis.
1396 853 1557 892 Deinde
1577 853 1770 891 videbam
1797 866 1886 891 rem

247 921 263 951 5
285 920 372 945 esse
392 920 515 956 supra
534 907 752 946 modulum
780 907 1030 945 eruditionis
1056 909 1098 945 et
1126 907 1283 956 ingenii
1312 908 1406 946 mei.
1467 908 1534 946 Ad
1564 907 1664 945 haec
1692 907 1885 946 nolebam

283 962 523 1000 Academiis
555 962 599 999 in
638 962 714 1000 hoc
750 962 958 1011 occupatis
995 975 1112 1000 suam
1151 962 1380 1011 praeripere
1419 962 1607 1011 gloriam.
1667 961 1886 1000 Postremo

284 1016 417 1054 metui
448 1018 509 1054 tot
540 1016 778 1065 potentium
807 1016 995 1054 virorum
1030 1016 1170 1054 odium
1206 1016 1249 1053 in
1282 1029 1349 1054 me
1383 1029 1613 1065 prouocare,
1646 1016 1887 1066 praesertim

285 1083 379 1108 cum
414 1084 537 1108 nemo
572 1071 809 1109 mandasset
841 1070 946 1108 hanc
975 1070 1247 1119 prouinciam.
1307 1070 1440 1118 Quare
1469 1071 1505 1108 si
1535 1071 1633 1120 quid
1667 1070 1790 1108 isthic
1820 1083 1888 1108 me

285 1125 595 1163 calumniantur
628 1124 831 1162 bonarum
864 1125 1077 1163 literarum
1108 1125 1259 1173 hostes,
1292 1124 1336 1162 in
1366 1127 1439 1163 tua
1467 1125 1687 1175 prudentia
1715 1137 1886 1174 meaque

285 1180 523 1217 innocentia
550 1178 655 1216 mihi
681 1182 841 1217 certum
871 1181 932 1217 est
961 1179 1228 1228 praesidium.
1288 1179 1382 1217 Non
1411 1193 1505 1217 sum
1536 1181 1621 1217 tam
1653 1179 1823 1217 demens
1843 1181 1888 1216 vt

286 1235 428 1271 contra
452 1246 667 1271 summum
688 1233 846 1273 Christi
866 1233 1069 1271 vicarium
1094 1234 1231 1271 ausim
1251 1233 1483 1282 quicquam,
1507 1235 1579 1283 qui
1611 1247 1663 1271 ne
1693 1233 1890 1283 peculiari

288 1288 457 1337 quidem
486 1288 677 1337 episcopo
705 1301 799 1325 meo
826 1288 954 1325 velim
983 1288 1201 1326 aduersari.
1261 1288 1355 1326 Non
1385 1300 1478 1325 sum
1508 1291 1594 1326 tam
1625 1288 1816 1336 ingratus
1845 1289 1891 1326 vt

285 1344 379 1380 tuae
400 1343 444 1380 in
465 1355 530 1380 me
552 1342 646 1392 plus
660 1354 785 1391 quam
806 1344 996 1391 paternae
1015 1342 1302 1392 indulgentiae
1322 1355 1405 1380 non
1427 1343 1673 1392 respondere
1692 1342 1886 1380 laborem.

286 1397 379 1435 Hoc
407 1410 550 1434 meum
581 1397 865 1446 qualecunque
895 1399 959 1434 est
991 1396 1266 1447 ingeniolum,
1297 1396 1455 1434 Christi
1487 1397 1641 1447 gloriae
1675 1397 1892 1446 gregisque

251 1466 266 1496 5
287 1451 511 1489 Christiani
538 1451 835 1500 tranquillitati
861 1450 1026 1489 seruiet.
1087 1451 1282 1501 Quisquis
1308 1451 1385 1488 erit
1412 1451 1537 1489 huius
1563 1451 1833 1499 aduersarius,
1856 1450 1893 1488 is

287 1508 328 1544 et
350 1518 466 1543 meus
486 1505 576 1543 erit.

345 1559 529 1598 Luthero
549 1573 600 1597 ne
616 1562 707 1598 tum
729 1559 897 1609 quidem
918 1559 1206 1608 patrocinabar
1231 1573 1326 1597 cum
1347 1561 1557 1609 vtcunque
1577 1559 1757 1597 liberum
1784 1559 1891 1596 esset

286 1615 434 1652 fauere.
494 1615 674 1652 Tantum
701 1614 931 1663 impetendi
957 1614 1130 1652 modum
1158 1614 1455 1662 improbabam,
1481 1627 1566 1652 non
1587 1614 1771 1651 Luthero
1802 1625 1892 1650 con-

287 1668 430 1707 sulens
449 1669 520 1706 sed
540 1667 752 1706 autoritati
774 1668 1074 1717 theologorum.
1131 1667 1335 1706 Videbam
1357 1681 1444 1705 rem
1464 1681 1515 1706 ex
1541 1668 1634 1706 odio
1654 1668 1892 1717 linguarum

287 1736 332 1761 ac
359 1723 572 1769 bonarum,
595 1724 642 1760 vt
661 1724 825 1766 vocant,
845 1723 1060 1761 literarum
1086 1725 1239 1760 natam.
1301 1722 1503 1765 Videbam
1531 1722 1689 1760 acerbis
1717 1721 1824 1759 odiis
1853 1728 1892 1758 et

289 1777 497 1816 seditiosis
529 1777 636 1826 apud
676 1777 877 1826 populum
909 1776 1159 1814 clamoribus
1194 1790 1281 1814 rem
1315 1777 1415 1827 geri,
1450 1777 1599 1826 quibus
1633 1776 1742 1814 nihil
1780 1775 1892 1813 aliud

290 1831 521 1870 efficiebant
542 1845 667 1880 quam
689 1833 733 1869 vt
763 1831 1034 1869 nobilitarent
1065 1844 1184 1880 opera
1213 1830 1402 1877 Lutheri,
1430 1834 1471 1869 et
1495 1831 1646 1880 vulgus
1672 1831 1893 1868 hominum

290 1887 340 1923 ad
370 1886 614 1924 auiditatem
642 1885 807 1934 legendi
835 1888 1116 1934 prouocarent.
1177 1884 1221 1922 Si
1251 1886 1366 1935 prius
1393 1885 1642 1923 refellissent
1663 1884 1893 1922 Lutherum

291 1942 331 1978 et
367 1940 519 1978 animis
557 1939 778 1978 hominum
812 1939 1072 1987 exemissent,
1110 1939 1258 1977 deinde
1292 1940 1419 1977 libros
1452 1940 1718 1986 exussissent,
1755 1940 1892 1976 totum

255 2007 271 2037 5
291 1993 523 2032 Lutherum
545 1994 648 2031 citra
668 1993 902 2032 tumultum
923 1994 1033 2031 orbis
1052 1993 1215 2031 abolere
1234 1996 1438 2043 poterant,
1462 1993 1667 2043 siquidem
1696 1993 1737 2030 id
1765 2005 1893 2030 mere-

292 2049 413 2087 batur
433 2049 542 2098 quod
563 2048 634 2086 isti
661 2048 909 2097 praedicant.
972 2048 1118 2086 Libera
1143 2061 1186 2085 ac
1218 2061 1414 2096 generosa
1443 2048 1611 2097 ingenia
1636 2047 1771 2085 doceri
1802 2059 1894 2096 gau-

292 2103 404 2149 dent,
428 2102 518 2152 cogi
538 2102 697 2140 nolunt.
760 2102 851 2140 Hoc
871 2102 1093 2140 consilium
1120 2115 1192 2151 pro
1212 2102 1416 2151 theologis
1443 2103 1641 2140 aduersus
1660 2101 1893 2140 Lutherum

291 2157 475 2204 faciebat,
498 2157 581 2195 nisi
601 2157 770 2206 quidam
790 2169 1005 2206 perperam
1026 2157 1410 2205 interpretarentur.

348 2212 623 2249 Decreueram
654 2211 850 2260 hyemare
873 2211 1038 2258 Romae,
1066 2211 1334 2248 consulturus
1363 2211 1407 2248 in
1437 2210 1537 2249 locis
1565 2210 1724 2259 aliquot
1752 2208 1893 2246 biblio-

294 2266 456 2304 thecam
481 2268 576 2304 tuae
602 2265 859 2312 sanctitatis,
894 2265 966 2303 sed
998 2265 1043 2302 hi
1075 2264 1307 2314 principum
1335 2277 1578 2313 congressus
1606 2277 1674 2301 me
1699 2261 1894 2301 remorati

293 2322 401 2358 sunt.
455 2319 506 2357 In
526 2319 758 2369 proximam
779 2320 973 2368 hyemem
993 2332 1111 2369 spero
1130 2332 1197 2356 me
1217 2319 1470 2358 adfuturum.
1523 2319 1564 2356 S.
1579 2319 1623 2357 T.
1642 2318 1895 2356 incolumem

294 2377 461 2412 tueatur
477 2374 668 2412 Christus
689 2373 780 2423 Opt.
806 2374 912 2412 Max.

349 2427 525 2466 Louanii
545 2428 606 2465 Id.
630 2428 835 2477 Septemb.
860 2430 985 2466 Anno
1007 2440 1162 2466 M.D.XX.

338 2542 390 2570 43.
419 2530 640 2570 Leodiensis]
670 2531 720 2561 Cf.
754 2532 841 2571 Epp.
874 2531 948 2569 980.
981 2532 1062 2570 3611,
1132 2530 1221 2560 with
1240 2529 1301 2560 the
1318 2530 1416 2559 work
1441 2528 1557 2559 which
1585 2528 1629 2558 he
1654 2526 1724 2557 had
1750 2536 1831 2556 now
1855 2526 1893 2555 in

300 2586 393 2613 1041.
416 2585 511 2613 22-3.
1131 2573 1229 2604 hand
1259 2572 1317 2613 (cf.
1353 2572 1416 2612 Ep.
1455 2574 1546 2610 1167.
1582 2573 1670 2609 1-4‘1·
1734 2570 1801 2600 For
1833 2569 1895 2599 the

340 2630 391 2657 44.
420 2618 648 2660 Lypsiensos]
674 2618 738 2648 See
762 2619 825 2657 Ep.
845 2618 1061 2657 948int10d.
1131 2617 1231 2648 third
1257 2616 1394 2647 edition
1421 2617 1458 2647 of
1487 2617 1549 2646 the
1579 2615 1665 2645 New
1689 2614 1895 2644 'l'estament

297 2663 369 2693 and
388 2662 430 2693 cf.
450 2662 512 2701 Ep.
536 2671 629 2693 1202.
649 2671 724 2692 200.
1131 2661 1211 2699 (Ep.
1239 2670 1329 2698 1174.
1354 2661 1433 2699 1511)
1464 2660 1508 2689 he
1532 2659 1669 2689 wished
1694 2661 1729 2688 to
1753 2666 1808 2687 see
1833 2655 1895 2686 the

340 2716 390 2744 49.
416 2706 528 2735 ferme
567 2708 650 2735 ante
683 2705 888 2746 biennium]
925 2705 979 2735 On
1018 2713 1061 2743 30
1131 2704 1247 2735 Codex
1264 2704 1458 2733 Vaticanus
1484 2702 1540 2742 (cf.
1560 2702 1646 2742 Epp.
1665 2710 1728 2740 373
1747 2699 1891 2735 inti-od„

301 2750 385 2788 May
406 2758 496 2788 1519.
530 2748 580 2779 Cf.
602 2749 623 2779 l.
645 2758 725 2787 25n.
1136 2750 1232 2785 1213)
1250 2758 1257 2785 ;
1281 2747 1353 2777 and
1370 2747 1414 2777 he
1433 2755 1514 2785 may
1531 2746 1620 2776 have
1638 2744 1803 2783 thought,
1823 2745 1891 2782 too,

340 2803 392 2831 51.
421 2791 667 2832 Luthcranus]
687 2792 738 2823 Cf.
759 2792 821 2831 Ep.
847 2792 938 2821 1162.
960 2801 1062 2821 22211.
1132 2791 1169 2821 of
1184 2800 1253 2821 mss.
1269 2790 1308 2820 of
1328 2791 1528 2829 Augustine
1554 2789 1610 2830 (cf.
1631 2789 1691 2828 Ep.
1717 2797 1807 2825 1144.
1828 2790 1895 2824 71).

341 2837 392 2875 56.
420 2835 639 2875 Academiis]
658 2835 709 2867 Cf.
730 2836 793 2874 Ep.
816 2845 908 2874 1033.
928 2844 1028 2873 25511.
1133 2835 1203 2864 But
1222 2835 1412 2864 whenever
1428 2834 1474 2863 he
1499 2843 1570 2863 was
1594 2833 1746 2870 turning
1768 2830 1891 2868 South,

343 2890 394 2918 74.
422 2878 655 2917 exussissent]
673 2879 736 2909 See
756 2879 818 2918 Ep.
842 2888 932 2917 1¹57·
948 2880 1011 2910 611,
1134 2878 1230 2917 Italy
1252 2887 1349 2907 came
1383 2877 1459 2907 into
1491 2876 1548 2906 his
1580 2876 1692 2906 view:
1716 2883 1772 2904 see
1806 2873 1892 2912 Epp.

343 2924 392 2961 76.
419 2932 584 2961 generosa
609 2921 766 2963 ingenia]
794 2922 844 2952 Cf.
878 2923 940 2961 Ep.
971 2930 1062 2960 1153.
1133 2931 1207 2959 300.
1228 2931 1305 2959 4011,
1326 2930 1400 2959 333.
1419 2930 1537 2959 30-34‚
1562 2929 1636 2958 334.
1662 2928 1704 2957 32
1728 2926 1812 2956 scq.,
1833 2925 1897 2954 770

302 2975 400 3005 15211.
1134 2964 1279 3003 intret-L,
1302 2973 1373 3002 775.
1394 2974 1424 3002 3,
1443 2964 1512 3001 &c.‚
1536 2964 1626 3001 1236.
1650 2961 1786 3000 179—82.

343 3021 395 3049 79.
420 3008 565 3050 Romae]
581 3008 729 3039 Besides
742 3008 844 3038 other
858 3010 1067 3038 atti-actions
1179 3009 1230 3038 80.
1257 3006 1477 3046 congressus]
1496 3006 1537 3036 cf.
1556 3007 1617 3045 Ep.
1641 3006 1734 3035 1106.
1751 3013 1832 3043 9311.

302 3054 362 3083 tho
381 3054 524 3093 present
538 3053 621 3092 plan
635 3062 706 3082 was
726 3052 761 3082 in
777 3053 855 3091 part
871 3051 1066 3082 connected
1180 3052 1232 3081 81.
1260 3052 1292 3081 S.
1312 3050 1364 3091 T]
1384 3051 1612 3080 sanctitatem
1631 3051 1742 3079 tuam.
