1990 3353
305 131 357 169 94
774 127 1023 167 LETTERS
1062 127 1132 165 OF
1171 126 1436 165 ERASMUS
1781 120 1906 176 [1519

305 239 370 278 vel
397 240 593 287 adim-ato,
624 239 658 277 si
682 238 854 276 videtur.
916 238 1029 277 Illud
1056 238 1338 277 certissimum
1365 239 1438 285 est,
1463 237 1596 275 Leum
1623 249 1718 274 suas
1739 235 1907 275 naenias

306 308 389 333 non
424 295 622 343 perpetuo
656 306 908 343 pressurum.
969 292 1061 331 Hoc
1094 293 1189 343 agit,
1221 294 1267 331 vt
1296 305 1399 341 opus
1428 292 1547 329 aedat
1576 290 1834 338 instructius,
1865 291 1907 327 et

306 352 448 387 tamen
472 348 643 386 interim
665 347 789 385 iactat
812 347 968 397 passim
994 360 1037 385 se
1061 347 1101 385 id
1131 347 1226 385 dare
1251 346 1479 384 amicorum
1505 345 1715 384 voluntati
1735 356 1907 394 meoque

306 403 467 449 honori,
505 401 614 452 quod
648 401 810 450 premit.
872 401 989 449 Quod
1024 401 1057 439 si
1093 415 1159 439 me
1193 401 1281 440 vita
1313 401 1457 439 functo
1490 400 1647 438 librum
1687 398 1905 447 euulgarit,

248 470 286 502 35
305 457 520 506 vtriusque
541 456 720 494 deterior
739 455 818 493 erit
837 455 1029 494 conditio.
1084 455 1192 494 Nam
1213 468 1345 504 neque
1365 468 1434 492 me
1453 454 1614 492 docebit
1634 455 1705 492 aut
1720 451 1906 502 corriget,

306 514 347 550 et
373 512 496 560 longe
523 510 705 548 odiosius
730 509 795 547 illi
822 510 1141 559 respondebitur
1167 523 1292 559 quam
1313 508 1348 547 si
1368 508 1457 558 ipse
1477 509 1754 559 respondeam.
1817 506 1910 544 Hac

309 566 438 615 igitur
457 565 502 602 in
522 578 576 611 re,
601 567 641 602 te
661 576 823 613 quaeso,
841 563 903 602 fac
923 564 1112 614 experiar
1131 564 1321 602 animum
1342 563 1464 601 illum
1484 562 1530 600 in
1546 576 1613 601 me
1633 564 1766 609 tuum,
1785 573 1910 611 quem

308 633 470 668 semper
488 631 582 668 prae
602 620 642 656 te
662 617 809 657 tulisti.

363 674 476 712 Haec
497 673 642 723 scripsi
663 686 853 710 moerens
872 672 924 711 ob
940 672 1073 711 Coleti
1092 673 1315 718 decessum,
1333 671 1404 720 qui
1424 670 1530 709 mihi
1550 672 1637 708 tam
1657 669 1828 708 acerbus
1847 670 1910 707 est

248 741 290 771 40
309 731 354 766 vt
373 727 441 766 his
461 727 634 777 triginta
657 727 779 765 annis
808 727 966 765 nullius
994 726 1179 765 hominis
1209 739 1322 764 mors
1349 738 1416 763 me
1443 724 1700 763 discruciarit
1729 723 1909 773 grauius.

312 782 404 821 Scio
435 782 541 820 bene
571 783 711 819 actum
745 794 840 820 cum
870 781 956 829 illo,
989 781 1061 831 qui
1091 782 1308 830 exemptus
1339 780 1391 818 ab
1420 779 1498 817 hoc
1533 778 1729 817 scelerato
1758 779 1912 827 pariter

309 839 434 886 atque
455 849 676 874 erumnoso
703 835 838 874 seculo
864 836 1054 874 cominus
1073 835 1229 874 fruitur
1258 848 1332 872 suo
1353 834 1533 881 Christo,
1558 846 1683 882 quem
1702 832 1824 870 viuus
1853 832 1911 870 sic

310 891 539 930 deamabat.
598 890 658 928 At
684 903 759 940 ego
779 890 945 940 publico
972 890 1141 928 nomine
1168 902 1252 928 non
1279 901 1450 937 possum
1477 901 1563 926 non
1587 886 1800 936 deplorare
1823 888 1913 924 tam

310 958 451 985 rarum
486 944 746 983 Christianae
786 943 954 994 pietatis
987 943 1211 993 exemplar,
1242 945 1330 980 tam
1364 942 1616 992 singularem
1651 940 1914 980 Christianae

249 1011 289 1042 45
310 999 518 1038 doctrinae
545 1011 791 1048 preconem,
821 998 1020 1047 priuatim
1049 1000 1190 1037 autem
1218 1010 1312 1035 meo
1341 997 1512 1034 nomine
1540 998 1629 1034 tam
1653 996 1914 1034 constantem

310 1054 491 1093 amicum
521 1055 690 1103 tamque
718 1052 1088 1102 incomparabilem
1118 1054 1351 1102 patronum.
1414 1050 1532 1099 Quod
1552 1062 1686 1088 vnum
1714 1050 1912 1099 superest,

312 1110 390 1147 hoc
422 1108 485 1146 illi
524 1107 803 1157 parentalium
834 1107 925 1145 vice
963 1106 1197 1156 persoluam
1236 1105 1380 1144 officii:
1430 1104 1467 1143 si
1501 1104 1600 1154 quid
1634 1116 1727 1142 mea
1760 1102 1914 1152 scripta

311 1162 523 1207 valebunt,
546 1175 631 1199 non
651 1162 788 1200 sinam
808 1161 897 1200 eius
917 1161 999 1199 viri
1016 1160 1264 1199 memoriam
1283 1160 1392 1209 apud
1413 1161 1598 1209 posteros
1618 1158 1847 1196 intermori.

365 1218 461 1255 Dux
480 1216 680 1254 saxoniae
701 1215 935 1254 Fridericus
955 1215 1019 1253 bis
1039 1215 1090 1253 ad
1105 1227 1172 1253 me
1191 1214 1367 1263 scripsit,
1383 1214 1518 1252 eidem
1532 1225 1647 1251 meae
1662 1212 1915 1262 respondens

253 1288 293 1318 50
311 1271 531 1322 epistolae.
561 1270 686 1308 huius
705 1270 830 1308 vnius
850 1269 1055 1320 praesidio
1075 1268 1265 1308 substitit
1285 1268 1506 1307 Lutherus.
1559 1267 1609 1306 Id
1629 1267 1687 1306 ait
1707 1280 1751 1305 se
1770 1278 1914 1304 causae

313 1326 471 1364 dedisse
497 1325 636 1363 verius
664 1338 789 1374 quam
815 1337 1025 1374 personae.
1086 1323 1219 1362 Addit
1246 1336 1331 1361 non
1358 1322 1678 1361 commissurum
1698 1334 1785 1360 sese
1804 1320 1882 1359 vt
1870 1333 1914 1358 m

312 1393 387 1418 sua
411 1379 570 1418 ditione
597 1379 853 1428 opprimatur
877 1378 1116 1417 innocentia
1141 1391 1284 1416 eorum
1313 1377 1477 1415 malicia
1504 1376 1575 1425 qui
1603 1389 1678 1414 sua
1698 1376 1912 1425 quam-‚unt

313 1448 397 1473 non
437 1446 540 1483 quae
578 1433 674 1471 Iesu
709 1433 880 1472 Christi
941 1433 1010 1471 Ab
1044 1432 1241 1470 omnibus
1274 1431 1461 1469 delatum
1493 1430 1719 1480 impelium
1754 1429 1916 1479 ingenti

312 1490 453 1527 animo
473 1488 689 1535 recusauit,
712 1487 834 1537 idque
853 1487 984 1538 pridie
1004 1500 1129 1549 quam
1149 1486 1228 1525 Cai
1231 1486 1323 1524 olus
1342 1486 1590 1535 eligeretur.
1619 1484 1682 1522 cui
1701 1495 1918 1533 nunquam

255 1554 294 1585 55
315 1542 554 1592 contigisset
583 1542 748 1591 imperii
778 1541 938 1589 titulus,
972 1541 1052 1579 nisi
1083 1541 1316 1579 Fridericus
1346 1540 1585 1589 deprecatus
1618 1540 1736 1585 esset,
1768 1537 1918 1576 clarior

315 1598 469 1636 honore
503 1598 743 1646 contempto
773 1609 898 1646 quam
925 1596 1072 1634 fuisset
1099 1595 1255 1645 adepto.
1316 1595 1412 1633 Mox
1441 1595 1608 1642 rogatus
1636 1605 1759 1643 quem
1789 1591 1918 1642 igit-ur

317 1653 500 1690 censeret
520 1651 769 1700 eligendum,
794 1650 963 1700 negauit
982 1650 1064 1688 sibi
1085 1662 1321 1699 quenquam
1342 1649 1471 1686 alium
1492 1648 1627 1691 videri
1649 1646 1760 1686 tanti
1786 1645 1917 1685 nomi-

316 1706 382 1744 nis
416 1705 531 1744 oneii
564 1705 808 1744 sustinendo
846 1717 987 1754 parem
1026 1717 1149 1754 quam
1189 1704 1395 1742 Carolum.
1456 1702 1518 1741 Ob
1556 1702 1669 1740 hunc
1706 1701 1917 1750 insignem

317 1760 508 1798 animum
528 1773 552 1798 a
571 1760 727 1798 nostris
746 1760 883 1798 oblata
902 1759 1078 1809 triginta
1096 1758 1237 1796 floren.
1258 1757 1377 1796 milia
1400 1756 1735 1795 constantissime
1761 1754 1914 1793 reiecit.

256 1822 298 1852 60
316 1816 503 1864 Cumque
536 1816 752 1863 vrgeretur
783 1816 830 1851 vt
864 1814 1013 1852 saltem
1046 1813 1187 1851 decem
1221 1811 1340 1850 milia
1371 1813 1579 1861 pateretur
1612 1810 1702 1848 dari
1735 1809 1916 1855 famulis,

319 1869 583 1918 ‘Accipiant’
603 1868 769 1918 inquit
783 1868 819 1905 si
844 1868 1002 1914 velint3
1032 1869 1216 1905 attamen
1241 1879 1363 1904 nemo
1383 1865 1570 1904 manebit
1590 1864 1789 1914 postridie
1809 1863 1918 1912 apud

318 1936 385 1961 me
405 1924 475 1974 qui
495 1922 561 1961 vel
581 1936 655 1960 aur
657 1936 754 1960 eum
773 1922 995 1972 acceperit'
1012 1936 1021 1960 ε
1050 1935 1095 1960 ac
1111 1921 1312 1971 postridie
1331 1919 1568 1958 conscensis
1588 1919 1706 1969 equis
1720 1917 1919 1956 subduxit

318 1991 416 2025 sese,
441 1991 492 2015 ne
512 1990 655 2026 perger
657 1978 728 2015 ent
747 1989 836 2015 esse
855 1976 1031 2015 molesti.
1073 1975 1166 2014 Hoc
1186 1975 1293 2013 mihi
1312 1977 1360 2013 vt
1378 1974 1759 2024 compertissimum
1775 1971 1919 2010 retulit

318 2032 549 2082 Episcopus
568 2030 820 2079 Leodiensis,
844 2031 916 2081 qui
936 2030 1126 2071 Comitiis
1145 2029 1442 2079 Imperialibus
1461 2028 1664 2066 interfuit.

259 2092 277 2122 6
282 2102 298 2132 5
372 2087 467 2124 Dux
482 2085 586 2123 Vuir
588 2085 874 2135 tenbergensis
889 2098 1023 2135 nuper
1038 2098 1086 2134 p1
1088 2084 1281 2134 ofligatus
1296 2083 1455 2122 bellum
1466 2082 1730 2131 redintegrat,
1746 2080 1919 2130 receptis

318 2141 476 2190 aliquot
509 2139 728 2190 oppidulis.
788 2140 874 2178 Nos
907 2139 1100 2178 Carolum
1134 2141 1325 2177 nostrum
1364 2137 1552 2187 proximo
1591 2150 1686 2175 vere
1725 2136 1918 2174 reducem

319 2195 528 2245 operimur
561 2208 611 2232 ex
644 2193 872 2243 Hispaniis.
933 2194 1048 2232 Bene
1078 2193 1182 2239 vale,
1216 2193 1263 2231 R.
1296 2191 1479 2239 Praesul,
1511 2193 1552 2229 et
1584 2191 1808 2229 Erasmum
1841 2189 1919 2228 hoc

318 2250 444 2287 etiam
465 2248 598 2297 magis
617 2249 878 2297 amplectere,
902 2248 1011 2298 quod
1032 2247 1201 2286 Coletus
1220 2247 1393 2285 auulsus
1413 2246 1677 2284 dimidiatum
1698 2244 1877 2294 reliquit.

374 2303 551 2342 Louanii
572 2303 703 2352 pridie
722 2303 848 2341 lucae.
909 2304 1049 2340 Anno.
1072 2315 1114 2340 M.
1122 2313 1252 2340 1).X1x.

328 2433 341 2463 ἶ
363 2398 415 2428 31.
440 2398 520 2418 suas
536 2389 684 2418 naenias
700 2391 774 2419 add.
794 2390 836 2419 H.
985 2388 1037 2426 63.
1067 2386 1145 2418 Hoc
1163 2389 1216 2417 H:
1246 2385 1344 2416 Haec
1360 2388 1394 2416 F.
1545 2385 1597 2423 67.
1627 2384 1669 2415 R.
1687 2387 1733 2414 F:
1758 2392 1922 2414 reueren-

319 2443 331 2463 t
346 2432 465 2463 issime
486 2434 526 2463 H.

364 2505 416 2578 36.
444 2505 732 2589 respondebitur]
758 2539 809 2571 Cf.
830 2541 893 2580 Ep.
912 2541 987 2580 998.
1007 2540 1086 2570 66n.
1157 2542 1215 2574 111)
1235 2537 1339 2569 Duke
1362 2537 1490 2568 Ulrich
1512 2537 1585 2567 had
1605 2536 1735 2576 sought
1759 2535 1922 2567 external

364 2594 415 2623 47
441 2584 471 2614 si
502 2582 607 2624 quid]
640 2583 692 2614 Cf.
723 2583 825 2624 Verg.
849 2586 930 2615 Aen.
954 2594 985 2624 9.
1011 2584 1088 2622 446,
1153 2582 1213 2613 aid
1237 2582 1378 2622 against
1398 2581 1460 2611 the
1479 2581 1645 2611 Swabian
1669 2580 1818 2620 League.
1867 2579 1923 2611 On

322 2630 385 2660 Ov.
406 2630 452 2658 Tr.
474 2637 500 2657 1.
519 2628 549 2657 6.
568 2636 619 2666 35.
1158 2636 1197 2657 12
1210 2627 1300 2665 Aug.
1313 2625 1359 2655 he
1369 2625 1475 2664 again
1486 2624 1643 2655 invaded
1658 2623 1920 2663 Wurtemberg,

366 2681 416 2711 49.
446 2670 516 2711 bis]
541 2670 603 2709 Ep.
621 2672 695 2710 963,
711 2671 783 2701 and
794 2671 856 2702 the
867 2671 974 2702 letter
988 2671 1089 2701 there
1154 2669 1228 2700 and
1237 2668 1407 2709 captured
1417 2668 1597 2707 Stuttgart
1612 2677 1649 2706 15
1661 2668 1748 2707 Aug.
1789 2667 1923 2697 'rubin-

324 2713 531 2745 mentioned
548 2714 587 2744 in
605 2714 627 2746 l.
650 2723 663 2743 1
682 2724 690 2744 τ
707 2714 792 2745 both
806 2716 1010 2754 answering
1025 2714 1090 2754 Ep.
1155 2723 1222 2753 gen
1239 2712 1311 2743 and
1327 2711 1432 2742 other
1447 2713 1566 2742 towns
1581 2711 1627 2742 he
1643 2710 1751 2742 failed
1765 2711 1801 2741 to
1817 2709 1901 2741 take
1915 2721 1923 2749 ;

322 2767 395 2798 939.
1156 2757 1229 2787 and
1259 2756 1353 2787 after
1383 2755 1538 2786 decisivo
1574 2755 1694 2786 defeat
1724 2755 1761 2785 at
1790 2753 1923 2785 Unter-

366 2811 418 2841 54.
446 2800 640 2842 recusauit]
679 2799 730 2832 Cf.
771 2801 859 2841 Epp.
904 2811 997 2832 1001.
1036 2801 1090 2841 58,
1155 2800 1339 2831 turkheim
1368 2809 1405 2838 14
1429 2799 1515 2838 Oct„
1542 2798 1588 2829 he
1613 2808 1699 2829 once
1724 2807 1822 2828 more
1853 2795 1923 2827 fied

330 2855 362 2875 11
373 2855 421 2884 19.
440 2846 501 2874 6-1
510 2853 535 2875 1.
1155 2844 1247 2874 from
1259 2843 1318 2874 his
1329 2842 1459 2883 capital
1474 2851 1512 2881 15
1519 2842 1594 2873 Oct.
1618 2842 1682 2873 See
1692 2841 1738 2873 H.
1747 2841 1921 2878 Ulmann,

366 2890 419 2926 64.
446 2888 669 2929 Leodiensis]
683 2888 748 2919 See
761 2888 848 2928 Epp.
864 2889 927 2928 738
941 2888 1088 2927 introd.,
1154 2889 1251 2925 Fiae'nf
1260 2889 1357 2918 Jahre
1372 2888 1667 2924 wiirtemberyischer
1681 2887 1850 2916 Geschichte
1861 2893 1922 2914 un·

329 2932 418 2971 1038.
1156 2933 1322 2968 terHerzoq
1335 2932 1449 2969 Ulrich,
1466 2930 1559 2968 1867,
1572 2939 1632 2969 pp.
1649 2928 1787 2968 178-81,
1805 2928 1919 2968 196—9.

366 2976 418 3014 65.
445 2975 524 3005 Dux
542 2974 894 3016 Vuirtenbergensis]
912 2975 1017 3006 After
1033 2974 1092 3006 his
1198 2975 1253 3005 66.
1279 2972 1462 3014 reducem]
1481 2972 1548 3003 For
1560 2971 1716 3004 Charles'
1725 2972 1852 3003 return
1864 2980 1921 3002 see

324 3018 510 3059 expulsion
532 3020 623 3049 from
642 3019 826 3059 Tubingen
851 3019 908 3059 (cf.
930 3019 992 3058 Ep.
1011 3019 1085 3057 986.
1155 3017 1217 3058 Ep.
1240 3027 1330 3058 1079.
1349 3027 1415 3058 9¹13
1432 3016 1503 3047 and
1521 3016 1563 3047 cf.
1582 3016 1644 3056 Ep.
1667 3025 1758 3053 1004.
1783 3023 1879 3054 14511.
