1990 3353
321 147 402 186 220
787 147 1040 187 LETTERS
1080 149 1150 188 OF
1186 149 1451 188 ERASMUS

1792 149 1919 202 [1520

321 260 614 307 grammatum,
636 271 709 307 per
733 258 871 296 iocum
890 271 1090 297 excusans
1109 258 1198 297 eius
1219 258 1444 308 mendacia,
1469 260 1585 309 quasi
1605 273 1728 298 1101110
1749 260 1917 299 redierit

321 325 342 348 e
375 311 625 362 Chordigera
658 312 841 360 domum,
879 312 949 362 qui
982 326 1071 351 rem
1104 315 1151 352 vt
1184 315 1269 351 erat
1303 316 1418 363 gesta
1449 314 1610 352 doceret
1643 328 1752 363 eum,
1789 314 1917 353 adieci

322 365 498 415 dignum
517 366 645 404 fuisse
670 366 863 404 Brixium
888 366 959 416 qui
984 367 1130 406 fuisset
1156 367 1201 405 in
1226 367 1315 417 ipsa
1341 381 1458 416 naue,
1488 370 1534 406 vt
1560 369 1646 407 suis
1672 368 1804 407 oculis
1827 382 1915 407 rem

243 432 303 456 110
321 420 482 458 videret
512 433 636 470 quam
669 422 777 459 esset
806 420 1057 470 scripturus:
1098 435 1151 460 ne
1182 421 1232 459 ad
1269 435 1366 460 eum
1404 422 1578 460 modum
1617 425 1702 461 tam
1740 422 1918 472 turpiter

321 473 494 512 mentiri
520 476 743 524 cogeretur,
765 476 805 513 et
825 474 927 514 falsa
952 488 1025 524 pro
1045 475 1155 514 veris
1174 476 1462 514 commendare
1488 477 1743 516 memoriae?
1789 477 1918 516 Extra

321 528 397 566 hoc
423 541 555 567 vnum
581 530 718 567 certus
743 542 836 567 sum
865 529 973 568 nihil
1001 543 1185 580 vnquam
1214 532 1476 580 reperturum
1505 530 1709 579 Briximu,
1736 531 1781 569 in
1809 531 1915 582 quod

321 582 451 632 possit
471 582 639 620 tendere
658 583 789 621 vllam
808 583 875 622 vel
895 583 1080 622 dirarum
1100 585 1168 623 vel
1187 584 1457 622 execrationis
1477 585 1741 624 calumniam.

375 636 619 686 Quanquam
653 637 697 674 in
727 637 806 675 1100
835 636 926 687 ipso
955 640 1027 676 aut
1059 638 1339 676 calumniatur
1370 639 1542 689 egregie,
1577 642 1647 677 aut
1677 641 1786 678 certe
1819 639 1915 689 quid

243 705 302 737 115
321 691 534 739 execratio,
559 691 659 741 quid
680 691 792 729 dirae
810 691 1058 741 significent,
1080 693 1242 742 egregie
1264 705 1350 730 sese
1376 693 1553 731 declarat
1576 694 1767 732 inscium.
1827 693 1920 732 Erit

321 746 494 783 fortasse
517 745 590 794 qui
615 746 903 784 mordaculum
926 748 1043 795 putet
1069 746 1123 794 (et
1149 749 1291 785 tamen
1315 746 1428 785 idem
1457 748 1492 785 si
1518 747 1654 786 Brixii
1679 747 1919 798 expenderit

322 812 469 848 parum
489 799 797 850 Chordigeram,
819 813 939 850 spero
960 814 1046 839 non
1067 801 1284 839 difficulter
1298 801 1521 850 ignoscet):
1552 802 1828 840 execrationes
1847 804 1919 840 aut

323 853 435 892 diras
458 853 569 891 haud
596 867 695 892 sane
718 854 939 904 quisquam
966 855 1045 893 erit
1071 856 1143 905 qui
1167 857 1295 903 vocet,
1324 855 1394 905 qui
1423 855 1588 905 quidem
1617 856 1763 894 Latine
1792 856 1919 903 sciet;

323 910 465 957 vtpote
490 908 541 946 ad
569 921 670 958 quas
696 921 770 946 nec
796 908 902 947 illud
927 909 1095 958 quidem
1121 909 1323 948 Martialis
1349 912 1490 948 nostro
1516 912 1603 948 tam
1623 911 1742 960 longe
1764 910 1921 948 morda-

243 979 304 1002 120
323 961 410 1000 cius
423 962 578 1000 accedit
597 962 642 1000 in
661 963 926 1002 Theodorum
942 965 1092 1011 vatem,
1112 963 1255 1002 Brixio
1270 963 1355 1003 vati
1374 964 1545 1002 fortasse
1561 978 1645 1002 non
1658 964 1892 1003 absimilem
1910 978 1918 1001 :

323 1016 372 1054 de
402 1029 484 1066 quo
510 1018 630 1065 poeta
659 1029 857 1066 magnum
887 1017 1016 1056 fuisse
1047 1017 1209 1056 facinus
1239 1031 1286 1056 ac
1320 1018 1492 1057 deorum
1521 1019 1676 1057 crimen
1705 1019 1918 1064 exclamat,

324 1083 453 1120 quum
470 1070 674 1109 Theodori
691 1073 862 1121 penates
880 1071 991 1121 ignis
1010 1071 1256 1118 absumeret,

596 1142 692 1180 Non
719 1155 854 1181 arsere
883 1142 1011 1181 simul
1040 1142 1149 1193 quod
1180 1143 1328 1181 domus
1357 1145 1398 1181 et
1428 1143 1634 1183 dominus

326 1212 414 1262 Ego
433 1226 542 1261 vero,
570 1213 734 1251 etiamsi
763 1213 939 1263 dignum
965 1213 1065 1251 duxi
1085 1213 1276 1252 Brixium
1305 1214 1387 1263 qui,
1418 1227 1498 1263 quo
1525 1214 1655 1252 vitare
1676 1216 1763 1252 tam
1789 1214 1920 1264 impu-

245 1284 304 1315 1²5
325 1267 471 1305 denter
492 1267 726 1306 mentiendi
750 1268 1037 1306 necessitatem
1066 1270 1215 1317 posset,
1244 1267 1288 1305 in
1318 1268 1454 1306 media
1478 1268 1626 1306 fuisset
1647 1268 1920 1318 Chordigera:

325 1334 409 1359 non
430 1321 571 1370 optaui
585 1323 725 1360 tamen
745 1322 857 1360 istud
884 1322 935 1371 ei,
958 1335 1033 1360 1100
1057 1322 1199 1372 ignem
1223 1322 1472 1372 imprecatus
1492 1335 1597 1371 sum,
1621 1336 1745 1372 quem
1772 1323 1920 1373 effuge-

324 1376 423 1413 runt
442 1376 568 1414 etiam
587 1375 714 1414 multi
734 1377 808 1426 qui
825 1377 996 1416 fuerunt
1023 1376 1068 1414 in
1096 1390 1212 1416 naue.
1271 1377 1415 1426 Neque
1438 1377 1550 1414 enim
1579 1377 1751 1427 quisque
1777 1377 1922 1416 statim

324 1429 576 1479 imprecatur
599 1443 647 1468 ea
672 1430 851 1478 cuilibet,
883 1430 1034 1481 quibus
1062 1430 1185 1469 illum
1215 1434 1355 1469 censet
1383 1445 1428 1469 ac
1456 1433 1703 1481 pronunciat
1733 1432 1919 1481 dignum.

326 1483 433 1522 Nam
460 1485 500 1522 et
526 1484 706 1533 Brixius,
737 1486 894 1534 opinor,
922 1486 1033 1523 fures
1057 1485 1204 1535 dignos
1229 1485 1344 1524 ducit
1369 1486 1602 1534 suspendio,
1632 1486 1779 1535 dignos
1806 1485 1920 1524 ducit

246 1551 308 1582 130
326 1538 547 1587 adulteros,
578 1539 726 1588 dignos
751 1539 987 1578 hauddubie
1013 1539 1198 1589 periuros
1213 1554 1223 1587 ;
1252 1553 1275 1578 a
1295 1540 1445 1589 quibus
1466 1540 1574 1578 haud
1599 1541 1656 1578 ita
1682 1539 1828 1578 multis
1854 1540 1921 1577 ab·

327 1594 427 1630 sunt
456 1593 695 1642 parasangis
715 1594 957 1632 mendaces:
986 1607 1060 1632 nec
1081 1595 1231 1641 tamen,
1259 1607 1360 1642 reor,
1390 1594 1622 1643 vsqueadeo
1652 1593 1832 1632 immitis
1861 1596 1922 1632 est

326 1648 373 1684 vt
403 1646 456 1685 iis
482 1647 689 1691 omnibus,
715 1650 852 1686 tantae
881 1648 1080 1686 nimirum
1106 1648 1215 1698 palti
1241 1648 1492 1696 mor,talium
1521 1648 1648 1686 semel
1674 1649 1923 1698 imprecetur

327 1700 562 1740 interitum.
634 1702 752 1750 Quod
782 1702 869 1741 voti
897 1715 1029 1751 genus
1057 1704 1104 1740 vt
1133 1690 1559 1774 inclementissimutn
1592 1702 1728 1751 fuerit,
1757 1703 1815 1742 ita
1849 1715 1922 1741 nec

327 1755 406 1804 ipsi
427 1755 598 1794 fortasse
619 1756 762 1795 Brixio
782 1756 882 1795 satis
902 1759 1052 1795 tutum.

248 1822 306 1853 135
381 1809 441 1847 At
460 1812 622 1859 praeter
640 1810 744 1849 illud
764 1811 1018 1861 epigramma
1038 1813 1262 1860 supersunt
1281 1824 1444 1857 nouem,
1469 1824 1648 1860 quorum
1668 1811 1711 1848 111
1734 1810 1921 1860 primo—

328 1863 370 1901 id
400 1864 508 1913 quod
534 1864 660 1903 etiam
689 1878 833 1903 verum
860 1865 1181 1903 est—admoneo
1209 1865 1456 1914 simpliciter
1482 1865 1723 1914 ademptum
1749 1865 1801 1903 iri
1829 1865 1922 1904 scri-

328 1917 518 1966 ptoribus
537 1919 732 1957 omnibus
752 1919 890 1967 fidem,
906 1919 941 1956 si
960 1922 1195 1957 assuescant
1214 1919 1346 1968 ipsius
1369 1919 1557 1969 exemplo
1577 1933 1661 1957 non
1681 1933 1730 1958 ex
1750 1920 1831 1958 fide
1851 1920 1922 1958 sed

328 1985 378 2010 ex
398 1972 548 2010 affectu
566 1973 756 2011 scribere.
813 1973 985 2012 Duobus
1014 1974 1057 2011 in
1086 1973 1127 2012 id
1157 1974 1269 2021 ludo,
1293 1973 1400 2023 quod
1432 1974 1646 2012 Herueum
1671 1974 1810 2012 fecerit
1835 1976 1922 2012 tam

328 2027 559 2076 prodigiose
574 2030 843 2077 pugnantem.
886 2028 979 2066 Vno
995 2027 1152 2066 iocatus
1166 2040 1261 2066 sum
1276 2028 1319 2065 in
1340 2028 1472 2066 Brixii
1484 2031 1523 2065 et
1541 2028 1779 2066 iactantiam
1795 2028 1923 2067 simul

248 2093 311 2124 140
329 2082 370 2118 et
390 2080 716 2130 incogitantiam,
731 2082 802 2132 qui
822 2085 983 2132 praeter
1000 2082 1081 2120 alia
1100 2083 1235 2120 multa
1253 2095 1451 2131 perquam
1467 2082 1734 2120 vehementer
1748 2082 1924 2121 absurda

329 2135 498 2173 finxerit
519 2135 736 2174 Herueum
763 2137 812 2174 de
837 2137 926 2186 ipso
951 2136 1261 2184 vaticinantem,
1283 2137 1398 2175 velut
1419 2136 1588 2173 alumno
1609 2136 1780 2184 Phoebi,
1802 2139 1855 2185 et,
1878 2139 1924 2175 vt

329 2189 372 2227 id
406 2189 495 2227 fieri
528 2193 678 2239 posset,
715 2191 858 2228 fecerit
890 2190 1013 2229 illum
1043 2190 1087 2228 in
1121 2191 1267 2228 mediis
1294 2190 1473 2228 flammis
1504 2190 1575 2228 diu
1607 2191 1923 2229 concionantem

329 2245 529 2293 tanquam
559 2244 604 2282 in
633 2257 798 2283 summo
827 2245 936 2283 ocio:
974 2258 1096 2294 porro
1125 2245 1233 2294 quod
1264 2257 1359 2282 cum
1386 2244 1539 2282 seruati
1566 2244 1651 2283 sint
1677 2258 1726 2282 ex
1752 2247 1924 2295 vti-aque

330 2310 436 2335 naue
456 2298 593 2345 multi,
616 2299 951 2337 succurrentibus
970 2301 1207 2337 nostrorum
1226 2298 1429 2337 nauiculis
1447 2299 1617 2348 aliquot,
1640 2299 1711 2336 ille
1729 2299 1925 2338 maluerit

249 2364 307 2396 145
331 2353 546 2390 vniuersos
583 2366 750 2402 prorsus
788 2366 969 2401 exurere,
1011 2366 1135 2403 quam
1169 2353 1362 2391 relictum
1396 2366 1485 2391 esse
1516 2366 1753 2402 quenquam
1786 2366 1810 2391 a
1844 2367 1924 2403 quo

330 2406 463 2444 videri
490 2408 690 2455 potuisset
715 2408 922 2446 audiuisse
953 2420 1054 2457 quae
1080 2406 1288 2446 scriberet.
1345 2406 1439 2445 Vno
1463 2407 1586 2445 allusi
1611 2408 1659 2445 ad
1687 2419 1756 2445 eos
1781 2421 1925 2446 versus

332 2473 434 2508 quos
464 2461 631 2499 Brixius
659 2461 817 2499 effinxit
845 2462 889 2498 in
918 2461 1211 2510 cenotaphium
1240 2461 1407 2499 Heruei.
1467 2461 1639 2499 Duobus
1671 2462 1720 2499 ad
1752 2461 1794 2499 id
1828 2461 1921 2509 lusi,

332 2515 440 2563 quod
471 2515 641 2553 Brixius
665 2516 959 2565 Chordigeram
988 2528 1105 2553 suam
1131 2517 1318 2553 veterum
1347 2516 1562 2564 poetarum
1589 2516 1699 2553 furto
1726 2516 1924 2565 surreptis

332 2568 521 2606 versibus
540 2571 790 2607 exornasset.
831 2570 1004 2607 Duobus
1019 2570 1179 2607 ostendi
1198 2582 1265 2607 me
1280 2569 1434 2607 mentis
1451 2571 1491 2606 et
1511 2570 1669 2615 ingenii
1687 2569 1922 2618 plusculum

251 2635 314 2667 150
331 2622 375 2660 in
392 2622 645 2672 Chordigera
661 2636 755 2661 cum
775 2623 819 2662 in
834 2623 1076 2662 inuentione
1092 2636 1232 2661 rerum
1248 2625 1341 2661 tum
1361 2623 1405 2661 111
1420 2623 1689 2672 dispositione
1704 2624 1921 2674 requirere.

380 2781 450 2810 109.
478 2771 643 2811 dignum]
668 2774 776 2808 Epzqr.
794 2781 825 2810 p.
847 2782 919 2810 242.
938 2792 1002 2815 ”T-

379 2824 448 2854 119.
477 2802 670 2853 Martialis]
700 2824 747 2845 11.
768 2824 820 2854 93.
838 2825 907 2855 3,4
888 2827 918 2854 4.

379 2857 625 2898 135.110111·111]
649 2858 734 2888 This
758 2860 802 2897 fig
794 2869 867 2889 ure
892 2860 922 2890 is
943 2859 1094 2891 reached

336 2902 392 2942 (cf.
414 2902 434 2933 l.
454 2902 539 2941 5111)
564 2902 608 2940 by
632 2901 820 2941 including
843 2905 914 2933 two
939 2905 1094 2934 exn-acts

334 2948 423 2976 i'rom
441 2946 502 2975 the
519 2947 700 2983 Chordiyera
716 2956 722 2974 ε
747 2948 852 2983 Epz'yr.
873 2956 905 2985 p.
923 2956 997 2985 243.

381 2990 451 3028 138.
480 2987 680 3028 Heraeum]
706 2988 822 3018 Herw'·
847 2990 1097 3029 Portzmoguor

335 3042 373 3063 or
396 3033 625 3071 Portimoger,
653 3032 714 3062 the
738 3032 869 3063 Broton
896 3034 1037 3073 captain
1063 3034 1101 3064 of

1162 2771 1224 2802 tho
1248 2772 1328 2811 ship
1351 2772 1576 2811 Chordigera,
1596 2773 1677 2803 who
1702 2775 1731 2804 is
1755 2773 1816 2804 the
1841 2773 1926 2804 hero

1163 2816 1200 2846 of
1224 2815 1379 2846 Brixius'
1408 2825 1511 2855 poem
1542 2817 1623 2856 (Ep.
1653 2826 1725 2847 212.
1757 2816 1827 2857 111),
1855 2817 1925 2847 and

1163 2859 1243 2889 who
1259 2859 1425 2898 perished
1448 2861 1487 2890 in
1510 2860 1571 2890 the
1592 2861 1710 2890 action
1727 2860 1765 2890 of
1782 2870 1821 2891 10
1836 2860 1925 2900 Aug.

1168 2911 1260 2940 1512.
1319 2903 1483 2933 Another
1521 2904 1793 2943 contemporary
1831 2906 1922 2943 poet,

1166 2945 1347 2976 Humbcrt
1388 2946 1430 2976 de
1470 2946 1697 2984 Montmorot,
1729 2946 1926 2978 celebrated

1164 2989 1241 3019 him
1269 2989 1356 3019 with
1387 3000 1406 3019 a
1434 2992 1573 3028 Heraeis,
1606 2990 1714 3030 Paris,
1742 3000 1766 3021 s.
1785 3000 1814 3022 α.
1863 2990 1927 3021 Sec

1164 3033 1272 3063 NBG.
1289 3033 1335 3063 xl.
1355 3034 1430 3071 870.
