1990 3353
316 151 395 190 190
782 149 1035 188 LETTERS
1074 149 1143 189 OF
1183 149 1449 190 ERASMUS
1791 148 1919 203 [15ffi

315 260 459 307 Roma,
482 272 563 309 qua
592 273 674 297 non
703 259 783 297 alia
812 258 1003 308 pluribus
1031 257 1217 296 abundat
1246 259 1513 306 ornamentis,
1541 261 1685 298 tamen
1713 262 1755 298 et
1783 260 1920 299 Cardi-

317 314 434 353 nales
453 316 497 352 et
517 326 708 352 summus
727 313 816 363 ipse
833 312 1029 351 Pontifex
1048 312 1226 350 summis
1241 314 1333 350 tum
1350 313 1564 352 fauoribus
1583 317 1675 352 tum
1691 314 1919 353 honoribus

316 370 673 418 prosequerentur,
697 370 738 405 et
767 367 1058 405 ornatissimae
1086 366 1249 404 ciuitati
1277 379 1363 404 non
1392 367 1597 416 mediocre
1618 369 1741 406 decus
1769 369 1919 408 iudica-

317 425 412 461 rent
432 422 631 461 accedere.
674 423 732 460 At
752 421 823 459 isti
843 434 932 459 rem
952 423 993 459 et
1013 420 1254 458 munificam
1269 422 1311 458 et
1329 420 1380 459 ad
1398 423 1485 459 tam
1501 422 1713 471 insignem
1731 423 1920 462 omnium

258 484 299 519 70
317 477 555 525 vtilitatem‚
578 476 628 514 ad
649 478 734 514 tam
762 475 912 525 ingens
941 476 1234 513 ornamentum
1261 477 1301 513 et
1323 475 1536 525 Principis
1563 480 1605 514 et
1636 477 1764 515 totius
1794 477 1922 515 huius

318 530 494 570 ditionis
514 532 712 579 paratam,
735 531 792 568 sic
815 529 1124 576 abominantur,
1149 528 1208 567 sic
1229 528 1412 577 horrent,
1435 531 1483 568 vt
1509 530 1610 568 olim
1632 530 1809 569 Romani
1836 544 1921 569 non

317 598 446 634 aeque
465 584 732 622 formidarint
751 583 893 622 Gallos
911 583 1015 621 vrbe
1034 583 1117 621 iam
1137 585 1255 632 capta
1275 583 1479 633 Capitolio
1498 584 1753 623 insidiantes.
1790 585 1922 635 Magis

317 642 459 677 autem
479 638 710 688 indigneris
730 638 766 676 si
785 638 887 676 scias
908 637 1033 676 huius
1048 639 1134 676 tam
1151 637 1366 686 pudendae
1383 638 1544 677 fabulae
1559 641 1645 677 tres
1660 642 1731 677 aut
1747 641 1922 688 quatuor

319 707 406 732 esse
435 693 698 743 coryphaeos,
731 695 819 731 tam
857 692 1009 730 stolide
1043 691 1234 740 stupidos
1263 693 1309 729 vt
1342 692 1535 742 indignos
1568 693 1826 732 iudicaturus
1863 693 1922 732 sis

260 757 298 791 75
318 747 469 798 quibus
488 747 622 786 caules
642 749 736 785 tuos
757 746 962 785 curandos
983 747 1176 784 crederes.
1220 745 1273 783 Et
1292 748 1436 784 tamen
1450 747 1629 785 vincunt
1648 747 1919 797 impudentia,

318 801 585 851 improbitate
614 804 655 839 et
684 802 823 840 nescio
853 814 934 850 quo
965 814 1074 838 nouo
1105 799 1390 849 syncretismo.
1451 801 1571 849 Quod
1600 802 1635 840 si
1664 802 1708 840 hi
1738 802 1918 851 sapiunt,

318 856 473 895 insanit
507 856 595 894 Rex
626 857 772 903 vester,
811 855 883 905 qui
917 867 992 893 sua
1025 854 1314 892 munificentia
1347 854 1541 893 conducit
1573 857 1646 906 qui
1679 856 1921 906 linguarum

318 910 572 960 professione
606 912 754 948 ornent
787 922 962 959 regnum
995 909 1253 955 Galliarum3
1300 909 1456 947 insanit
1492 909 1578 948 Leo
1617 910 1813 957 decimus,
1851 909 1923 960 qui

318 965 448 1003 tantis
478 964 705 1013 impendiis
738 964 908 1002 accersit
939 964 983 1001 in
1012 963 1156 1001 vrbem
1188 975 1307 1001 suam
1336 964 1408 1012 qui
1441 963 1607 1014 linguas
1635 978 1680 1002 ac
1710 964 1923 1014 politiores

259 1026 301 1057 80
319 1020 492 1058 doceant
528 1018 693 1066 literas;
734 1018 891 1056 insanit
923 1031 1019 1055 cum
1058 1017 1153 1055 aliis
1185 1016 1419 1056 innumeris
1452 1018 1634 1067 Angliae
1668 1019 1772 1066 Rex,
1805 1018 1923 1057 cuius

318 1073 554 1123 benignitas
573 1073 727 1112 inuitat
745 1072 896 1110 harum
916 1085 1056 1110 rerum
1077 1071 1327 1121 professores
1346 1072 1390 1110 in
1406 1073 1623 1123 vtramque
1638 1085 1734 1111 suae
1749 1072 1922 1111 ditionis

319 1127 600 1167 Academiam.

374 1182 531 1231 Opiuor
569 1184 608 1219 te
638 1180 791 1219 vidisse
823 1180 1089 1230 Farraginem
1124 1179 1416 1229 Epistolarum,
1449 1181 1521 1219 sed
1555 1180 1922 1231 indiligentissime

319 1236 510 1274 aeditam.
569 1235 731 1273 Rursus
749 1234 972 1285 efflagitant
993 1237 1040 1272 vt
1061 1235 1272 1284 exemplar
1292 1234 1551 1284 recognitum
1575 1236 1752 1274 mittam.
1814 1235 1921 1274 Nam

260 1295 278 1326 8
283 1305 300 1335 5
320 1290 457 1329 subito
478 1290 673 1329 distracta
692 1291 792 1328 sunt
808 1289 1068 1338 exemplaria,
1091 1291 1137 1327 vt
1156 1301 1276 1338 saepe
1295 1289 1476 1327 maxime
1495 1289 1718 1328 vendibilis
1737 1292 1800 1328 est
1819 1290 1925 1328 liber

320 1346 537 1394 pessimus.
599 1344 642 1382 Si
663 1344 761 1394 quid
789 1343 990 1382 iudicabis
1018 1343 1299 1381 omittendum
1328 1345 1399 1382 aut
1428 1344 1691 1390 mutandum,
1718 1344 1922 1383 admone:

321 1412 419 1437 nam
438 1399 488 1437 ad
510 1412 605 1437 eum
625 1398 810 1437 laborem
831 1411 945 1436 nunc
966 1410 1088 1446 cogor
1108 1397 1277 1447 accingi.

375 1453 468 1491 Iam
499 1455 664 1502 portum
696 1453 904 1501 optabam,
938 1452 1072 1490 lassus
1110 1451 1352 1490 huiusmodi
1391 1452 1696 1502 sycophanticis
1730 1452 1924 1502 digladia-

320 1508 517 1546 tionibus.
589 1507 669 1545 Sed
703 1507 824 1545 audio
855 1506 960 1544 libro
993 1506 1181 1544 Lutetiae
1212 1506 1348 1545 aedito
1382 1520 1450 1545 me
1483 1507 1621 1556 palam
1659 1507 1841 1545 reuocari
1878 1507 1925 1545 in

262 1575 304 1608 90
321 1562 531 1600 harenam.
592 1561 785 1600 Primum
813 1560 919 1599 illud
947 1562 992 1598 in
1021 1561 1131 1599 votis
1159 1563 1256 1605 erat,
1288 1574 1353 1599 me
1383 1563 1545 1610 accepta
1572 1562 1674 1599 rude
1708 1560 1753 1599 in
1787 1562 1925 1600 ocium

323 1616 522 1664 secedere,
546 1616 783 1665 proximum
805 1617 852 1654 vt
871 1614 977 1653 mihi
997 1615 1255 1664 contingeret
1274 1615 1474 1654 honestus
1494 1615 1780 1665 antagonista:
1813 1629 1925 1654 nunc

323 1670 358 1709 is
378 1670 552 1719 contigit
573 1670 623 1707 de
645 1670 762 1708 cuius
779 1670 946 1718 ingenio
968 1682 1054 1707 non
1073 1668 1175 1707 libet
1196 1669 1449 1707 meminisse.

377 1724 579 1763 Maiorem
608 1723 654 1762 in
683 1724 855 1762 modum
883 1725 924 1761 te
950 1737 1048 1772 rogo
1068 1725 1114 1761 vt
1135 1723 1311 1761 Deloino
1343 1726 1381 1762 et
1404 1724 1537 1774 Ruseo
1570 1723 1750 1762 multam
1779 1738 1829 1762 ex
1857 1737 1924 1762 me

324 1778 502 1818 salutem
532 1779 652 1825 dicas,
683 1780 725 1816 et
755 1778 790 1816 si
820 1777 919 1828 quid
949 1777 1096 1815 offensi
1125 1780 1235 1825 sunt,
1267 1791 1337 1816 eos
1365 1778 1469 1816 mihi
1500 1778 1762 1817 reconcilies:
1800 1792 1925 1828 quan-

264 1848 303 1880 95
325 1846 451 1883 quam
479 1833 658 1872 arbitror
686 1832 795 1870 nihil
825 1845 938 1882 opus.
998 1832 1109 1869 Bene
1138 1832 1229 1869 vale
1263 1844 1360 1870 cum
1394 1832 1480 1871 tuis
1513 1832 1718 1880 omnibus,
1755 1835 1925 1882 patrone

324 1900 477 1937 magne
497 1890 537 1925 et
556 1887 686 1925 amice
706 1886 1052 1935 incomparabilis.

379 1941 557 1980 Louanii
577 1941 661 1979 xiii.
686 1941 770 1980 Gal.
793 1941 911 1979 Mart.
971 1943 1110 1979 Anno.
1136 1953 1315 1979 M.D.X1x.

729 2121 854 2161 1067.
919 2119 953 2160 F
958 2129 1051 2160 RoM
1082 2118 1235 2159 ‚JAMES
1267 2118 1588 2160 erFELIxe.

374 2221 528 2267 Leipzig
544 2221 624 2256 MS.
1559 2221 1820 2258 Schlettstadt.

375 2278 449 2315 EE.
475 2290 505 2316 1.
1510 2289 1552 2324 19
1569 2279 1760 2325 February
1782 2290 1881 2325 1520.

374 2371 447 2412 [An
473 2371 627 2411 original
651 2371 768 2409 letter,
785 2371 983 2411 autograph
1008 2371 1251 2410 throughout:
1277 2371 1338 2401 the
1362 2370 1507 2401 earliest
1532 2372 1571 2401 in
1596 2371 1657 2401 the
1681 2372 1779 2411 great
1802 2370 1927 2401 collec-

329 2416 405 2445 tion
440 2416 476 2445 at
499 2415 644 2454 Leipzig
673 2415 888 2454 University
919 2415 1068 2453 Library
1101 2414 1187 2455 (MS.
1218 2417 1357 2454 0331111),
1388 2415 1508 2444 which
1535 2424 1607 2445 was
1629 2416 1711 2446 first
1736 2414 1857 2445 edited
1882 2415 1929 2454 by

328 2459 401 2489 J.F.
418 2459 646 2489 Burscherin
662 2458 720 2489 his
737 2461 916 2498 Sfficileyla,
930 2458 1134 2497 1784-1802,
1153 2457 1225 2488 and
1244 2458 1332 2488 then
1350 2458 1397 2497 by
1411 2458 1647 2489 Forstemann
1665 2458 1735 2489 and
1748 2458 1925 2498 Giinther,

372 2585 424 2615 71.
450 2579 500 2607 N:
525 2577 786 2617 abominamur,
807 2578 855 2608 sic
873 2578 1059 2608 horremus
1074 2580 1110 2608 F.
1275 2586 1326 2616 75.
1352 2575 1530 2607 cauletum
1547 2578 1649 2606 tuum
1666 2576 1868 2607 curandum
1882 2578 1924 2607 H.

330 2629 379 2691 7V72.
404 2621 467 2693 qfui
485 2625 557 2650 ante
573 2630 636 2651 sua
653 2623 698 2651 F:
725 2621 811 2651 dum
828 2624 871 2653 H.
901 2665 911 2695 l
942 2665 953 2695 l
1007 2622 1058 2660 78.
1081 2621 1144 2694 lqui
1162 2623 1212 2651 F:
1237 2620 1322 2651 dum
1340 2622 1382 2651 H.
1528 2629 1582 2659 93.
1606 2619 1678 2650 FN⁸
1690 2622 1764 2652 LB:
1790 2620 1927 2650 Ruzaeo

327 2680 339 2692 A
386 2673 394 2694 ε
434 2673 533 2693 ιαἰοο
549 2666 646 2694 Lonsl.
778 2675 832 2704 95.
860 2666 898 2695 ni
913 2666 937 2695 ii
970 2668 1014 2696 F:
1039 2665 1075 2695 ni
1109 2667 1150 2696 N.

373 2781 424 2811 75.
448 2773 581 2814 caules]
598 2772 631 2803 A
648 2773 758 2811 figure
782 2774 904 2804 which
924 2774 1094 2805 Erasmus
1207 2774 1261 2812 78.
1286 2773 1370 2815 Leo]
1389 2774 1441 2804 Cf.
1460 2774 1522 2813 Ep.
1544 2775 1636 2804 1062.
1656 2783 1754 2813 14011.

330 2816 400 2846 had
418 2816 489 2846 had
508 2816 545 2846 in
564 2816 666 2846 mind
685 2817 723 2846 in
742 2818 805 2856 Ep.
827 2819 921 2848 1062.
944 2819 1092 2856 115-163
1205 2817 1257 2848 80.
1282 2817 1434 2855 Angliae
1452 2817 1539 2857 Rex]
1559 2817 1609 2848 Cf.
1627 2817 1691 2857 Ep.
1712 2818 1805 2848 1062.
1825 2817 1924 2847 128n.

330 2860 371 2890 cf.
392 2860 466 2890 also
486 2859 549 2898 Ep.
572 2861 663 2908 1060.
687 2869 801 2898 13-14.
820 2905 831 2914 Ἰ
1206 2861 1257 2899 83.
1285 2860 1533 2910 Farraginem]
1546 2860 1609 2915 See
1623 2860 1924 2909 Ep.1040i11t1·0d.

375 2905 427 2941 76.
453 2902 704 2942 syncretlsmo]
723 2903 787 2934 See
805 2904 869 2943 hp.
890 2914 982 2943 1050.
1000 2914 1058 2942 4n.
1207 2905 1258 2942 84.
1285 2904 1523 2944 recognitum]
1542 2904 1604 2934 See
1623 2904 1685 2943 Ep.
1700 2906 1783 2934 1206
1796 2903 1925 2934 introd.

376 2957 425 2986 77.
454 2946 527 2977 Rex
545 2946 678 2986 vester]
697 2946 761 2977 See
777 2950 859 2978 Ile'st.
878 2951 920 2978 (Ζιι
938 2950 1045 2986 Οοῖῖὲῃε
1061 2950 1095 2977 (lc
1207 2948 1260 2986 89.
1286 2947 1395 2989 libro]
1420 2948 1517 2978 Lee's
1545 2950 1778 2986 Anmtationes,
1807 2947 1924 2977 which

330 2993 461 3028 Frcmce,
487 2990 533 3030 by
557 2990 599 3020 A.
624 2990 785 3028 Lefranc,
816 2992 920 3030 1893;
953 2991 1024 3022 and
1050 2992 1094 3021 cf.
1163 2991 1338 3030 appeared
1353 2990 1429 3030 just
1449 2992 1557 3022 about
1569 2991 1642 3022 this
1656 2992 1767 3029 time;
1792 2999 1848 3021 see
1861 2990 1924 3029 Ep.

331 3034 394 3073 Ep.
416 3034 508 3065 1080.
525 3043 582 3073 311.
1169 3044 1248 3073 1037
1267 3034 1396 3066 introd.
