1990 3353
64 151 186 207 1152]
1585 151 1661 189 361

384 337 509 379 1152.
571 335 633 376 To
665 335 856 377 ALBERT
888 346 942 376 OF
974 335 1342 377 BRANDENBURG.

109 445 219 481 Basle
238 445 315 484 MS.
334 444 642 491 Frey-Grynaeus
662 443 690 478 Ι.
711 453 765 488 19.
788 454 829 488 19
849 443 913 489 (a).
1373 443 1554 479 Louvain.

110 503 147 541 F.
166 517 202 550 p.
225 514 319 550 524:
349 503 441 540 HN:
469 503 586 539 Lond.
607 502 687 538 xiii.
705 512 774 546 42:
801 501 878 539 LB.
896 503 975 548 536.
1295 506 1314 539 8
1335 502 1499 539 October
1520 512 1621 549 1520.

107 601 181 642 [An
211 603 365 642 original
390 603 496 633 letter
523 601 681 640 actually
705 602 808 631 sentz
834 601 980 631 written
1004 599 1050 638 by
1067 608 1087 628 a
1103 601 1279 639 secretary
1295 601 1527 640 throughout,
1545 601 1669 640 except

64 645 125 676 the
154 647 336 686 signatur-e
361 646 432 677 and
455 644 612 682 addi-ess,
629 644 751 675 which
779 654 839 675 are
866 644 912 683 by
937 643 1106 674 Erasmus
1131 643 1289 675 himself.
1339 644 1406 675 For
1434 644 1496 675 the
1523 653 1669 684 passage

64 689 224 721 inserted
242 691 279 721 in
297 690 359 721 the
377 689 513 721 middle
529 689 569 719 in
588 688 622 719 H
640 698 696 719 see
713 698 746 728 p.
765 697 818 727 97.

109 733 182 765 The
198 733 380 772 year-date
398 735 428 764 is
445 732 639 764 confirmed
656 732 702 771 by
718 731 780 762 the
796 731 994 762 references
1010 733 1046 761 to
1064 729 1246 761 Erasmus'
1264 731 1350 762 visit
1366 732 1404 762 to
1422 731 1576 771 Cologne
1597 731 1671 762 and

67 778 103 807 to
120 777 182 818 Ep.
202 787 285 817 1033
303 790 310 808 :
335 777 378 810 cf.
399 778 486 817 Epp.
510 785 655 816 1149-51
675 775 767 806 with
784 775 847 806 the
864 784 961 806 same
978 773 1194 815 year-date]

68 885 277 918 ERASMVS
303 887 640 919 ROTERODAMVS
669 885 1073 916 REVERENDISSIMO
1103 885 1360 916 CARDINALI
1390 885 1672 917 MOGVNTINO.

122 985 161 1024 S.
190 984 252 1033 P„
287 985 630 1024 reuerendissime
661 984 710 1024 D.
735 997 781 1022 ac
811 984 1002 1034 princeps
1034 984 1157 1034 longe
1188 984 1423 1023 clarissime.
1485 984 1675 1023 Gestien·

69 1041 154 1077 tem
187 1039 379 1078 aduolare
408 1039 545 1078 isthuc
575 1039 620 1077 in
649 1041 743 1078 tuos
772 1039 1023 1089 complexus,
1056 1039 1256 1078 hactenus
1284 1039 1443 1090 aliquot
1463 1039 1677 1089 negociola

73 1093 354 1133 detinuerunt.
435 1095 594 1133 Verum
655 1094 691 1132 si
743 1093 916 1143 posthac
965 1093 1125 1132 coelum
1184 1094 1349 1132 dabitur
1403 1094 1672 1140 commodius,

70 1148 193 1186 adero
213 1149 328 1186 breui
350 1148 554 1188 Coloniae.
615 1147 850 1197 Epistolam
874 1161 1000 1198 quam
1026 1150 1120 1186 tuae
1146 1148 1388 1187 celsitudini
1416 1149 1466 1187 de
1492 1148 1676 1187 Luthero

71 1203 331 1252 scripseram,
357 1203 537 1241 aeditam
568 1202 696 1241 doleo.
757 1202 844 1252 Ego
875 1204 983 1241 certe
1014 1202 1122 1240 bono
1148 1204 1289 1241 animo
1315 1203 1572 1252 scripseram,
1606 1203 1676 1241 sed
1700 1220 1717 1251 5

73 1270 157 1295 non
191 1257 235 1295 in
270 1257 347 1295 hoc
381 1258 624 1307 scripseram
657 1259 703 1295 vt
735 1257 960 1295 aederetur.
1022 1257 1164 1307 Neque
1202 1257 1394 1307 cuiquam
1433 1271 1456 1296 a
1494 1270 1561 1295 me
1595 1257 1678 1295 fuit

72 1312 322 1361 exemplaris
342 1312 470 1362 copia.
529 1311 787 1350 Incluseram
810 1324 898 1349 eam
924 1311 1076 1350 litteris
1100 1311 1148 1350 ad
1175 1311 1417 1351 Huttenum
1438 1312 1677 1362 obsignatis,

74 1367 302 1404 admonens
322 1369 377 1414 vt,
401 1367 436 1405 si
457 1366 668 1404 videretur
686 1366 887 1416 expedire,
912 1365 1102 1404 redderet
1122 1366 1165 1405 in
1192 1368 1403 1416 tempore,
1434 1367 1500 1405 sin
1525 1366 1674 1414 minus,

75 1423 277 1470 premeret
297 1423 369 1459 aut
396 1420 589 1459 aboleret.
651 1420 741 1468 Quo
767 1420 902 1469 magis
928 1420 1112 1459 admiror
1138 1434 1220 1470 quo
1246 1421 1420 1459 consilio
1440 1421 1596 1459 factum
1624 1421 1680 1459 sit

73 1478 119 1513 vt
141 1477 181 1513 et
200 1476 414 1513 aederetur
434 1488 506 1524 per
524 1474 804 1524 typographos
824 1487 899 1513 nec
919 1475 997 1513 tibi
1017 1474 1268 1514 redderetur.
1312 1475 1357 1513 Si
1369 1475 1437 1514 hic
1452 1488 1570 1514 casus
1586 1475 1676 1523 fuit,
1703 1492 1744 1514 10

76 1529 157 1568 fuit
176 1529 485 1567 infelicissimus
501 1543 510 1577 3
540 1529 605 1567 sin
626 1529 809 1578 perfidia,
833 1529 1057 1578 plusquam
1078 1529 1238 1568 Punica
1258 1529 1347 1568 fuit.

128 1584 302 1622 Vtinam
334 1583 401 1622 hic
433 1583 614 1622 Ioannes
644 1583 787 1631 Faber,
817 1583 976 1622 ordinis
1005 1583 1287 1631 Dominicalis,
1319 1586 1413 1622 tuae
1443 1583 1683 1622 celsitudini

74 1640 160 1677 tam
201 1640 306 1676 esset
345 1638 660 1677 commendatus
699 1651 827 1687 quam
864 1641 1079 1677 merentur
1116 1638 1301 1677 hominis
1339 1639 1515 1677 eximiae
1554 1639 1681 1686 dotes,

76 1693 294 1742 ingenium
332 1695 573 1742 promptum
611 1694 653 1731 et
693 1692 945 1741 expeditum,
987 1693 1190 1732 iudicium
1233 1706 1465 1741 excussum,
1507 1693 1683 1732 eruditio

77 1747 209 1786 solida
227 1749 268 1786 et
287 1747 486 1794 abstrusa,
509 1747 654 1798 lingua
673 1747 952 1794 foelicissima,
973 1760 1110 1786 mores
1129 1747 1294 1786 candidi
1314 1748 1536 1798 facilesque
1553 1749 1561 1786 1

130 1801 261 1840 Video
282 1801 547 1852 tyrannidem
570 1801 832 1851 quorundam
853 1800 1035 1840 nimium
1057 1803 1282 1841 succedere.
1339 1802 1424 1840 Nec
1444 1802 1557 1840 aliud
1578 1802 1686 1840 mihi

78 1856 279 1894 succurrit
299 1869 424 1906 quam
444 1857 600 1906 precari
621 1858 665 1895 vt
685 1868 749 1894 res
768 1859 855 1894 tota
875 1856 991 1894 cedat
1013 1857 1058 1895 in
1084 1856 1258 1907 gloriam
1285 1856 1451 1905 Christi,
1476 1859 1686 1907 vtcunque

78 1911 192 1949 cedet
212 1910 342 1949 nobis.
404 1910 519 1949 Bene
538 1910 644 1959 vale,
664 1923 805 1948 meum
825 1911 960 1949 decus.

133 1964 309 2003 Louanii
330 1965 498 2014 postrid.
521 1965 628 2003 Non.
653 1964 822 2004 Octobr.
841 1966 924 2003 An.
950 1978 991 2003 M.
1008 1978 1047 2003 D.
1072 1978 1130 2004 20.

597 2019 797 2058 Erasmus
818 2019 1133 2068 Roterodamus,
1159 2020 1204 2058 E.
1223 2020 1270 2058 R.
1288 2021 1337 2058 D.
1353 2020 1398 2058 Τ.
1419 2020 1628 2059 addictiss
1710 2038 1749 2060 20

134 2085 496 2124 Reuerendissimo
510 2085 722 2125 Cardinali
735 2086 776 2123 et
789 2085 1061 2124 excellentiss.
1087 2086 1275 2135 Principi
1285 2085 1595 2136 Mogontinensi
1609 2090 1683 2126 etc.

1708 1765 1745 1797 15

447 2339 570 2378 1153.
633 2336 697 2377 To
730 2336 1002 2378 GODESCALC
1035 2335 1331 2376 Rosfflioxnr.

134 2444 327 2491 Epistolae
345 2445 393 2480 ad
411 2444 578 2480 diuersos
596 2455 633 2489 p.
653 2444 731 2488 585.
1396 2439 1574 2476 Louvain.

136 2503 231 2539 HN:
258 2502 377 2539 Lond.
394 2515 453 2537 xv.
478 2505 516 2538 18
534 2514 542 2537 :
569 2501 643 2537 LB.
664 2511 744 2546 539.
1305 2499 1344 2532 18
1364 2496 1525 2533 October
1547 2508 1645 2544 1520.

129 2603 337 2646 [Godescalo
354 2603 573 2634 Rosemondt
585 2603 622 2633 of
635 2602 848 2633 Eindhoven
868 2601 913 2639 (6.
932 2599 1079 2637 1483—5
1095 2597 1174 2628 Dee.
1196 2597 1293 2637 1526)
1312 2606 1385 2627 was
1397 2607 1417 2627 a
1430 2595 1698 2646 distinguished

87 2651 238 2679 alumnus
255 2648 291 2677 01·
306 2647 488 2678 Louvain.
518 2648 621 2677 After
637 2645 827 2677 education
846 2645 884 2673 in
899 2643 962 2673 the
977 2642 1115 2681 College
1129 2641 1177 2671 <lu
1192 2641 1344 2679 Faucon,
1358 2640 1430 2670 and
1444 2651 1481 2670 in
1495 2640 1558 2670 the
1577 2639 1697 2670 Grand

88 2692 228 2732 College
252 2689 369 2721 under
389 2690 501 2722 Lucas
525 2690 676 2721 Walteri
699 2689 777 2729 (Ep.
797 2697 870 2727 531.
892 2688 1009 2726 41511),
1031 2686 1075 2715 he
1096 2695 1170 2715 was
1193 2684 1390 2724 appointed
1415 2684 1698 2723 Extraordinary

133 2804 227 2835 1152.
251 2812 314 2834 τῐτ.
342 2802 786 2838 <adcl.F(m:v1:nEx1›1ssmo
803 2803 847 2832 F:
863 2808 1019 2830 ALBERTO
1042 2798 1102 2838 H).
1198 2806 1223 2827 1.
1250 2796 1283 2826 S.
1303 2795 1339 2826 P.
1359 2818 1366 2826 .
1389 2819 1395 2826 .
1412 2818 1419 2826 .
1440 2795 1637 2825 clarissime
1653 2807 1673 2824 α
1690 2806 1697 2825 :

90 2849 121 2880 S.
142 2848 182 2879 D.
200 2849 240 2877 H.
432 2855 460 2884 7.
478 2839 736 2876 'Incluseranu
761 2870 767 2876 .
787 2869 793 2875 .
817 2854 863 2875 11.
891 2844 961 2874 suit
985 2845 1059 2872 «dd.
1089 2843 1131 2872 H.
1322 2849 1373 2870 12.
1398 2839 1630 2869 Dominicani
1655 2841 1697 2869 Η,

89 2902 141 2923 20.
166 2892 335 2922 Erasmus
351 2912 359 2920 .
380 2912 387 2919 .
408 2912 416 2920 .
436 2899 487 2920 21.
514 2891 578 2920 etc.
598 2898 655 2919 om.
673 2891 708 2919 F.

132 3013 162 3040 4.
190 2998 371 3040 Coloniae]
420 2998 487 3029 For
526 2998 707 3029 Erasmus'
746 2998 857 3028 forth·
1017 2993 1229 3039 Epistolam]
1256 2993 1318 3033 Ep.
1341 3002 1433 3032 1033.

91 3047 231 3085 coming
245 3045 330 3076 visit
347 3051 402 3073 see
419 3051 452 3082 p,
470 3052 544 3082 370.
976 3049 1024 3070 12.
1053 3038 1179 3078 Faber]
1205 3038 1269 3068 See
1286 3047 1317 3077 p.
1332 3047 1406 3076 357.
