1990 3353
265 123 345 162 312
733 124 986 164 LETTERS
1026 126 1094 164 OF
1132 126 1398 165 ERASMUS
1741 126 1777 180 [1
1788 139 1867 175 520

203 244 244 275 95
266 232 460 271 nonnihil
481 233 601 281 valet,
626 234 868 274 collaudatis
889 235 1013 285 Regis
1037 248 1084 273 ac
1111 234 1292 284 Reginae
1318 234 1543 273 maioribus
1567 235 1675 284 quod
1701 247 1866 285 semper

265 285 495 325 Ecclesiam
526 288 768 327 catholicam
799 290 996 328 aduersus
1029 289 1254 327 haereticos
1283 302 1329 327 ac
1362 288 1646 327 schismaticos
1675 289 1866 339 religiose

265 341 556 389 defendissent,
593 343 799 390 hortatus,
830 344 915 381 imo
946 357 1018 393 per
1047 344 1188 382 omnia
1215 356 1326 381 sacra
1356 344 1585 381 obtestatus
1615 345 1678 381 est
1705 356 1786 391 eos,
1818 346 1865 382 vt

263 398 485 445 pergerent
503 409 676 435 suorum
696 398 1011 447 progenitorum
1035 411 1122 436 esse
1148 398 1333 435 similes:
1363 397 1505 435 adesse
1531 400 1718 446 tempora
1739 397 1862 448 longe

262 449 620 498 periculosissima,
657 452 842 500 prodisse
875 465 1006 490 nouos
1043 452 1209 490 Erasmi
1246 452 1387 498 libros,
1430 452 1582 501 quibus
1621 451 1665 489 ni
1703 452 1864 490 fortiter

183 515 245 538 100
263 503 543 552 obsisteretur,
580 505 834 554 deploratam
864 519 954 544 esse
988 506 1145 544 Christi
1178 506 1433 555 religionem.
1491 506 1573 543 Hic
1605 505 1781 544 sublatis
1817 506 1863 544 in

261 557 422 596 coelum
451 561 492 597 et
518 560 712 598 manibus
739 563 781 599 et
804 561 944 607 oculis,
970 561 1105 610 coepit
1139 560 1352 599 obsecrare
1372 560 1600 607 Christum,
1621 559 1863 609 dignaretur

259 611 349 660 ipse
371 625 468 650 suae
488 627 661 663 sponsae
681 615 889 664 opitulari,
910 615 946 653 si
966 628 1090 653 nemo
1110 615 1348 653 mortalium
1375 616 1640 653 succurreret.

314 665 429 705 Haec
447 669 570 717 atque
590 668 832 708 huiusmodi
851 683 946 708 cum
967 671 1073 708 mira
1091 668 1306 718 religionis
1326 669 1459 718 specie
1479 668 1662 715 dixisset,
1687 670 1729 706 et
1755 669 1861 707 forte

257 722 443 759 astarent
481 722 645 772 vtrique
682 737 706 762 a
744 724 895 774 quibus
940 727 1036 762 ante
1079 724 1136 762 sic
1173 724 1308 762 fuerat
1344 725 1534 772 acceptus
1569 723 1613 761 in
1651 722 1857 771 conuiuio,

179 788 239 820 105
258 773 372 813 hunc
390 776 441 813 ad
462 773 638 815 moduni
653 778 863 828 ingressus
881 781 944 817 est
969 778 1209 828 prophanus
1231 778 1315 816 ille.
1376 777 1640 816 Collaudauit
1666 790 1697 815 r.
1730 777 1860 826 patris

257 830 345 867 tam
378 830 490 879 piam
521 844 566 869 ac
596 831 833 881 religiosam
873 833 1114 878 orationem,
1153 836 1193 870 et
1231 833 1361 871 faceta
1397 832 1633 870 imitatione
1666 831 1860 870 nonnihil

256 883 382 922 etiam
417 884 466 922 de
500 887 619 933 gestu
650 886 919 926 Standiciano
951 887 1145 934 referens,
1178 888 1365 936 precatus
1393 888 1459 925 est
1487 887 1623 925 Deum
1651 886 1860 935 optimum

254 938 487 977 maximum
507 943 554 978 vt
583 942 935 990 quemadmodum
960 942 1209 991 loqueretur,
1233 942 1291 978 ita
1314 943 1355 979 et
1378 940 1561 987 sentiret,
1585 953 1661 978 nec
1691 939 1858 980 animus

254 991 306 1030 ab
346 993 529 1032 oratione
568 995 797 1035 dissideret.
872 997 881 1014 ⁴
897 996 977 1035 Sed
1016 1008 1160 1033 vereor
1173 996 1181 1010 ²
1212 995 1351 1044 inquit
1384 996 1394 1013 ‘
1410 1008 1461 1033 ne
1497 995 1533 1033 si
1562 1009 1627 1034 res
1657 994 1859 1034 attentius

176 1061 238 1085 110
253 1047 496 1093 excutiatur,
520 1050 823 1099 comperiamus
843 1050 967 1090 illum
987 1050 1110 1098 longe
1129 1049 1243 1087 aliud
1270 1062 1388 1099 agere
1409 1063 1535 1099 quam
1561 1063 1656 1099 prae
1685 1062 1728 1086 se
1755 1048 1859 1088 ferat

254 1101 385 1139 oratio
398 1102 417 1140 ⁷.
479 1102 699 1154 Simulque
717 1105 840 1143 iussit
859 1107 906 1143 vt
924 1107 1190 1155 posteaquam
1212 1104 1421 1142 iniecisset
1439 1117 1530 1142 eam
1547 1103 1858 1144 solicitudinem

252 1155 404 1194 animis
424 1158 635 1196 tantorum
655 1159 902 1209 principum,
926 1159 1052 1197 simul
1071 1159 1198 1196 etiam
1215 1157 1418 1196 indicaret
1432 1172 1635 1208 quaenam
1651 1160 1790 1198 essent
1810 1159 1856 1198 in

255 1209 416 1248 Erasmi
428 1211 557 1258 libris,
572 1213 682 1251 vnde
697 1216 900 1252 metueret
915 1213 1102 1252 exitiales
1114 1213 1302 1250 haereses
1315 1215 1355 1250 et
1371 1212 1602 1262 perniciosa
1617 1215 1853 1253 schismata.

253 1262 336 1302 Hic
355 1264 545 1314 protinus
566 1267 692 1305 homo
711 1268 924 1306 confidens
944 1267 1157 1317 pollicitus
1179 1269 1241 1305 est
1269 1267 1311 1305 id
1341 1280 1384 1305 se
1404 1267 1624 1306 facturum.
1687 1269 1742 1306 Et
1768 1281 1856 1306 rem

172 1333 232 1365 115
253 1317 298 1355 in
329 1319 483 1369 digitos
508 1323 718 1370 porrectos
747 1323 1009 1372 dispartiens,
1043 1322 1285 1360 ‘Primum'
1315 1321 1455 1370 inquit
1487 1327 1495 1340 ⁶
1512 1322 1714 1361 Erasmus
1742 1323 1857 1362 tollit

251 1374 606 1414 resurrectionem.
656 1376 815 1415 Deinde
835 1377 959 1415 nihili
978 1376 1075 1415 facit
1091 1377 1397 1414 sacramentum
1420 1376 1688 1415 matrimonii.
1739 1377 1856 1416 Post-

250 1439 366 1466 remo
385 1428 494 1466 male
514 1430 642 1469 sentit
661 1430 710 1469 de
731 1431 993 1470 Eucharistia
1006 1432 1026 1469 ’.

306 1482 420 1521 Haec
463 1484 592 1523 oratio
632 1498 727 1523 cum
764 1486 900 1534 prima
937 1485 1072 1535 specie
1110 1484 1306 1523 nonnihil
1351 1485 1648 1523 commouisset
1691 1486 1853 1525 animos

249 1535 657 1586 religiosissimorum
677 1540 924 1590 principum,
947 1542 1145 1589 patronus
1165 1538 1237 1576 ille
1258 1552 1376 1577 meus
1388 1539 1582 1588 ampliter
1601 1540 1854 1579 collaudauit

169 1604 231 1626 120
251 1589 525 1640 Standicium‚
551 1594 659 1642 quod
680 1594 876 1632 distincte
896 1594 1024 1632 simul
1044 1607 1089 1631 ac
1109 1593 1289 1631 dilucide
1311 1606 1400 1631 rem
1425 1593 1556 1632 oculis
1584 1594 1852 1634 subiecisset:

250 1657 364 1683 nunc
384 1645 493 1683 nihil
513 1647 626 1686 aliud
647 1651 801 1687 restare
821 1662 947 1698 quam
966 1650 1014 1687 vt
1033 1648 1225 1697 probaret
1249 1661 1296 1685 ea
1319 1661 1423 1697 quae
1443 1647 1550 1689 belle
1569 1652 1847 1698 proposuerat.

251 1698 330 1736 Ille
345 1700 451 1738 nihil
466 1702 591 1740 etiam
604 1705 808 1746 contatus,
826 1703 852 1741 h
860 1717 905 1741 oc
918 1716 1078 1753 quoque
1092 1715 1135 1740 se
1149 1704 1456 1751 praestaturum
1467 1715 1556 1740 esse
1570 1703 1848 1742 confirmauit.

249 1753 304 1791 Et
332 1767 502 1794 exorsus
525 1769 547 1794 a
570 1757 732 1806 pollice,
759 1758 973 1795 ‘Primum
988 1757 998 1772 ⁹
1019 1756 1167 1805 inquit,
1197 1756 1330 1806 ‘quod
1352 1757 1472 1794 tollat
1490 1758 1846 1805 resurrectionem,

247 1807 377 1856 probo
397 1810 456 1848 sic
472 1825 481 1850 :
512 1810 669 1849 Paulus
688 1811 733 1849 in
753 1811 942 1861 Epistola
960 1812 1011 1849 ad
1033 1810 1298 1849 Colossenses
1312 1811 1321 1826 '
1344 1811 1455 1859 (nam
1469 1811 1569 1849 adeo
1582 1814 1772 1850 versatus
1786 1816 1851 1850 est

167 1874 227 1906 125
247 1874 373 1901 senex
392 1864 611 1914 theologus
629 1866 674 1903 in
695 1867 839 1911 Paulo,
862 1870 908 1904 vt
928 1866 1036 1915 quod
1058 1865 1236 1903 habetur
1255 1865 1299 1903 in
1319 1865 1510 1914 Epistola
1536 1865 1586 1903 ad
1609 1866 1850 1906 Corinthios

245 1916 392 1965 priore,
415 1919 643 1958 somniaret
673 1933 761 1958 esse
788 1921 834 1958 in
859 1920 1049 1970 Epistola
1075 1919 1126 1957 ad
1154 1919 1430 1968 Colossenses)
1462 1919 1631 1957 ‘scribit
1660 1921 1774 1959 hunc
1804 1921 1850 1960 in

246 1972 429 2021 modum,
453 1974 640 2012 “Omnes
653 1975 821 2024 quidem
836 1987 1110 2024 resurgemus,
1130 1973 1198 2011 sed
1217 1986 1300 2011 non
1316 1986 1461 2011 omnes
1472 1974 1793 2013 immutabimur
1806 1975 1850 2023 '';

244 2025 315 2063 sed
336 2026 537 2067 Erasmus
557 2029 664 2067 hanc
680 2029 996 2068 ecclesiasticam
1015 2028 1240 2067 lectionem
1260 2027 1443 2075 sustulit,
1467 2030 1508 2066 et
1532 2041 1554 2065 e
1574 2029 1662 2067 suis
1683 2029 1849 2068 Graecis

243 2078 348 2129 legit
368 2081 481 2120 hunc
501 2082 548 2121 in
567 2083 752 2131 modum,
780 2085 804 2103 ‘⁶
819 2084 976 2121 Omnes
1004 2083 1173 2133 quidem
1200 2096 1284 2120 non
1310 2083 1579 2129 dormiemus,
1603 2083 1675 2121 sed
1701 2097 1849 2123 omnes

163 2147 226 2178 130
245 2133 562 2175 immutabimur
578 2137 610 2176 ⁹⁹.
670 2138 816 2176 Palam
835 2140 900 2176 est
919 2137 1048 2187 igitur
1067 2137 1118 2175 ab
1140 2137 1213 2174 illo
1233 2136 1324 2174 tolli
1344 2137 1688 2176 resurrectionem
1704 2138 1723 2176 ⁹.

299 2188 402 2236 Quis
427 2192 609 2230 crederet
641 2191 737 2230 huic
767 2192 931 2230 homini
965 2205 1054 2229 esse
1092 2191 1341 2229 cerebrum?
1396 2191 1449 2229 In
1487 2192 1847 2230 Annotationibus

244 2255 432 2282 recenseo
458 2245 667 2284 diuersam
696 2247 931 2291 lectionem,
958 2259 1034 2284 nec
1054 2246 1182 2283 vllam
1208 2245 1358 2292 reiicio,
1387 2258 1517 2294 quum
1544 2248 1739 2284 autorum
1758 2260 1847 2297 pro-

244 2296 552 2337 batissimorum
573 2300 698 2338 aliam
719 2301 791 2339 alii
810 2303 1048 2350 sequantur,
1071 2300 1199 2338 iidem
1219 2312 1522 2349 nonnunquam
1536 2300 1731 2339 diuersas.
1793 2301 1846 2338 In

243 2354 437 2391 contextu
458 2354 500 2392 id
520 2357 638 2393 verto
659 2355 767 2404 quod
788 2355 925 2393 solum
945 2354 1199 2404 reperiebam
1218 2353 1264 2391 in
1283 2353 1403 2391 libris
1428 2353 1692 2392 Graecorum.
1751 2355 1844 2393 Iam

162 2419 222 2450 135
243 2417 339 2443 cum
368 2409 613 2447 resurrectio
642 2411 706 2447 tot
732 2409 834 2447 locis
859 2409 966 2459 apud
995 2409 1175 2447 Paulum
1202 2408 1503 2456 comprobetur,
1526 2408 1626 2457 quid
1657 2409 1845 2447 insanius

242 2459 323 2497 dici
341 2463 503 2509 poterat
524 2476 647 2512 quam
668 2464 877 2502 sublatam
896 2476 984 2501 esse
1000 2462 1354 2508 resurrectionem,
1373 2462 1408 2500 si
1420 2475 1504 2500 vno
1518 2462 1564 2501 in
1579 2462 1668 2501 loco
1683 2465 1845 2502 mutata

809 2583 880 2613 126.
904 2584 955 2614 H:
981 2581 1220 2613 Collossenses
1236 2583 1272 2612 F.

282 2710 335 2740 95.
361 2701 533 2731 nonnihil
566 2702 679 2742 valet]
712 2703 770 2733 An
804 2703 1005 2735 indication
1076 2704 1188 2734 lation
1221 2703 1315 2734 from
1347 2704 1411 2735 the
1436 2705 1551 2736 Greek
1582 2707 1621 2736 in
1646 2706 1710 2737 the
1741 2709 1842 2738 notes

238 2744 320 2775 that
351 2743 521 2774 Erasmus
551 2755 624 2775 was
651 2748 714 2776 not
747 2747 851 2777 blind
882 2749 918 2778 to
943 2747 1006 2778 the
1076 2748 1114 2777 of
1135 2746 1221 2777 both
1242 2748 1327 2785 1516
1349 2748 1421 2778 and
1442 2757 1544 2788 1519:
1571 2749 1610 2780 in
1635 2750 1722 2781 both
1747 2752 1842 2781 texts

238 2788 470 2827 possibilitics
509 2788 547 2818 of
589 2789 650 2819 the
690 2790 804 2830 rising
843 2791 1005 2822 national
1074 2790 1120 2821 he
1145 2790 1220 2829 has,
1248 2791 1340 2821 with
1369 2792 1481 2831 slight
1505 2792 1709 2833 difference,
1739 2794 1840 2825 ‘Non

238 2831 445 2862 literatures
477 2832 515 2862 of
542 2832 600 2862 his
627 2842 708 2863 own
741 2834 833 2874 day:
869 2834 912 2867 cf.
941 2835 1003 2875 Ep.
1075 2844 1199 2864 omnes
1246 2834 1393 2873 quidem
1440 2835 1669 2876 dormiemus,
1716 2847 1840 2868 omnes

241 2885 332 2906 1211.
347 2875 447 2914 278n.
1074 2879 1195 2908 tamen
1239 2878 1515 2910 immutabimur
1528 2880 1546 2910 ’.
1617 2880 1676 2911 He
1721 2881 1839 2912 subse-

240 2924 244 2928 '
283 2929 355 2958 104.
382 2918 544 2959 vtrique]
562 2919 611 2951 Cf.
633 2919 670 2950 11.
689 2929 741 2959 44,
761 2930 867 2959 47nn.
1074 2921 1226 2961 quently
1242 2923 1353 2952 wrote
1368 2931 1415 2952 an
1430 2925 1579 2961 Apologia
1603 2934 1647 2954 on
1673 2923 1736 2955 the
1759 2925 1839 2955 sub-

283 2972 352 3001 125.
383 2963 606 3003 Corinthios]
626 2971 675 3001 15.
695 2973 750 3002 51.
1071 2965 1168 3003 jcct3
1202 2965 1281 2995 first
1313 2965 1458 3005 printed
1492 2967 1533 2996 in
1570 2967 1633 2998 the
1670 2970 1839 3006 Apologiae

283 3015 352 3046 129.
380 3005 528 3047 Omnes]
545 3006 632 3037 This
649 3007 679 3037 is
696 3007 872 3037 Erasnms‘
886 3010 1002 3039 trans-
1072 3018 1184 3047 omnes,
1205 3008 1321 3047 Baslo,
1339 3009 1486 3048 Froben,
1505 3010 1587 3042 Feb.
1612 3020 1702 3050 1522.
