1990 3353
68 135 190 190 1232]
328 137 399 176 ΤΟ
438 136 726 177 NICHOLAS
764 137 834 176 OF
871 137 1370 178 HERTOGENBOSCH
1585 140 1663 178 573

61 247 142 286 Sed
177 246 340 285 vtinam
379 247 590 297 integrum
624 249 666 285 et
699 247 971 286 emendatum
1009 249 1104 287 dare
1137 249 1366 299 potuisset!
1423 249 1663 288 Plurimum

61 303 204 340 tamen
235 300 432 339 debemus
462 302 578 339 illius
610 301 852 350 industriae,
885 303 956 352 qui
986 303 1090 352 quod
1127 303 1244 342 licuit
1279 303 1496 353 praestitit.
1556 303 1661 342 Mihi

62 355 265 394 hactenus
293 355 511 404 degustare
539 355 658 393 licuit
685 356 824 394 verius
853 369 979 406 quam
1013 357 1158 407 legere.
1219 357 1359 396 Habet
1395 357 1464 396 ille
1494 358 1662 408 quidem
1681 374 1697 406 5

61 423 183 448 suum
200 408 408 459 quoddam
424 410 621 448 orationis
640 423 780 459 genus,
796 411 903 460 quod
924 411 1033 449 haud
1054 411 1136 449 scio
1158 425 1210 450 an
1231 425 1277 450 eo
1297 412 1433 450 seculo
1447 412 1663 462 plausibile

60 463 186 502 fuerit
215 463 323 513 apud
353 463 490 511 Afros,
523 464 692 502 tametsi
722 464 841 503 nobis
870 464 1102 503 subdurum
1122 465 1297 504 videtur.
1357 466 1406 505 Id
1438 467 1546 516 quod
1577 480 1661 505 non

60 518 342 556 dissimulauit
371 519 512 556 noster
534 518 830 567 Hieronymus,
855 519 927 568 qui
956 519 1103 558 tribuit
1132 520 1196 557 illi
1224 520 1473 559 densitatem
1503 521 1547 558 in
1576 534 1662 559 sen-

61 571 217 620 tentiis,
240 572 310 611 sed
333 572 521 621 adiungit
545 572 830 611 difficultatem
859 573 904 611 in
927 573 1166 623 eloquendo.
1228 574 1447 612 Caeterum
1468 575 1558 625 quis
1578 588 1662 613 non

59 626 288 665 admiretur
317 628 462 676 pectus
491 626 593 665 illud
629 639 792 676 semper
829 627 990 674 ardens,
1026 629 1111 666 tam
1141 631 1326 667 exactam
1355 628 1662 679 Scripturarum
1684 644 1722 666 10

59 680 338 729 cognitionem
354 683 508 730 tanque
527 682 762 730 promptam
785 681 1040 729 memoriam,
1060 682 1185 732 idque
1206 682 1350 732 priscis
1369 682 1455 721 illis
1471 684 1662 733 tempori-

59 735 147 782 bus,
180 748 309 785 quum
341 735 459 773 nulla
493 735 627 773 adhuc
661 737 767 773 esset
801 735 985 774 solennis
1015 736 1245 786 theologiae
1276 737 1486 786 professio,
1520 738 1660 776 nullae

59 789 231 837 scholae,
248 788 386 828 nullae
406 790 618 836 diatribae,
634 789 743 827 nulli
762 789 847 828 fere
866 803 1077 828 sacrorum
1096 791 1361 829 voluminum
1381 791 1626 841 interpretes
1642 793 1661 830 f?

61 843 176 882 Haec
208 856 340 893 quum
368 844 636 894 contemplor,
668 844 728 882 mi
763 843 940 891 Nicolae,
973 845 1167 894 dispudet
1196 858 1263 883 me
1292 848 1530 884 nostrorum
1559 849 1661 884 tem-

58 911 219 949 porum.
1684 916 1719 946 15

115 952 254 991 Habet
285 955 425 990 tamen
463 952 541 990 hoc
579 952 675 990 vicii
706 953 816 1003 quod
854 953 900 992 in
932 954 1111 1003 Origene
1148 954 1319 992 damnat
1353 953 1662 1004 Hieronymus:

60 1020 358 1057 nonnunquam
387 1007 477 1045 vim
506 1006 602 1045 facit
633 1007 870 1057 Scripturis‚
907 1008 1031 1058 idque
1060 1008 1348 1058 impudentius
1377 1008 1503 1046 etiam
1536 1022 1662 1058 quam

62 1061 270 1111 Origenes.
332 1061 440 1100 Nam
479 1061 548 1099 hic
585 1061 815 1111 plerunque
855 1062 1038 1111 disputat
1076 1064 1118 1100 et
1156 1063 1343 1113 inquirit,
1379 1063 1663 1102 Tertullianus

58 1117 268 1154 asseuerat
298 1128 343 1154 ac
382 1118 552 1166 pugnat.
611 1116 752 1154 Huius
783 1118 946 1166 generis
980 1120 1041 1155 est
1072 1117 1188 1165 illud,
1224 1117 1333 1168 quod
1362 1118 1473 1155 hunc
1507 1118 1663 1156 Christi

59 1183 303 1218 sermonem,
333 1170 435 1218 ‘Qui
465 1170 673 1209 dimiserit
695 1184 868 1210 vxorem
898 1173 938 1209 et
968 1171 1131 1209 duxerit
1159 1172 1301 1219 aliam,
1320 1172 1587 1219 moechiam—,³
1607 1173 1663 1210 sic
1683 1189 1722 1210 20

58 1224 355 1274 interpretatur
383 1225 501 1274 quasi
530 1238 614 1264 non
644 1225 866 1264 damnetur
895 1225 1133 1273 diuortium,
1160 1227 1242 1264 nisi
1268 1239 1397 1276 quum
1428 1226 1519 1264 ideo
1548 1240 1662 1276 repu-

59 1279 196 1317 diatur
223 1292 326 1317 vxor
355 1282 401 1317 vt
430 1280 606 1317 ducatur
634 1279 713 1317 alia
743 1293 843 1329 quae
872 1280 1007 1330 magis
1036 1280 1338 1319 adblandiatur.
1398 1280 1528 1318 Porro
1555 1281 1662 1330 quod

59 1346 246 1382 egressus
275 1333 330 1371 sit
358 1334 410 1371 ab
440 1334 635 1380 Ecclesia,
669 1347 906 1384 quanquam
940 1336 1125 1373 excusari
1154 1348 1228 1373 nec
1257 1335 1378 1373 debet
1408 1348 1481 1373 nec
1510 1338 1661 1384 potest,

60 1390 201 1426 tamen
222 1388 357 1426 eleuat
377 1389 534 1426 crimen
555 1387 862 1438 Hieronymus:
902 1389 1035 1436 ‘Hic‚'
1056 1389 1266 1439 inquiens,
1291 1394 1442 1439 ‘quum
1463 1402 1590 1439 vsque
1610 1390 1661 1428 ad

58 1442 238 1480 mediam
268 1445 444 1480 aetatem
473 1443 690 1493 presbyter
714 1442 918 1481 Ecclesiae
948 1444 1253 1493 permansisset,
1278 1444 1437 1482 inuidia
1463 1446 1603 1494 postea
1622 1447 1661 1483 et
1682 1456 1719 1487 25

3 1546 7 1548 ῃ
58 1496 325 1535 contumeliis
358 1496 601 1535 clericorum
634 1497 843 1536 Romanae
877 1493 1082 1536 Ecclesiae
1115 1498 1157 1536 in
1192 1499 1380 1536 Montani
1416 1499 1563 1547 dogma
1597 1498 1660 1536 de-

57 1551 197 1600 lapsus
218 1550 308 1589 est.'
364 1553 505 1600 Atque
525 1554 572 1590 vt
597 1551 877 1590 misericordia
904 1552 1055 1601 dignus
1085 1555 1147 1590 est
1177 1553 1248 1602 qui
1275 1552 1521 1602 simpliciter
1540 1556 1659 1598 errat,

0 1642 1 1646 ,
58 1606 116 1644 ita
132 1606 269 1644 omnis
289 1605 469 1644 haeresis
488 1607 716 1645 execranda
734 1609 796 1644 est
816 1606 896 1656 piis
912 1606 1135 1654 mentibus,
1152 1620 1255 1656 quae
1274 1620 1369 1644 cum
1391 1607 1560 1645 indocili
1580 1621 1664 1657 per-

32 1659 211 1699 ·uicacia
231 1660 453 1698 coniuncta
482 1663 556 1699 est.
615 1661 694 1699 Sed
720 1662 860 1698 tamen
883 1663 929 1699 vt
959 1660 1003 1698 in
1031 1661 1202 1699 venenis
1232 1660 1344 1699 aliud
1372 1660 1455 1699 alio
1484 1661 1659 1708 letalius‚

59 1714 116 1753 ita
136 1715 180 1752 in
201 1714 438 1753 haeresibus
457 1715 537 1754 alia
555 1715 817 1765 pestilentior
836 1715 929 1753 alia.
1684 1723 1723 1754 30

112 1769 292 1818 Propius
311 1771 451 1808 autem
477 1769 619 1808 abesse
641 1769 834 1808 videntur
860 1783 883 1807 a
909 1770 1071 1820 pietate,
1097 1783 1200 1820 quae
1229 1770 1453 1808 immodico
1484 1769 1662 1820 quodam

60 1823 301 1873 Euangelici
320 1823 474 1873 vigoris
496 1824 636 1862 studio
666 1824 760 1873 plus
789 1824 960 1873 exigunt
987 1837 1113 1873 quam
1143 1827 1315 1874 oportet.
1375 1824 1525 1873 Quales
1544 1827 1662 1862 erant

58 1878 130 1928 qui
153 1877 281 1917 semel
311 1878 518 1927 baptismo
547 1879 683 1917 lotum
712 1879 813 1916 adeo
841 1879 1036 1917 volebant
1064 1878 1284 1917 abhorrere
1313 1879 1364 1917 ab
1394 1878 1510 1917 omni
1537 1879 1664 1928 turpi-

59 1932 214 1978 tudine,
237 1935 283 1971 vt
303 1933 483 1983 relapsos
502 1933 546 1971 in
568 1933 725 1971 crimen
749 1932 917 1982 aliquod
948 1933 1113 1982 insigne
1133 1946 1348 1982 nunquam
1370 1933 1599 1982 reciperent
1619 1933 1664 1971 in

58 1987 377 2025 contubernium
408 1987 638 2026 Ecclesiae:
669 2001 750 2037 quo
779 1988 978 2026 seueritas
1008 1988 1108 2025 haec
1139 1987 1435 2026 ecclesiasticae
1467 2000 1663 2026 censurae
1684 2003 1722 2034 35

58 2046 237 2080 caeteros
267 2042 490 2080 deterreret
519 2055 543 2080 a
573 2042 792 2092 peccando.
853 2041 936 2079 Nec
964 2042 1079 2080 enim
1113 2041 1198 2089 hos,
1234 2043 1390 2091 opinor,
1425 2041 1663 2080 iudicabant

59 2095 335 2134 excludendos
358 2109 381 2134 a
405 2109 533 2146 regno
562 2095 782 2139 coelorum,
804 2096 911 2146 quod
942 2096 1288 2134 submouerentur
1308 2110 1331 2134 a
1351 2096 1508 2134 foribus
1529 2095 1664 2134 Eccle-

58 2150 166 2197 siae;
197 2163 298 2200 quas
327 2150 565 2200 frequenter
592 2150 883 2201 ingrediuntur
911 2150 941 2188 ii
970 2163 1072 2200 quos
1093 2151 1205 2188 Deus
1233 2150 1415 2189 secludet
1434 2163 1457 2188 a
1476 2163 1550 2188 suo
1570 2163 1664 2188 con·

58 2205 196 2243 sortio.
257 2205 338 2244 Sed
359 2204 634 2255 poenitentiae
663 2205 906 2253 remedium,
930 2206 1039 2254 quod
1070 2205 1143 2243 alii
1172 2205 1347 2243 leniores
1367 2205 1662 2254 temporarium

61 2271 147 2296 esse
175 2258 450 2308 patiebantur,
473 2259 538 2297 illi
565 2259 757 2298 volebant
787 2273 875 2298 esse
903 2261 1159 2309 perpetuum,
1183 2259 1307 2309 idque
1336 2259 1539 2309 putabant
1569 2272 1661 2297 con·
1682 2274 1725 2305 40

59 2313 204 2352 ducere
243 2313 294 2352 ad
333 2314 633 2352 continendum
671 2313 716 2352 in
754 2314 886 2352 officio
925 2314 1134 2363 reliquum
1173 2327 1351 2363 gregem.
1411 2314 1451 2351 A
1486 2326 1663 2363 quorum

59 2367 252 2417 opinione
273 2381 398 2418 quam
428 2368 655 2406 minimum
685 2368 819 2407 abfuit
846 2368 968 2406 diuus
992 2368 1267 2417 Augustinus,
1290 2369 1358 2418 qui
1390 2368 1518 2406 semel
1549 2367 1663 2417 lapso

58 2424 152 2471 post
180 2422 509 2461 satisfactionem
538 2422 669 2473 aperit
696 2422 900 2461 Ecclesiae
930 2422 1107 2470 ianuam,
1140 2423 1300 2472 relapso
1331 2436 1413 2460 non
1443 2422 1585 2471 aperit,
1613 2436 1664 2460 ne

60 2475 231 2515 dilutior
250 2476 366 2514 fieret
388 2476 593 2515 Ecclesiae
613 2477 843 2526 disciplina.
905 2477 972 2516 Sic
993 2479 1151 2515 veteres
1172 2476 1236 2514 illi
1256 2476 1454 2515 commoti
1475 2476 1665 2526 exemplo

60 2530 280 2580 verbisque
303 2530 459 2569 Christi
479 2534 520 2570 et
539 2531 838 2582 Apostolorum
860 2531 1105 2582 pudicitiam
1127 2531 1280 2581 vbique
1300 2530 1494 2569 laudibus
1514 2531 1666 2569 vehen-
1686 2541 1724 2571 45

62 2674 130 2695 nus
151 2665 223 2696 had
245 2665 320 2704 just
344 2665 464 2695 edited
489 2665 546 2695 his
568 2667 664 2701 Opera
683 2688 689 2695 .
711 2689 715 2693 .
737 2689 744 2696 .
763 2667 829 2695 sine
897 2664 982 2695 tend
1003 2664 1120 2705 (BRE.
1139 2666 1232 2704 207).
1277 2664 1346 2695 His
1364 2658 1432 2695 mss.
1453 2674 1549 2695 came
1576 2665 1667 2695 from

61 2718 197 2749 quorum
212 2711 334 2739 lectione
357 2711 482 2739 nullum
505 2711 589 2738 diem
614 2711 831 2739 intermittebat
899 2709 961 2738 the
986 2709 1219 2739 monasteries
1243 2708 1282 2738 of
1302 2708 1472 2748 Payerne,
1497 2717 1524 2739 s.
1548 2709 1585 2739 of
1607 2709 1667 2739 the

61 2755 133 2783 olim
156 2755 255 2782 diuus
279 2754 456 2789 Cyprianus
473 2775 481 2783 .
496 2775 504 2783 .
520 2775 528 2783 .
543 2750 609 2792 (ef.
630 2752 729 2783 Hier.
754 2754 817 2783 Vir.
898 2751 992 2782 Lake
1021 2752 1058 2782 of
1084 2752 1292 2790 meclmtel,
1329 2751 1399 2783 and
1426 2751 1562 2783 Hirsau
1596 2754 1667 2793 (see

63 2798 108 2827 ill.
121 2794 196 2837 53),
210 2795 370 2835 Bas1e,J.
385 2795 534 2834 Froben,
547 2795 635 2834 July
650 2804 729 2834 1521
745 2806 752 2826 :
768 2796 829 2826 the
899 2795 961 2835 Ep.
983 2805 1044 2834 391
1065 2796 1222 2832 introd.).

61 2840 70 2855 ‘
85 2839 196 2870 editio
212 2840 377 2879 princeps
391 2839 410 2870 ¹.
945 2839 976 2870 8.
1004 2839 1264 2880 Hieronymus]
1285 2841 1342 2875 Ep.
1362 2839 1412 2878 58.
1437 2848 1485 2870 10.

104 2892 135 2921 3.
161 2882 410 2924 emendatum]
436 2882 578 2913 Beatus'
596 2883 744 2922 preface,
773 2883 831 2913 ad-
949 2884 997 2913 16.
1025 2882 1285 2922 Hieronymus]
1304 2885 1379 2913 adu.
1398 2885 1473 2920 Bw.
1491 2893 1521 2922 3.
1541 2892 1593 2920 27.

62 2926 204 2957 dressed
228 2928 266 2957 to
294 2926 495 2957 Stanislaus
521 2926 634 2957 Turzo
666 2927 714 2967 (p.
739 2927 830 2966 599),
946 2936 998 2957 20.
1025 2926 1093 2965 Qui
1111 2925 1308 2967 dimiserit]
1332 2926 1432 2957 Matt.
1454 2935 1501 2965 19.
1520 2937 1550 2965 9,
1571 2926 1667 2956 Max-1<

62 2970 238 3001 describes
259 2969 322 3000 the
346 2970 567 3010 ‘prodigiosa
590 2970 751 3001 codicum
776 2970 834 3000 de-
907 2979 956 3001 10.
977 2980 1025 3009 11,
1046 2970 1143 3000 Luke
1166 2971 1212 3000 16.
1236 2971 1284 3001 18.

62 3014 246 3053 prauatio’
273 3012 361 3044 with
386 3013 507 3045 which
530 3013 575 3045 hc
599 3013 669 3044 had
694 3015 730 3044 to
754 3023 834 3045 con·
947 3024 999 3052 24.
1029 3013 1290 3054 Hieronymus]
1314 3016 1376 3044 Vir.
1398 3016 1438 3045 ill.
1457 3023 1507 3052 53.
