1990 3353
268 140 350 179 356
734 141 987 181 LETTERS
1027 143 1097 182 OF
1133 143 1399 183 ERASMUS
1745 143 1869 199 [1520

392 370 591 415 1¹201148.
652 373 716 414 To
749 373 942 416 CONRAD
969 376 1116 417 FmoK
1148 385 1242 415 AND
1274 373 1520 417 LAURENCE
1554 374 1765 417 ESINGER.

320 490 512 536 Epistolae
531 492 578 527 ad
597 492 762 529 diuersos
781 506 818 539 p.
840 504 918 540 539.
1551 494 1727 531 Louvain.

319 548 389 583 HN
407 561 415 584 ε
444 549 561 585 Lond.
580 550 652 586 xiv.
675 561 713 587 11
732 563 739 587 :
767 551 839 587 LB.
860 561 940 597 459.
1454 564 1465 587 1
1490 552 1652 590 October
1671 553 1826 600 (1520).

272 673 480 704 ERASMVS
518 674 616 706 ROT.
649 675 689 705 R.
718 676 756 707 P.
789 674 1002 706 CONRADO
1036 673 1325 705 SCHVTERANI
1356 674 1410 704 ET
1442 674 1702 705 LAVRENTIO
1736 675 1877 706 ETHO-

387 742 462 771 NIS
502 743 895 775 MONASTERIORVM
927 742 1194 779 ABBATIBVS,
1223 741 1503 773 PROVINCIAE
1547 743 1875 783 BRISGAVDIAE,

391 810 425 842 S.
449 811 493 841 D.

329 919 482 958 ZAs1vs
501 920 573 958 ille
589 919 698 958 nihil
714 919 809 957 facit
826 921 935 967 noui,
953 920 1034 969 qui,
1056 921 1155 959 dum
1173 921 1231 959 sic
1249 921 1402 971 vbique
1418 921 1623 971 praedicat
1640 922 1874 968 Erasmum,

274 977 320 1012 vt
348 987 398 1012 ex
427 987 569 1013 musca
596 974 817 1023 plusquam
846 973 1115 1023 elephantum
1143 975 1277 1022 faciab,
1307 989 1391 1013 non
1419 975 1538 1013 vobis
1567 975 1703 1014 solum
1732 987 1877 1013 verum

275 1029 400 1066 etiam
429 1028 521 1067 aliis
549 1028 694 1067 multis
722 1028 927 1076 imponit;
966 1029 1035 1066 sed
1065 1029 1181 1078 prius
1214 1029 1294 1079 ipsi
1326 1029 1527 1078 imposuit
1560 1043 1676 1068 amor
1707 1029 1877 1079 quidam

275 1082 534 1121 immodicus.
597 1083 840 1132 Quanquam
862 1082 936 1120 hac
957 1083 1000 1120 in
1021 1086 1135 1132 parte
1155 1097 1323 1133 prorsus
1343 1084 1506 1133 ignora'n
1527 1097 1665 1122 rerum
1690 1096 1877 1122 mearum

239 1151 256 1181 5
276 1138 444 1175 statum.
506 1137 659 1176 Nullus
701 1138 762 1174 est
805 1136 1044 1175 mortalium
1091 1138 1162 1188 qui
1204 1138 1406 1176 libentius
1448 1138 1627 1177 abstinet
1670 1138 1720 1176 ab
1761 1137 1878 1176 aulae

277 1191 520 1229 commertio
559 1204 684 1241 quam
723 1191 932 1228 Erasmus.
992 1192 1046 1230 Et
1085 1192 1172 1230 illic
1211 1192 1350 1230 valere
1390 1206 1474 1230 non
1514 1195 1651 1242 potest
1689 1192 1772 1230 nisi
1806 1192 1878 1241 qui

276 1245 449 1283 subinde
479 1259 553 1284 suo
581 1246 716 1284 fultus
745 1245 868 1283 choro
900 1245 1062 1284 fabulae
1095 1248 1255 1296 partein
1289 1249 1391 1296 agat.
1451 1247 1541 1296 Ego
1575 1260 1648 1285 nec
1682 1247 1879 1284 factiones

278 1299 435 1337 ambire
463 1313 644 1349 possum,
678 1313 753 1338 nec
781 1299 967 1349 ingerere
997 1303 1163 1348 meme'c,
1192 1314 1265 1339 nec
1294 1301 1421 1339 alium
1448 1301 1587 1339 cubito
1613 1301 1878 1350 protrudere;

279 1367 352 1391 nec
372 1354 534 1402 ignorat
553 1358 690 1393 vestra
710 1354 931 1403 prudentia
951 1355 1085 1404 qualis
1113 1355 1166 1393 sit
1194 1355 1287 1394 aula
1313 1355 1509 1403 Caesaris,
1534 1355 1735 1394 nimirum
1761 1355 1880 1393 belua

222 1426 261 1448 10
279 1408 463 1457 capitum
497 1408 879 1455 innumerabilium,
911 1408 1010 1447 adeo
1044 1413 1090 1447 vt
1126 1409 1162 1448 si
1197 1409 1300 1447 mihi
1334 1410 1487 1447 incidat
1517 1409 1674 1459 aliquid
1704 1409 1877 1459 negocii,

279 1462 425 1500 malim
446 1462 601 1501 iactura
620 1463 680 1500 rei
702 1463 790 1501 ocio
813 1475 905 1500 meo
926 1463 1138 1501 consulere
1159 1477 1283 1513 quam
1306 1463 1505 1513 persequi.

336 1517 504 1556 Ascitns
538 1518 704 1567 quidem
738 1530 832 1555 sum
871 1516 914 1553 in
948 1518 1136 1556 ordinem
1171 1518 1513 1561 consiliariorum,
1552 1518 1621 1556 sed
1660 1518 1717 1556 ita
1749 1519 1795 1555 vt
1828 1531 1879 1555 ne

280 1573 451 1609 vocatus
471 1572 639 1622 quidem
658 1572 802 1619 adsim,
825 1573 991 1610 tantum
1011 1572 1127 1610 abest
1150 1575 1196 1610 vt
1224 1575 1378 1610 memet
1403 1573 1600 1621 ingeram.
1661 1573 1714 1610 Et
1740 1574 1880 1610 tamen

282 1638 366 1663 non
399 1627 602 1674 grauabor
635 1639 799 1664 causam
832 1628 1014 1664 vestram
1047 1640 1121 1676 pro
1154 1627 1311 1664 viribus
1343 1626 1552 1673 adiuuare,
1582 1627 1616 1664 si
1646 1639 1688 1664 se
1723 1626 1881 1664 dederit

225 1697 261 1727 15
281 1680 463 1727 occasio;
494 1693 732 1730 quanquam
760 1679 860 1718 citra
887 1693 1022 1719 meam
1049 1694 1214 1730 operam
1242 1694 1325 1719 non
1354 1681 1497 1718 dubito
1524 1682 1625 1730 quin
1646 1681 1698 1718 sit
1725 1693 1881 1718 succes-

281 1746 385 1780 sura,
410 1735 611 1773 nimirum
631 1734 859 1773 iustissima
878 1735 987 1784 apud
1008 1735 1245 1784 Principem
1265 1735 1553 1773 iustissimum.
1614 1735 1750 1773 Habet
1770 1734 1883 1772 enim

284 1788 454 1826 Carolus
491 1792 653 1838 praeter
689 1789 791 1827 alias
829 1789 1011 1840 egregias
1051 1790 1168 1827 dotes
1206 1789 1309 1827 illud
1348 1790 1415 1827 vel
1454 1789 1669 1839 praecipue
1707 1789 1883 1838 dignum

283 1843 470 1892 imperio,
494 1844 601 1893 quod
622 1843 742 1892 aequi
761 1843 944 1893 iustique
963 1844 1254 1882 'cenacissimus
1274 1845 1348 1891 est,
1373 1846 1414 1881 et
1434 1843 1521 1881 falli
1543 1843 1711 1893 quidem
1735 1846 1879 1892 potest,

284 1898 491 1947 corrumpi
529 1911 624 1936 vero
662 1911 748 1936 non
786 1901 929 1947 potest.
990 1899 1040 1936 Id
1078 1912 1125 1936 eo
1164 1898 1295 1946 magis
1333 1898 1494 1935 confido
1537 1898 1634 1944 fore,
1678 1897 1797 1947 quod.
1838 1900 1883 1934 vt

225 1973 265 1995 20
283 1951 473 1998 scribitis,
495 1952 579 1990 iam
598 1966 671 1991 vos
692 1953 870 2001 coeperit
890 1952 1006 1991 illius
1032 1952 1253 1990 clementia
1279 1953 1385 1990 tueri
1414 1952 1612 1990 aduersus
1640 1951 1884 1990 violenbiam

284 2005 399 2044 illius
429 2007 500 2056 qui
529 2006 648 2045 vobis
676 2006 840 2044 facessit
869 2007 1096 2057 negocium.
1158 2007 1271 2044 Bene
1300 2006 1444 2053 valesse,
1478 2007 1621 2044 Patres
1650 2019 1694 2043 ac
1725 2005 1885 2044 domini

286 2073 381 2098 cum
409 2062 554 2110 primis
580 2061 743 2098 colendi
770 2061 877 2099 mihi
900 2064 1023 2111 atque
1049 2061 1309 2099 obseruandi.

341 2115 517 2155 Louanii
543 2116 626 2154 Cal.
649 2115 849 2154 Octobris.
923 2113 1067 2168 [Anno
1095 2115 1317 2153 millesimo
1349 2114 1682 2165 quingentesimo
1713 2113 1887 2152 decimo-

287 2169 435 2224 nono.]

331 2324 393 2345 TIT.
414 2323 444 2344 R.
465 2323 494 2344 Ρ.
515 2324 571 2343 om.
593 2315 633 2343 H.
716 2321 954 2343 sc·1{vTTERAN1
970 2314 1015 2341 Η.
1109 2320 1158 2350 19.
1186 2309 1229 2341 Id
1249 2320 1288 2340 eo
1304 2313 1355 2341 H:
1381 2310 1468 2341 Ideo
1485 2313 1521 2341 F.
1615 2319 1667 2348 23.
1701 2310 1810 2340 Anno
1828 2333 1834 2339 .
1853 2334 1858 2339 .
1878 2333 1886 2340 .

289 2357 523 2388 decimonono
539 2359 612 2387 adel.
631 2358 672 2388 H.

333 2479 362 2509 8.
391 2478 512 2508 cubito
526 2476 749 2516 protrudere]
776 2476 827 2506 Cf.
847 2476 909 2515 Ep.
928 2485 1001 2514 250.
1021 2485 1052 2513 9.
1124 2475 1224 2504 there
1257 2474 1328 2504 had
1361 2475 1448 2504 been
1476 2484 1547 2513 any
1573 2475 1737 2512 question
1769 2474 1806 2504 of
1832 2474 1891 2504 his

334 2533 366 2561 9.
391 2522 473 2552 aula
491 2520 663 2561 Caesaris]
688 2521 761 2550 The
783 2520 1003 2558 description
1021 2518 1059 2548 of
1124 2518 1229 2557 being
1244 2518 1438 2548 enmeshed
1452 2519 1488 2547 in
1503 2519 1531 2548 it
1547 2528 1554 2549 :
1579 2517 1622 2549 cf.
1644 2518 1732 2557 Epp.
1748 2518 1821 2557 669.
1839 2527 1886 2557 13,

291 2565 366 2596 this
397 2565 487 2594 with
520 2565 567 2594 its
600 2564 789 2594 dominam
822 2563 1055 2593 ecclesiastics
1128 2572 1166 2599 14
1183 2561 1255 2592 and
1276 2562 1368 2591 1166.
1392 2571 1507 2592 10—11.

293 2610 351 2648 (cf.
382 2608 468 2647 Epp.
500 2608 575 2638 628.
609 2610 656 2646 16,
692 2618 784 2645 1004.
818 2607 931 2645 145-6‚
960 2606 1052 2636 1028.
1172 2614 1220 2635 12.
1259 2604 1561 2645 consiliariorum]
1608 2604 1672 2635 See
1712 2604 1774 2643 Ep.
1814 2613 1889 2643 370.

292 2663 365 2692 24,
389 2661 480 2689 1113.
499 2653 595 2690 37-8,
618 2661 709 2689 1141.
733 2651 812 2690 1511)
832 2651 862 2679 is
886 2659 972 2688 very
989 2649 1056 2678 dif-
1130 2649 1193 2678 1811
1212 2659 1219 2686 ;
1240 2648 1322 2687 and7
1337 2649 1389 2678 for
1404 2649 1582 2679 occasions
1598 2658 1643 2678 on
1657 2647 1773 2678 which
1791 2648 1892 2678 Eras-

294 2697 410 2727 ferent
431 2696 519 2725 from
536 2694 714 2725 Erasinus’
726 2692 891 2733 repeated
905 2693 1058 2731 eulogies
1128 2702 1208 2721 mus
1226 2702 1296 2721 was
1326 2692 1441 2722 called
1465 2702 1558 2731 upon
1577 2692 1632 2721 for
1650 2691 1806 2730 counsel,
1827 2691 1890 2731 Ep.

294 2750 340 2771 on
368 2739 430 2770 the
458 2741 558 2769 court
587 2738 624 2768 of
649 2738 774 2777 Heni·y
802 2746 869 2767 vm
895 2738 969 2777 (see
994 2736 1054 2775 lep.
1131 2744 1222 2772 1117.
1243 2736 1321 2766 2811.
1379 2735 1472 2766 Such
1501 2735 1709 2774 occupation
1733 2734 1786 2765 sor
1814 2734 1892 2765 him

294 2785 367 2823 855.
389 2783 469 2820 2811,
489 2792 561 2821 999.
585 2781 704 2821 221n).
754 2781 825 2811 But
851 2780 889 2811 of
910 2780 989 2811 that
1014 2780 1058 2809 he
1127 2779 1270 2809 soemed
1288 2781 1322 2809 to
1341 2779 1397 2809 his
1414 2780 1551 2809 friends
1574 2779 1705 2809 matter
1720 2777 1773 2808 for
1795 2779 1895 2818 great

295 2827 411 2866 might
437 2826 527 2856 have
555 2825 699 2856 written
726 2825 794 2855 less
821 2823 1015 2864 glowingly
1032 2823 1063 2853 it·
1128 2824 1265 2862 rogret:
1291 2823 1333 2853 cf.
1352 2822 1454 2853 BRE.
1478 2823 1548 2861 181,
1569 2822 1648 2854 Am.
1668 2822 1703 2853 E.
1727 2831 1756 2860 7.
