1990 3353
123 155 243 210 1143]

773 156 844 195 TO
882 155 991 195 LEO
1031 156 1067 194 X

1638 152 1719 190 345

119 267 295 307 Lutheri
328 280 448 307 causa
484 266 746 316 coniungere,
780 278 875 304 cum
909 266 976 304 his
1010 266 1121 305 nihil
1157 265 1213 304 sit
1252 265 1362 302 inter
1400 276 1442 301 se
1485 274 1717 301 commune.

118 324 257 373 Atque
289 322 332 361 id
363 334 526 371 semper
555 323 647 360 tum
678 320 861 359 oratione
893 322 987 358 tum
1021 319 1186 370 scriptis
1217 319 1366 358 aeditis
1398 318 1576 356 testatus
1609 329 1715 354 sum.

119 376 351 415 Lutherum
372 390 456 414 non
476 376 589 422 noui,
615 388 691 413 nec
715 374 843 413 libros
868 374 984 412 illius
1002 387 1188 424 vnquam
1216 373 1310 423 legi,
1335 372 1417 410 nisi
1447 371 1552 409 forte
1579 369 1721 408 decem

118 434 191 469 aut
210 431 426 469 duodecim
445 430 636 481 pagellas,
661 442 810 478 easque
830 429 1018 479 carptim.
1079 429 1142 466 Ex
1169 429 1236 467 his
1255 440 1358 478 quae
1379 428 1471 465 tum
1492 424 1719 474 degustaui,

120 486 236 524 visus
259 488 323 524 est
349 485 457 523 mihi
482 484 610 534 probe
639 483 894 534 compositus
921 483 973 521 ad
1002 483 1200 533 mysticas
1227 482 1368 520 literas
1388 482 1579 519 veterum
1608 491 1721 517 more
1742 491 1779 523 15

117 539 410 589 explanandas,
433 538 597 588 quando
618 540 762 576 nostra
788 537 887 575 haec
913 539 1025 576 aetas
1047 537 1271 575 immodice
1293 534 1535 584 indulgebat
1561 532 1722 582 argutis

120 594 254 644 magis
274 607 398 643 quam
425 592 664 631 necessariis
691 592 1011 642 quaestionibus.

1071 592 1202 630 Bonis
1226 591 1356 641 igitur
1380 589 1496 627 illius
1520 587 1614 635 faui,
1637 600 1722 625 non

122 648 256 696 malis,
279 648 365 686 imo
385 648 538 697 gloriae
558 647 715 685 Christi
735 647 780 684 in
799 646 873 684 illo
892 646 990 684 faui.

177 702 323 740 Ferme
343 702 502 752 primus
522 701 714 740 omnium
734 701 931 739 odoratus
949 713 1043 739 sum
1063 699 1293 750 periculum
1314 711 1402 736 esse
1429 710 1482 735 ne
1506 710 1571 735 res
1595 695 1725 734 exiret

120 757 166 794 in
185 757 443 804 tumultum;
474 769 498 794 a
517 769 597 805 quo
621 755 678 794 sic
707 755 905 793 abhorrui
928 768 1089 805 semper
1114 756 1161 792 vt
1189 766 1313 792 nemo
1341 752 1484 802 magis.

121 810 251 849 minis
270 810 398 849 etiam
424 810 490 860 egi
514 823 606 848 cum
634 809 790 847 Ioanne
811 809 1015 848 Frobenio
1041 808 1313 859 typographo,
1336 820 1390 845 ne
1419 806 1520 856 quid
1552 817 1723 854 operum

120 865 237 903 illius
257 865 486 903 excuderet.

547 864 704 914 Scripsi
721 866 815 902 tum
836 864 975 902 crebro
997 866 1087 902 tum
1110 863 1334 911 diligenter
1352 860 1509 907 amicis,
1533 860 1724 898 admone-

121 921 214 957 rent
238 919 453 957 hominem
473 921 520 957 vt
545 919 590 956 in
615 919 779 968 scriptis
805 918 1067 956 meminisset
1087 917 1346 956 Christianae
1371 913 1721 960 mansuetudinis,

122 974 378 1023 seruiretque
408 986 573 1023 semper
600 973 807 1011 Ecclesiae
839 973 1144 1022 tranquillitati.

122 1041 189 1066 me
215 1029 446 1078 scripsisset
465 1030 562 1066 ante
584 1041 716 1066 annos
736 1028 850 1074 duos,
873 1029 1061 1066 amanter
1086 1025 1287 1065 admonui
1305 1024 1405 1075 quid
1430 1023 1553 1061 illum
1573 1021 1727 1061 vellem
1747 1033 1785 1065 25

1206 971 1262 1009 Et
1288 983 1383 1009 cum
1413 969 1500 1018 ipse
1531 968 1644 1018 prior
1673 967 1725 1006 ad

121 1082 305 1121 euitare:
336 1082 402 1120 cui
430 1082 604 1120 consilio
633 1082 796 1120 vtinam
831 1082 901 1120 ille
935 1081 1162 1131 paruisset!
1220 1080 1327 1118 Eam
1356 1078 1575 1128 epistolam
1604 1076 1727 1116 audio

122 1137 300 1175 delatam
329 1137 380 1175 ad
409 1138 527 1175 tuam
556 1136 869 1178 beatitudinem.
901 1136 947 1174 in
981 1136 1124 1174 odium
1157 1135 1304 1185 opinor
1336 1133 1431 1180 mei,
1466 1145 1562 1170 cum
1595 1131 1728 1181 magis

121 1191 308 1229 fauorem
337 1194 432 1230 tuae
460 1191 691 1229 sanctitatis
719 1191 826 1229 mihi
855 1190 1072 1229 conciliare
1101 1189 1300 1228 debuerit.

1360 1187 1468 1236 Quid
1498 1186 1612 1225 enim
1640 1185 1728 1223 illic

123 1246 273 1284 omitto
293 1246 410 1284 cuius
434 1259 518 1284 non
545 1245 668 1284 illum
698 1246 979 1284 admoneam?
1035 1244 1228 1284 Ciuiliter
1247 1243 1418 1293 quidem
1448 1242 1489 1280 id
1516 1240 1630 1288 facio,
1655 1240 1726 1278 sed

122 1300 182 1338 ita
211 1300 336 1339 citius
360 1300 576 1349 proficitur
596 1313 720 1349 quam
747 1300 999 1346 austeritate,
1023 1302 1065 1337 et
1088 1299 1230 1349 ignoto
1261 1297 1500 1336 scribebam.
1562 1294 1728 1333 Postea·
1748 1305 1789 1337 30

124 1368 250 1404 quam
269 1355 446 1393 formam
466 1368 512 1393 ac
531 1367 605 1392 ceu
631 1354 818 1404 regulam
847 1354 1009 1392 homini
1035 1353 1386 1403 praescripseram,
1409 1364 1460 1388 ne
1482 1349 1582 1400 quid
1604 1349 1728 1387 offen-

123 1409 239 1447 deret
266 1409 564 1447 admonitionis
593 1408 774 1456 libertas,
797 1408 982 1455 subiieio,
1008 1408 1145 1446 ‘Haec
1175 1407 1322 1455 scribo,
1342 1419 1427 1444 non
1446 1407 1491 1443 vt
1521 1407 1561 1442 te
1591 1404 1729 1442 admo-

125 1476 246 1501 neam
285 1463 385 1513 quid
424 1463 558 1510 facias,
602 1463 673 1501 sed
713 1466 759 1501 vt
790 1463 899 1513 quod
937 1462 1050 1509 facis,
1082 1464 1281 1512 perpetuo
1324 1459 1498 1506 facias';
1536 1457 1730 1496 videlicet

124 1518 359 1568 imaginans
386 1517 511 1555 illum
539 1518 623 1555 iam
651 1521 799 1567 sponte
828 1530 904 1556 sua
929 1517 1060 1555 facere
1081 1516 1189 1566 quod
1218 1515 1343 1553 illum
1369 1515 1502 1552 facere
1521 1513 1725 1551 volebam.

125 1572 243 1620 Quod
281 1572 317 1610 si
354 1571 462 1609 mihi
499 1571 723 1621 placuisset
770 1585 816 1610 ea
863 1571 1071 1609 scribendi
1112 1570 1218 1608 ratio
1258 1583 1338 1619 qua
1381 1568 1496 1618 prius
1534 1567 1730 1605 vtebatur
1749 1578 1788 1610 35

125 1626 347 1674 Lutherus,
373 1626 472 1676 quid
493 1639 595 1676 opus
616 1629 702 1665 erat
722 1626 787 1664 illi
807 1628 869 1664 tot
889 1625 1026 1664 verbis
1045 1638 1200 1663 nouam
1220 1626 1399 1662 formam
1422 1622 1729 1672 praescribere?

126 1680 181 1719 Et
218 1682 359 1719 tamen
397 1680 511 1718 hunc
548 1681 686 1718 locum
726 1681 811 1719 scio
850 1680 1049 1731 quosdam
1089 1680 1353 1729 impudenter
1386 1678 1436 1716 ad
1475 1675 1729 1715 calumniam

125 1735 357 1782 detorsisse,
398 1735 469 1773 sed
507 1735 640 1785 magis
677 1735 782 1773 illud
822 1736 931 1785 quod
970 1735 1212 1782 adieceram,
1254 1733 1320 1771 hic
1362 1745 1450 1770 esse
1491 1732 1628 1781 plures
1666 1729 1731 1768 illi

125 1789 322 1828 fauentes.
366 1789 416 1827 Id
437 1802 536 1828 sane
551 1803 647 1827 vere
667 1790 923 1838 scripseram.
966 1790 1097 1828 Bonis
1110 1788 1225 1826 illius
1245 1787 1314 1826 hic
1326 1787 1524 1825 fauebant
1544 1783 1728 1834 plurimi,

125 1857 212 1882 non
241 1844 362 1883 aliter
390 1857 515 1894 quam
544 1857 617 1894 ego
646 1844 848 1883 fauebam.
909 1843 1002 1882 Hoc
1032 1844 1153 1881 illum
1183 1842 1287 1881 scire
1316 1841 1442 1889 volui,
1476 1854 1560 1878 non
1589 1841 1636 1877 vt
1665 1838 1730 1877 his
1749 1845 1792 1877 40

125 1898 259 1937 fretus
278 1900 468 1949 pergeret
487 1899 682 1937 seditiose
707 1898 894 1946 scribere,
919 1899 992 1936 sed
1012 1901 1058 1936 vt
1085 1898 1135 1936 ad
1157 1897 1336 1935 formam
1364 1909 1387 1934 a
1413 1909 1480 1933 me
1510 1893 1730 1944 praescrip-

125 1955 212 1991 tam
232 1953 516 1991 moderaretur
535 1953 690 2001 stilum,
713 1953 749 1992 si
768 1954 896 1991 vellet
914 1953 1068 1991 horum
1087 1953 1274 1990 fauorem
1294 1963 1382 1989 esse
1401 1951 1662 2000 perpetuum.

174 2103 223 2124 12.
250 2094 401 2123 testatus
417 2091 515 2132 surn]
538 2091 609 2122 But
628 2090 672 2121 cf.
688 2090 775 2131 Epp.
798 2100 892 2129 1141.

131 2146 205 2175 1511,
229 2145 322 2175 1155.
346 2136 421 2166 1811.

173 2190 220 2219 15.
248 2181 356 2219 probe
374 2177 603 2219 compositus]
621 2177 707 2208 This
724 2178 893 2217 approval

125 2225 165 2255 of
178 2225 316 2255 Luther
340 2224 370 2254 is
386 2233 481 2254 more
497 2222 680 2253 advanced
701 2222 790 2252 than
814 2224 895 2253 that

127 2269 164 2299 in
179 2268 265 2308 Epp.
279 2278 354 2307 939,
368 2268 443 2306 967,
463 2276 546 2306 1033
561 2277 568 2296 :
591 2265 710 2295 where
724 2266 895 2296 Erasmus

127 2312 213 2343 does
231 2316 294 2342 not
311 2313 462 2342 venture
478 2312 515 2341 to
531 2310 576 2341 do
590 2318 686 2339 more
700 2310 789 2339 than
804 2320 893 2340 com·

127 2355 232 2386 mend
267 2354 430 2386 Luther's
462 2354 536 2386 life.
583 2354 620 2384 It
652 2353 682 2382 is
715 2354 893 2393 repeated,

128 2409 226 2430 more
243 2398 490 2438 handsomely,
508 2399 547 2428 in
564 2397 627 2437 Ep.
645 2398 738 2435 1167.
757 2407 892 2437 ¹24--43-

216 2442 402 2482 mysticas]
450 2445 471 2473 ι’.
485 2453 508 2473 e.
552 2449 668 2472 sacras
684 2451 692 2478 3
738 2442 780 2472 cf.
830 2441 892 2481 Ep.

133 2487 225 2524 1167.
246 2495 317 2525 127,
334 2496 478 2517 arcanas.

173 2540 225 2560 21.
250 2529 438 2571 Frobenio]
480 2529 543 2560 See
582 2529 646 2569 Ep.
692 2537 785 2567 1033.
812 2539 891 2567 4711.

127 2573 243 2604 There
276 2573 347 2604 had
380 2574 471 2604 been
511 2573 654 2604 further
693 2573 894 2613 opposition

128 2617 231 2657 quite
245 2616 405 2656 recently
421 2628 428 2647 :
453 2626 509 2647 see
522 2626 566 2647 an
580 2617 777 2657 autograph
790 2616 896 2646 letter

132 2661 170 2691 of
183 2660 300 2691 Hedio
316 2663 351 2691 to
369 2660 495 2700 Capito
512 2660 604 2691 from
618 2661 734 2698 Bas-le,
746 2670 787 2699 23
800 2660 895 2690 June

132 2714 216 2743 1520
234 2704 341 2744 (Brit.
369 2703 532 2735 Museum
555 2704 651 2735 Add.
678 2705 750 2736 MS.
776 2713 895 2742 21524,

129 2749 154 2779 f.
180 2754 227 2786 5),
257 2747 370 2787 ‘Quid
398 2747 458 2778 hic
483 2749 605 2778 actum
632 2749 678 2779 sit
703 2749 800 2779 hisce
825 2748 897 2777 die—

131 2791 195 2822 bus
217 2791 261 2821 de
278 2791 427 2822 Lutheri
452 2792 618 2830 operibus
643 2801 716 2822 non
741 2791 898 2830 amplius

130 2835 383 2875 imprimendis
414 2834 561 2874 longum
592 2835 703 2866 fuerit
733 2835 895 2866 scribere.

132 2878 323 2909 Praesente
348 2878 488 2918 Egi-ano
511 2881 589 2909 acta
612 2882 665 2910 est
693 2878 897 2915 comoedia;

131 2931 151 2952 a
168 2931 237 2960 quo
253 2922 443 2952 auditurus
460 2931 497 2952 es
509 2921 527 2952 '.

175 2975 228 2998 22.
254 2964 404 3006 Scripsi]
430 2966 482 2996 As
510 2966 547 2995 in
573 2965 661 3006 Epp.
693 2976 767 3005 947.
802 2974 896 3004 33--5,

129 3009 206 3049 983.
226 3011 310 3040 8-12
327 3020 335 3047 ;
359 3009 430 3040 and
448 3019 494 3040 no
505 3009 617 3040 doubt
633 3010 671 3040 in
686 3010 747 3040 the
760 3018 899 3039 answer

132 3058 168 3084 to
183 3054 241 3093 Ep.
255 3055 330 3093 938.
363 3053 416 3084 Cf.
429 3053 515 3093 Epp.
536 3062 628 3085 1202.
643 3054 739 3092 66—7,
759 3054 895 3091 167-70,

966 2099 1059 2128 1225.
1080 2099 1198 2128 273-5.
1233 2089 1305 2120 But
1319 2089 1357 2119 in
1376 2089 1438 2128 Ep.
1463 2090 1546 2127 1526
1563 2089 1732 2119 Erasmus

964 2144 1077 2164 5001115
1088 2137 1124 2164 to
1138 2133 1296 2164 indicate
1314 2133 1393 2163 that
1410 2133 1467 2163 his
1484 2133 1732 2163 intervention

964 2178 1119 2216 through
1138 2177 1276 2207 friends
1295 2177 1365 2206 had
1383 2177 1499 2216 begun
1512 2177 1549 2206 in
1570 2175 1730 2215 1517—18,

965 2222 1105 2261 shortly
1115 2221 1207 2251 after
1218 2221 1278 2251 the
1291 2230 1508 2260 appearance
1521 2221 1557 2250 of
1566 2219 1733 2250 Luther's

963 2265 1102 2295 'l‘liesesa

1008 2318 1061 2347 25.
1087 2317 1200 2338 annos
1217 2307 1320 2348 duos]
1339 2309 1368 2337 Α
1394 2308 1485 2338 loose
1510 2309 1707 2338 statement
1725 2317 1732 2336 ε

964 2353 1132 2392 eighteen
1152 2352 1299 2381 months
1323 2351 1393 2381 had
1420 2353 1483 2381 not
1506 2354 1565 2391 yet
1590 2350 1734 2389 elapsed

964 2397 1060 2427 since
1079 2397 1142 2435 Ep.
1165 2404 1229 2434 933
1254 2405 1327 2426 was
1350 2395 1509 2425 written.
1572 2395 1636 2425 See
1660 2394 1734 2424 also

966 2440 986 2471 1.
1009 2450 1087 2478 4911,
1129 2440 1200 2469 and
1240 2439 1283 2469 cf.
1325 2439 1411 2478 Epp.
1456 2439 1538 2477 1098
1585 2437 1733 2477 introd.,

970 2493 1058 2514 1111.
1077 2484 1155 2522 2811,
1176 2483 1269 2514 1166.
1288 2483 1346 2513 6n.

1008 2529 1061 2557 26.
1088 2526 1252 2566 consilio]
1272 2527 1323 2556 Cf.
1345 2526 1406 2566 Ep.
1430 2536 1523 2565 1¹4¹·
1545 2535 1620 2565 1511.

1030 2569 1232 2610 epistolam]
1253 2570 1315 2609 Ep.
1334 2570 1409 2609 980.

1007 2624 1060 2653 32.
1087 2613 1252 2652 subjicio]
1270 2614 1334 2652 Ep.
1349 2615 1424 2653 980.
1439 2623 1490 2652 52.
1526 2613 1600 2644 The
1612 2615 1737 2652 quota-

966 2660 1043 2688 tion
1062 2658 1158 2694 here,
1177 2666 1214 2687 as
1233 2659 1270 2687 111
1289 2657 1350 2697 Ep.
1374 2659 1467 2688 1162.
1490 2657 1603 2696 178-9,
1624 2658 1652 2687 15
1674 2658 1736 2687 not

966 2702 1103 2732 literal:
1131 2702 1194 2731 but
1216 2701 1254 2731 111
1282 2701 1345 2740 Ep.
1376 2702 1467 2739 1167.
1493 2702 1557 2730 226
1580 2702 1608 2731 it
1632 2701 1663 2731 15
1683 2710 1736 2730 re-

967 2745 1147 2784 produced
1166 2745 1350 2784 correctly.
1405 2746 1435 2775 Α
1451 2746 1571 2783 repert
1593 2746 1673 2774 sent
1692 2745 1736 2783 by

967 2789 1102 2819 Hezius
1117 2791 1152 2819 to
1164 2789 1273 2818 Rome
1286 2788 1377 2818 from
1393 2789 1496 2827 Liege
1511 2789 1548 2817 in
1563 2788 1636 2819 Oct.
1654 2796 1736 2826 1525

968 2832 1097 2870 gBalan
1114 2833 1187 2870 261,
1207 2841 1240 2871 p.
1256 2833 1336 2871 553)
1350 2832 1468 2862 shows
1482 2831 1645 2862 thatthis
1657 2840 1736 2861 scn-

969 2880 1071 2906 101100
1089 2876 1160 2906 had
1179 2877 1264 2906 been
1287 2875 1435 2915 quickly
1456 2875 1618 2905 fastened
1641 2884 1737 2913 upon

972 2922 1017 2958 by
1044 2919 1308 2958 Egmondanus,
1332 2920 1403 2949 and
1429 2929 1475 2949 no
1501 2919 1609 2949 doubt
1635 2919 1738 2948 other

970 2965 1169 3003 opponente
1182 2963 1395 2993 osErasuius
1406 2965 1441 2992 at
1455 2963 1623 3000 Louvain,
1638 2971 1675 2991 as
1688 2970 1737 2991 an

970 3007 1167 3037 indication
1177 3006 1479 3046 ofhissympathy
1490 3005 1734 3036 withLuther.

1013 3052 1063 3089 38.
1084 3049 1298 3090 adiecerani]
1325 3050 1386 3089 Ep.
1403 3050 1478 3089 980.
1496 3051 1592 3087 36-7.

1543 750 1724 789 Proinde
1743 763 1784 785 20
