1990 3353
112 95 234 148 1241]
345 98 497 137 FROM
537 98 861 138 WOLFGANG
904 99 1211 140 FABRICIUS
1251 101 1459 140 CAPITO
1622 105 1701 142 597

107 207 365 246 abstinerent
398 211 558 258 captare
596 209 797 247 minutias
835 222 885 246 ex
922 210 1138 248 autoribus
1176 212 1556 260 reprehendendas:
1606 227 1701 252 nam

108 261 377 301 vehementer
410 277 539 313 aequa
571 263 794 301 hominum
832 263 982 302 iudicia
1021 264 1072 301 ab
1109 265 1196 303 illis
1235 268 1396 304 tantum
1437 268 1703 316 supercilium

107 315 322 354 abalienat.
383 317 508 366 Spero
528 317 615 354 fore
635 319 680 355 vt
700 317 917 354 honestius
937 318 1128 368 deinceps
1148 320 1209 357 tui
1231 320 1484 358 mentionem
1510 321 1703 361 habeant.

107 368 146 406 N
148 382 201 407 on
222 373 284 408 est
305 372 501 420 professio
521 384 599 420 qua
619 374 658 408 te
680 383 763 408 non
783 372 1069 420 perstringunt
1088 373 1196 422 apud
1216 386 1311 411 suos
1329 388 1337 421 3
1367 378 1407 412 et
1427 375 1470 412 in
1492 375 1703 424 publicum

107 435 204 462 suae
223 426 413 463 factionis
434 425 665 474 principem
685 427 876 463 statuunt
896 430 1157 475 praepostera
1177 427 1347 466 ratione.
1392 429 1538 467 Libeie
1558 430 1699 478 fateor,
1747 447 1759 454 ·

106 478 213 515 mihi
250 479 511 517 stomachum
550 479 823 527 concitarunt,
866 480 1016 529 gloriae
1062 481 1246 520 nominis
1283 483 1346 520 tui
1384 484 1700 523 studiosissimo.

105 531 336 571 Modestius
368 537 516 580 tecum,
554 535 601 571 vt
632 533 728 579 dixi,
765 533 942 571 subinde
976 537 1110 583 agent,
1142 538 1344 585 quantum
1377 537 1508 575 video.
1569 537 1703 577 Caroli

106 586 233 635 Regis
253 587 462 625 sententia
481 587 581 625 olim
608 587 732 636 longe
757 587 838 625 alia
865 588 954 625 erit.
1016 588 1232 637 Glapionis
1260 590 1566 641 apophthegma
1597 605 1703 631 com-

105 642 243 688 probo.
305 641 495 679 Christus
514 642 642 679 finem
669 641 839 679 indubie
860 642 981 680 faciet
1007 642 1073 680 his
1099 643 1231 681 malis.
1292 645 1400 682 Nam
1425 645 1704 695 Euangelium

105 695 328 733 dicendum
347 699 387 733 et
413 695 636 745 legendum
663 709 785 733 nemo
812 695 1029 744 prohibere
1056 699 1235 746 poterit3
1266 699 1559 738 comburendis
1586 700 1702 739 libris

105 748 212 787 nihil
246 749 432 788 efficitur.
493 750 576 787 Nec
609 750 719 788 aliud
750 763 835 787 non
863 750 983 799 pauci
1012 754 1208 800 exoptant
1236 765 1360 802 quam
1388 756 1432 791 vt
1468 766 1510 791 se
1539 758 1704 804 propter

104 803 321 842 veritatem
341 817 528 853 proceres
549 804 754 842 Ecclesiae
774 804 956 854 perditos
977 808 1097 852 eant3
1128 809 1219 843 tum
1246 807 1365 844 aiunt-
1392 820 1557 845 causam
1585 822 1702 846 suam

104 857 338 905 firmatam3
372 858 543 896 interim
571 872 669 896 vero
695 859 827 896 videri
855 859 1105 909 ambiguam,
1138 862 1337 909 tanquam
1368 861 1459 899 sine
1488 863 1704 912 sanguinis

103 911 404 950 testificatione.
448 911 601 951 Libelli
620 913 767 951 famosi
788 926 837 950 ex
856 914 995 951 animo
1017 914 1250 963 displicent.
1303 914 1555 954 Excitabunt-
1575 918 1702 955 semel

104 965 245 1004 orbem
279 967 329 1004 ad
364 968 688 1005 occurrendum:
731 968 840 1017 quod
871 967 1002 1005 nolim
1033 969 1114 1006 cito
1148 968 1250 1014 fieri,
1283 982 1334 1007 ne
1366 983 1582 1019 perperam
1616 971 1700 1009 fiat.

103 1019 163 1058 De
194 1020 473 1059 Carolostadio
502 1022 655 1059 scimus
686 1025 890 1059 mutatam
922 1023 1174 1061 sententiam
1204 1023 1336 1073 Regis.
1396 1024 1565 1063 Ducunt
1595 1026 1702 1074 apud

102 1087 178 1112 nos
207 1087 356 1113 onres
383 1076 627 1125 presbyteri,
660 1076 943 1114 annuentibus
976 1077 1233 1126 principibus
1266 1080 1337 1116 aut
1369 1080 1478 1116 certe
1513 1079 1703 1118 dissimu-

100 1128 292 1168 lantibus.

156 1183 273 1222 Meus
292 1184 362 1222 ille
383 1197 405 1222 a
423 1184 656 1222 Wormatia
676 1198 863 1223 reuersus
884 1185 1037 1235 recepit
1058 1199 1172 1223 sacra
1191 1186 1376 1237 legenda.
1436 1187 1578 1236 Nuper
1599 1188 1701 1226 dixit

100 1250 144 1275 se
163 1237 396 1287 intelligere
417 1239 543 1277 fidem
564 1252 649 1277 non
666 1240 801 1277 vocari
820 1240 864 1277 in
886 1240 1121 1283 discrimen,
1136 1240 1206 1278 sed
1228 1242 1415 1279 nummis
1436 1243 1475 1278 et
1495 1242 1702 1291 potentiae
1724 1261 1737 1271 a

707 1293 1006 1343 Magnificeque
1041 1307 1082 1332 se
1115 1294 1323 1344 promittit
1362 1296 1483 1333 rebus
1518 1309 1701 1334 commu-

98 1347 222 1384 nibus
255 1348 405 1385 adfore.
465 1349 605 1397 Atque
639 1348 804 1386 iuuenis
843 1350 903 1386 est
942 1351 983 1386 et
1022 1349 1233 1398 Princeps.
1294 1349 1416 1388 Multi
1455 1363 1553 1388 vero
1593 1351 1701 1389 nihil

98 1413 241 1439 earum
279 1414 419 1439 rerum
459 1402 728 1451 intelligunt3
769 1416 851 1452 quo
885 1403 931 1440 fit
963 1406 1007 1440 vt
1028 1403 1208 1442 atrocius
1237 1404 1434 1442 saeuiant.
1507 1404 1602 1443 Non
1639 1409 1701 1443 est

98 1457 186 1493 dies
202 1469 282 1505 quo
297 1469 380 1493 non
396 1456 524 1494 instet
555 1486 562 1494 .
595 1486 602 1494 .
637 1486 644 1494 .
681 1485 688 1493 .
727 1486 733 1493 .
766 1486 773 1495 .
807 1457 857 1494 de
877 1459 918 1495 te
938 1457 1017 1496 sibi
1031 1458 1300 1496 conciliando.
1353 1459 1461 1496 Nam
1475 1459 1699 1497 subodorat

97 1509 185 1547 vim
220 1511 389 1548 latentis
419 1510 616 1557 veritatis,
654 1524 778 1560 quam
813 1513 858 1548 tu
893 1511 1053 1561 primus
1087 1512 1132 1549 in
1171 1511 1306 1550 lucem
1342 1512 1499 1551 eruisti.
1561 1513 1700 1552 Scribe

96 1564 226 1602 semel
239 1568 361 1613 atque
375 1566 528 1602 iterum
542 1566 639 1614 quid
656 1566 693 1602 ei
707 1565 940 1603 faciendum
957 1580 966 1613 ;
998 1579 1095 1603 nam
1115 1566 1281 1605 videtur
1312 1596 1510 1606 ......
1545 1567 1698 1606 librum

96 1631 171 1656 ceu
189 1618 302 1656 aliud
324 1619 488 1657 affectat
508 1620 644 1667 modo,
669 1624 867 1669 tanquam
896 1620 1174 1658 certissimum
1201 1621 1302 1658 mali
1328 1621 1568 1659 remedium.
1631 1623 1698 1659 In-

95 1672 257 1711 tellexit
288 1674 605 1712 constitutiones
631 1674 849 1723 plerasque
878 1675 1061 1712 nimium
1090 1675 1378 1724 impudentes:
1409 1678 1447 1713 et
1477 1677 1700 1714 mutandas

100 1292 384 1342 deperiturum
418 1294 644 1342 quippiam.

137 1792 191 1821 32.
217 1782 360 1813 iuuenis
376 1784 495 1822 scripsi,
512 1784 549 1819 cf.
566 1785 584 1813 l.
606 1792 669 1820 4072
685 1793 691 1812 :
717 1791 809 1813 vnus
827 1781 871 1812 0¹.

142 1926 188 1954 14.
217 1915 482 1957 perstringunt]
524 1915 691 1946 Erasmus
718 1915 789 1945 had
815 1915 864 1945 al-

94 1961 205 1999 ready
230 1960 301 1990 had
326 1960 400 1990 this
425 1962 543 1999 repert
567 1960 607 1989 in
630 1959 791 1998 August;
817 1958 858 1990 cf.

95 2004 158 2044 Ep.
179 2013 271 2042 1225.
292 2004 409 2041 282—4.

141 2049 189 2078 18.
217 2047 412 2088 sententia]
437 2047 585 2078 Charles
602 2045 674 2076 had
686 2046 861 2085 solemnly

93 2091 323 2130 pronounced
346 2092 486 2131 against
510 2090 649 2121 Luther
667 2092 703 2120 at
719 2089 862 2120 Worms

92 2145 138 2166 on
158 2145 197 2175 19
213 2135 329 2175 April.

181 2178 384 2219 Glapionis]
409 2178 471 2209 See
495 2178 558 2218 Ep.
588 2186 682 2216 1275.
731 2176 776 2208 Of
804 2176 862 2207 his

96 2224 104 2239 ‘'
117 2222 376 2263 apophthegm'
395 2223 413 2253 I
429 2232 494 2253 can
511 2221 588 2252 find
605 2231 651 2252 110
666 2223 769 2251 trace.

137 2276 187 2297 20.
215 2266 482 2307 comburendis]
509 2265 560 2297 Cf.
579 2266 641 2306 Ep.
664 2265 759 2295 1218.
776 2274 855 2302 4111.

136 2311 189 2343 26.
215 2310 336 2351 Regis]
372 2310 446 2341 The
480 2310 578 2349 King
604 2311 642 2339 of
677 2308 858 2339 Denmark

94 2354 172 2393 (Ep.
219 2355 312 2384 1228.
353 2354 450 2393 3011),
487 2353 570 2384 who
616 2353 688 2383 had
727 2351 858 2382 offered

93 2397 271 2428 Carlstadt
314 2398 391 2438 (Ep.
434 2407 508 2438 911.
549 2398 632 2436 5611)
672 2406 718 2427 an
757 2396 857 2426 urch-

94 2441 296 2481 bishopri03
343 2451 399 2472 see
437 2441 539 2472 BRE.
587 2442 659 2472 206.
710 2440 777 2470 For
811 2448 857 2469 an

91 2490 241 2516 account
276 2484 312 2515 of
341 2485 402 2515 the
433 2485 673 2525 negotiations
703 2492 760 2514 see
791 2483 853 2513 Th.

93 2528 206 2559 Kolde
225 2529 262 2558 in
280 2528 384 2560 ΖΚΘ.
402 2529 465 2558 νί11
487 2529 619 2567 (1885),
635 2528 778 2566 283-92.

135 2582 186 2611 27.
215 2572 353 2611 vxores]
384 2572 448 2603 For
464 2572 644 2612 examples
661 2572 700 2601 of
714 2571 786 2600 this
804 2580 860 2599 see

91 2615 181 2647 LE2.
209 2626 282 2654 474.
311 2616 459 2655 128-50;
498 2616 562 2646 JE.
588 2625 637 2655 73,
666 2625 728 2654 74;
757 2613 857 2644 BRE.

90 2669 178 2698 2203
202 2659 315 2690 Balan
336 2670 389 2691 no.
413 2669 485 2699 107.

134 2713 186 2742 29.
213 2703 312 2734 Meus
339 2703 417 2744 ille]
455 2703 581 2734 Albert
613 2705 650 2734 of
677 2702 862 2734 Branden-

90 2747 188 2785 burg.
224 2747 291 2777 For
307 2746 462 2787 Capito‘s
478 2747 657 2778 influenee
675 2747 764 2777 with
779 2746 856 2776 him

88 2800 144 2821 300
176 2791 239 2830 Ep.
277 2791 368 2829 1158.
400 2799 476 2830 1911,
509 2791 593 2830 and,
622 2792 675 2821 for
698 2791 858 2821 Albert's

88 2834 338 2865 intervention
367 2841 402 2865 at
432 2835 572 2865 Worms
604 2845 648 2865 on
680 2835 803 2865 behalf
825 2835 862 2865 of

88 2877 235 2916 Luther,
256 2876 339 2909 LE2.
356 2888 430 2916 474.
450 2887 568 2917 21-43.

175 2931 271 2952 sacra
303 2921 467 2963 legenda]
505 2922 595 2952 That
631 2922 703 2952 this
735 2931 858 2952 means

87 2965 226 3003 private
254 2965 401 3005 reading
428 2966 458 2996 is
485 2965 610 2996 shown
637 2966 683 3004 by
701 2965 854 3004 Capito's

1096 1793 1137 1822 34
1140 1807 1321 1815 .......
1343 1783 1377 1814 0¹
1396 1795 1402 1814 ε
1427 1785 1442 1814 Ῥ
1460 1784 1656 1815 ardentius.

934 1916 1041 1946 letter
1074 1920 1109 1947 to
1138 1917 1284 1957 Luther,
1313 1927 1351 1947 21
1387 1918 1469 1949 Dee.
1498 1918 1595 1958 (1¹52.
1624 1928 1697 1956 474.

932 1961 1053 1998 53-6):
1081 1960 1286 1991 ‘hominem
1311 1961 1450 2001 perpuli
1475 1962 1517 1992 ad
1551 1962 1698 2001 legenda

932 2012 1039 2043 Sacra,
1052 2005 1261 2044 praesertim
1275 2004 1473 2045 Euangelia
1484 2008 1516 2035 et
1535 2005 1696 2038 Paulum.

931 2050 1114 2086 praeterea
1132 2058 1220 2086 quae
1238 2048 1280 2078 de
1298 2049 1400 2079 bonis
1417 2050 1582 2088 operibus
1601 2050 1698 2089 pien-

932 2092 1072 2122 11331111(λ
1100 2094 1139 2122 tu
1168 2092 1308 2131 pridem
1335 2093 1510 2123 edidisti’.
1559 2094 1612 2123 On
1637 2093 1698 2123 the

932 2143 1027 2165 same
1053 2135 1134 2166 date
1162 2136 1288 2175 Capito
1313 2139 1423 2166 wrote
1451 2139 1485 2166 to
1517 2136 1699 2167 Melanch-

931 2179 1021 2209 thon
1034 2182 1129 2219 (Bz'bl.
1143 2182 1327 2218 Bremensa's,
1344 2181 1388 2210 iv.
1408 2190 1542 2219 1720-1‚
1558 2190 1590 2220 p.
1605 2190 1699 2219 9335

935 2228 1027 2253 “rem
1046 2225 1192 2263 propius
1208 2233 1401 2263 agnoscens
1418 2223 1462 2254 ad
1480 2223 1629 2263 legenda
1647 2234 1699 2254 sa-

930 2276 998 2305 cra,
1019 2268 1062 2297 ad
1084 2267 1281 2297 audiendas
1303 2267 1537 2307 Euangelicas
1561 2269 1697 2298 concio-

930 2319 1001 2349 nes,
1022 2310 1065 2340 ad
1085 2312 1218 2350 primas
1242 2311 1395 2350 episcopi
1413 2313 1530 2350 partes
1545 2311 1698 2351 fungen-

929 2354 991 2384 das
1007 2365 1042 2385 se
1061 2355 1279 2385 destinauit:
1303 2364 1387 2385 nam
1413 2355 1556 2385 dicendi
1580 2355 1697 2386 Euan-

927 2397 1010 2437 gelii
1039 2398 1203 2428 animum
1232 2397 1369 2437 pridem
1404 2399 1583 2431 insumsit.
1615 2399 1697 2430 hac-

928 2444 1034 2472 tenus·
1064 2447 1182 2471 tamen
1214 2443 1407 2472 deterritus
1435 2448 1486 2472 est
1518 2452 1562 2472 ne
1595 2453 1693 2474 conu-

928 2489 1037 2524 retur,
1073 2485 1213 2515 liberali
1245 2486 1379 2525 pudore
1419 2489 1452 2516 ct
1493 2487 1695 2518 reuerentia

929 2529 1197 2560 Ecclesiasticae
1229 2529 1435 2569 maiestatis,
1468 2540 1575 2568 quam
1615 2541 1696 2561 vere

929 2573 1100 2612 expendit
1143 2573 1279 2603 viribus
1331 2574 1404 2604 suis
1443 2575 1659 2613 superiorem
1674 2575 1692 2604 ’.

929 2617 1048 2656 Jonas,
1078 2616 1159 2647 who
1186 2626 1258 2647 was
1290 2627 1369 2647 now
1395 2619 1430 2648 at
1456 2617 1692 2657 &Vittenberg

932 2660 1123 2690 welcomed
1151 2660 1213 2691 the
1242 2669 1339 2691 news
1367 2662 1439 2691 and
1472 2661 1587 2701 hoped
1616 2662 1691 2692 that

929 2704 1031 2734 other
1049 2704 1193 2743 bishops
1209 2704 1328 2734 would
1346 2704 1466 2735 follow
1482 2714 1520 2735 so
1536 2705 1624 2745 good
1649 2715 1694 2735 an

925 2748 1088 2787 example
1107 2748 1183 2787 (JE.
1204 2758 1243 2787 73
1263 2748 1372 2783 initss).

969 2801 1019 2830 34.
1049 2791 1285 2832 conciliando]
1327 2791 1393 2822 For
1439 2792 1598 2823 Albert's
1635 2792 1691 2823 ad-

928 2845 1055 2866 1110003
1073 2842 1108 2865 to
1126 2835 1294 2865 Erasmus
1317 2845 1374 2865 300
1393 2836 1479 2876 Epp.
1500 2837 1575 2867 661.
1600 2846 1611 2866 1
1626 2845 1690 2867 -10,

928 2888 1024 2918 23—9,
1042 2889 1105 2918 32;
1129 2879 1202 2916 986.
1221 2888 1318 2918 31—9.

970 2923 1021 2961 38.
1047 2922 1342 2963 constitutiones]
1378 2923 1450 2953 The
1476 2922 1694 2963 regulations

926 2967 1120 3006 governing
1138 2966 1198 2996 the
1216 2965 1288 2996 sale
1305 2969 1342 2996 of
1359 2966 1597 3006 indulgencie.

1723 717 1762 739 20

1721 1531 1760 1561 35
