1990 3353
317 146 396 187 234
785 148 1036 189 LETTERS
1073 149 1143 188 OF
1181 150 1445 190 ERASMUS
1792 150 1918 206 [1520

727 352 906 408 10901097
978 351 1111 394 FROM
1142 350 1335 392 THOMAS
1368 352 1515 395 MORE.

365 452 560 499 Epistolae
577 455 624 490 ad
643 455 809 492 diuersos
826 469 862 502 p.
885 466 964 502 544.
1555 455 1798 503 <Gr-cenwich
1816 457 1861 504 ‘?>

367 511 459 548 HN:
486 512 603 549 Lond.
623 514 696 549 xiv.
720 524 784 560 15:
811 514 882 550 LB.
904 524 983 561 553.
1572 513 1703 561 <April
1726 515 1850 562 1520.)

568 611 641 653 [An
659 591 905 653 approximate
921 614 1003 646 date
1020 624 1103 655 may
1119 614 1162 645 be
1177 613 1342 654 assigned
1357 613 1450 644 from
1467 614 1530 653 Ep.
1554 613 1666 654 1097.]

710 722 897 753 THOMAS
928 722 1078 754 MORVS
1107 722 1287 753 ERASMO
1317 722 1398 753 SVO
1428 723 1463 755 S.
1485 723 1528 752 D.

371 818 560 858 TAMETSI
580 820 686 859 mihi
705 834 919 871 nunquam
933 821 1014 860 fuit
1030 821 1260 869 obscurum,
1273 820 1446 860 Erasme
1461 821 1651 860 omnium
1666 819 1915 867 dulcissime,

317 877 474 922 quanto
498 875 720 914 interuallo
744 875 944 914 iudicium
971 878 1093 914 tuum
1119 875 1342 915 antecellat
1362 889 1515 923 meum,
1538 887 1754 926 nunquam
1773 876 1916 913 tamen

315 926 525 967 illustrius
550 929 747 968 inclaruit
774 943 898 980 quam
925 930 968 968 in
995 930 1072 969 hoc
1099 930 1283 977 consilio,
1313 943 1394 980 quo
1418 930 1497 968 tibi
1522 930 1686 980 Leoque
1709 929 1920 967 suasimus

317 983 365 1021 vt
394 982 562 1022 libellus
592 984 681 1022 eius
715 987 916 1034 perpetuo
949 986 1228 1035 premereturz
1268 986 1307 1022 te
1341 986 1532 1023 censente
1567 986 1711 1023 contra
1742 984 1791 1022 vt
1824 986 1918 1022 tum

281 1050 297 1080 5
317 1036 458 1086 potius
495 1038 638 1077 aedere
676 1040 893 1086 sineretur,
929 1040 1031 1078 dum
1067 1038 1358 1088 expectabatur
1395 1038 1568 1088 assidue,
1610 1040 1656 1078 vt
1694 1037 1918 1088 aliquando

316 1094 456 1140 posset
475 1106 522 1131 ea
541 1092 654 1131 finiri
673 1093 823 1141 fabula,
844 1107 969 1144 quam
989 1093 1123 1143 sopita
1142 1093 1253 1132 fama
1272 1093 1482 1143 paulisper
1500 1095 1593 1143 post
1612 1092 1744 1131 exiret
1764 1094 1915 1140 tamen,

316 1158 426 1184 noua
453 1147 651 1187 suscitata
678 1148 902 1198 tragoedia.
961 1148 1110 1199 Itaque
1137 1147 1397 1197 perpulimus
1429 1148 1569 1186 verius
1596 1160 1723 1198 quam
1756 1159 1919 1196 persua-

316 1200 461 1248 simus,
483 1204 530 1240 vt
548 1202 592 1240 in
612 1216 659 1241 ea
678 1205 796 1252 pacta
822 1202 1064 1242 concederes
1081 1217 1091 1251 3
1121 1215 1235 1252 quae,
1259 1215 1389 1252 quum
1410 1204 1457 1240 tu
1480 1204 1521 1241 te
1540 1215 1666 1253 neges
1684 1201 1914 1251 infregisse,

317 1254 427 1294 Leus
446 1259 586 1295 sancte
602 1269 690 1295 sese
710 1270 897 1296 seruasse
914 1257 1077 1302 deieret,
1094 1257 1265 1295 interim
1277 1259 1420 1296 tamen
1439 1260 1639 1307 perpetuo
1658 1257 1740 1295 fere
1756 1268 1918 1306 rumpe-

262 1315 299 1338 10
315 1309 481 1349 bantur.
540 1310 625 1349 Per
648 1313 789 1350 vtrum
816 1325 924 1360 vero,
948 1312 1113 1362 quando
1139 1324 1204 1349 res
1230 1325 1296 1349 me
1318 1315 1405 1350 tam
1431 1311 1574 1361 procul
1594 1313 1740 1361 agente
1758 1311 1920 1359 gereba-

316 1365 398 1413 tur,
420 1365 550 1404 altero
570 1365 615 1404 in
639 1366 819 1404 alterum
839 1368 1085 1416 congerente
1110 1368 1405 1416 regerenteque
1424 1365 1608 1405 vicissim
1629 1365 1784 1413 omnia,
1807 1368 1918 1405 certo

317 1419 541 1459 diiudicare
566 1434 649 1458 non
670 1434 840 1470 possum
858 1435 867 1460 :
898 1421 1036 1460 dolere
1056 1422 1222 1459 tantum
1243 1433 1364 1470 cogor
1382 1420 1486 1458 illud
1508 1419 1729 1459 consilium
1749 1420 1918 1460 tantum

315 1474 424 1524 apud
445 1476 655 1525 vtrunque
680 1476 860 1514 valuisse
879 1477 924 1514 vt
952 1489 1032 1525 pax
1058 1475 1248 1522 iniretur,
1271 1474 1379 1525 quod
1399 1475 1626 1513 valiturum
1653 1488 1737 1513 non
1763 1477 1848 1513 erat
1870 1477 1917 1514 vt

315 1531 561 1568 seruaretur.
622 1530 864 1568 Maluissem
898 1531 1010 1568 enim
1043 1532 1136 1568 tum
1174 1528 1366 1567 libellum
1396 1529 1579 1568 aeditum
1611 1543 1740 1579 quum
1775 1529 1919 1569 minus

257 1588 295 1620 Ι5
316 1583 492 1622 irritatis
516 1583 670 1622 animis
691 1586 851 1634 poterat
874 1585 965 1623 aedi
991 1584 1150 1632 mitius,
1174 1596 1298 1633 quam
1323 1585 1370 1621 vt
1399 1597 1512 1622 nunc
1536 1584 1706 1622 demum
1730 1583 1918 1623 adauctis

314 1638 421 1677 odiis
458 1637 718 1676 emitteretur
755 1639 953 1678 acerbior.
1011 1638 1174 1677 Prodiit
1212 1638 1335 1686 enim,
1378 1638 1448 1676 sed
1486 1638 1664 1677 amarior
1701 1638 1917 1689 aliquanto

315 1705 440 1743 quam
478 1692 546 1731 vel
583 1705 813 1743 sperassem
846 1693 915 1732 vel
952 1693 998 1731 in
1026 1706 1114 1731 rem
1152 1692 1300 1730 fuisset
1335 1692 1642 1740 studiosorum;
1686 1693 1731 1732 in
1765 1693 1917 1743 quibus

315 1746 572 1786 desideratur
609 1761 655 1786 ea
691 1748 897 1786 modestia
935 1761 1061 1798 quam
1094 1747 1162 1786 vel
1199 1746 1352 1785 idiotas
1389 1747 1574 1785 inuicem
1605 1760 1689 1786 non
1720 1747 1916 1798 praebere

313 1801 562 1851 pudesceret.
622 1803 682 1840 At
702 1802 779 1840 tibi
797 1804 917 1849 certe,
936 1802 997 1840 mi
1013 1802 1194 1849 Erasme,
1215 1801 1422 1849 conuenit,
1441 1801 1477 1839 si
1492 1814 1633 1840 causas
1648 1815 1751 1851 quas
1763 1801 1917 1851 allegat

257 1867 296 1889 20
314 1855 472 1904 habuit,
506 1869 590 1894 non
624 1856 768 1895 mirari
801 1857 837 1895 si
866 1856 1166 1895 amarulentius
1195 1855 1392 1893 affectum
1423 1868 1548 1894 suum
1578 1858 1663 1894 tam
1694 1855 1917 1906 insigniter

315 1910 498 1949 offensus
525 1910 744 1950 effuderit:
779 1911 845 1949 sin
871 1911 1013 1950 elusus
1037 1914 1101 1949 est
1124 1910 1261 1960 aliqua
1287 1909 1420 1960 figura
1439 1910 1540 1958 veri,
1562 1910 1620 1949 sic
1642 1924 1802 1961 quoque
1826 1924 1917 1949 con-

315 1964 431 2003 uenit
451 1964 674 2014 ignoscere.
734 1965 876 2016 Neque
896 1966 1010 2004 enim
1037 1978 1113 2004 nos
1133 1966 1354 2015 quicquam
1379 1964 1549 2014 segnius
1569 1965 1722 2004 credita
1740 1966 1915 2004 mouent

314 2032 438 2069 quam
459 2019 634 2070 cognita.

370 2074 466 2112 Non
492 2088 536 2112 es
555 2073 620 2112 vel
647 2074 946 2123 admonendus,
972 2073 1128 2124 opinor,
1149 2073 1215 2112 vel
1241 2073 1483 2120 hortandus,
1507 2075 1553 2112 vt
1578 2073 1824 2112 exhibeatur
1842 2073 1916 2112 abs

256 2134 294 2166 25
313 2129 354 2166 te
392 2141 488 2166 vere
526 2128 763 2167 Christiana
795 2129 1009 2176 modestia,
1045 2129 1163 2166 cuius
1200 2127 1318 2166 labor
1354 2127 1400 2165 in
1439 2129 1526 2166 tota
1559 2141 1602 2165 re
1634 2128 1709 2167 vni
1743 2127 1915 2166 desudat

313 2181 491 2231 Christo,
525 2183 597 2232 qui
623 2182 701 2221 tibi
728 2183 842 2221 solus
869 2183 920 2221 ob
944 2184 1085 2221 oculos
1109 2182 1230 2221 debet
1254 2182 1488 2220 obuersari:
1519 2195 1542 2220 a
1568 2196 1649 2232 quo
1675 2181 1913 2221 solidiorem

312 2238 430 2274 tanto
446 2237 596 2275 referes
610 2237 800 2287 gratiam,
817 2239 973 2288 quanto
988 2237 1122 2286 magis
1135 2236 1203 2275 hic
1217 2237 1366 2274 referre
1380 2236 1564 2275 mundus
1578 2250 1712 2287 neque
1726 2236 1915 2287 ingratus

313 2293 429 2329 curat
461 2305 594 2341 neque
620 2294 762 2342 gratus
786 2293 932 2342 potest.
993 2291 1045 2329 In
1070 2292 1186 2330 cuius
1212 2290 1419 2329 immensa
1448 2291 1662 2329 commoda
1690 2304 1822 2341 quum
1851 2293 1914 2329 tot

311 2343 577 2384 incommoda
590 2359 806 2396 perpessus
825 2347 894 2395 sis,
913 2359 1043 2396 quum
1064 2348 1127 2383 tot
1146 2344 1358 2383 laboribus
1372 2343 1656 2383 valetudinem
1679 2345 1910 2391 detriueris,

253 2405 295 2436 30
313 2400 360 2436 vt
384 2399 491 2438 bona
519 2413 784 2450 promoueres
809 2401 960 2448 studia,
983 2402 1122 2438 tamen
1150 2399 1258 2449 apud
1288 2399 1468 2446 inuidos,
1492 2412 1643 2448 eosque
1669 2399 1746 2438 tibi
1774 2412 1914 2449 prope-

313 2454 485 2492 modum
520 2454 593 2493 vni
631 2455 829 2493 debentes
862 2454 1059 2505 quicquid
1098 2454 1253 2492 habent
1291 2453 1516 2500 literarum,
1553 2454 1589 2492 si
1622 2453 1723 2503 quid
1758 2453 1913 2492 habent

313 2506 529 2554 bonarum,
553 2509 663 2546 mala
689 2523 764 2558 pro
784 2510 905 2547 bonis
930 2509 1094 2556 referas,
1119 2521 1166 2546 eo
1189 2506 1367 2546 similior
1392 2521 1434 2545 es
1460 2506 1652 2546 Christo:
1682 2521 1806 2558 quem
1826 2521 1912 2546 non

314 2560 434 2599 aliter
463 2563 595 2611 possis
615 2563 783 2607 ,imitari
816 2564 979 2602 fidelius
1009 2576 1134 2612 quam
1167 2563 1203 2600 si
1230 2561 1450 2600 maledicta
1478 2561 1641 2600 retalies
1668 2562 1910 2610 benedictis,

313 2615 420 2654 sicut
439 2616 625 2656 incitasti
645 2617 880 2656 benefactis.
939 2617 1055 2665 Vale,
1079 2617 1249 2655 Erasme
1268 2615 1408 2653 animo
1424 2629 1516 2654 meo
1537 2616 1785 2654 charissime.

254 2682 294 2713 35
1285 2670 1409 2718 Tuus,
1434 2671 1480 2708 vt
1499 2683 1609 2718 suus,
1633 2670 1678 2708 T.
1699 2671 1851 2709 Morus.

356 2792 386 2822 6.
411 2793 464 2821 H:
487 2791 599 2830 possit
618 2794 651 2821 F.
788 2802 818 2830 9.
843 2794 896 2822 H:
922 2792 1154 2831 rumpebatur
1169 2793 1205 2822 F.
1342 2800 1395 2831 35.
1421 2792 1517 2823 Tuus
1535 2815 1543 2823 .
1562 2816 1568 2822 .
1588 2815 1594 2821 .
1616 2793 1738 2823 Morus
1754 2802 1810 2823 om.
1831 2796 1874 2824 H.

358 2904 389 2934 8.
415 2913 455 2934 ea
493 2904 612 2944 pacta]
658 2904 732 2934 The
772 2904 981 2936 settlement
1027 2907 1077 2935 at-
1147 2904 1202 2934 for
1218 2905 1275 2935 his
1292 2906 1393 2935 notes
1411 2903 1471 2943 (cf.
1490 2904 1547 2934 his
1564 2903 1671 2934 letter
1688 2906 1723 2934 to
1738 2904 1912 2942 Louvain,

314 2947 473 2986 tempted
501 2948 539 2978 in
564 2948 625 2977 the
650 2958 806 2978 summer
829 2949 868 2979 of
894 2958 993 2988 1519:
1022 2958 1079 2979 sce
1147 2947 1318 2979 An›1,0e.f0.
1335 2947 1527 2986 AA⁴>‚and
1542 2947 1602 2977 the
1615 2947 1760 2977 abusive
1773 2947 1914 2978 attacks

316 3001 347 3032 p.
372 3000 441 3031 110,
461 2991 532 3021 and
551 2992 592 3021 cf.
617 2992 679 3030 Rp.
704 3001 793 3029 1074.
814 2992 931 3030 67-74.
1147 2991 1249 3021 made
1273 3001 1369 3030 upon
1393 2991 1470 3021 him
1496 2991 1596 3027 (ibid.
1618 2990 1650 3021 ff.
1670 2990 1734 3022 CC.
1753 2993 1801 3029 v0,
1822 2989 1913 3023 00²:

360 3044 409 3073 19.
435 3034 573 3076 causas]
612 3035 686 3065 'l'he
732 3038 914 3075 contempt
952 3036 1078 3066 shown
1147 3034 1189 3066 cf.
1210 3036 1271 3075 Ep.
1295 3036 1387 3066 1061.
1405 3035 1589 3075 319-509).
