1990 3353
217 244 276 286 165

210 1065 272 1096 180

210 1338 270 1377 185

210 1620 271 1652 190

209 1887 268 1920 195

206 2160 269 2182 200

208 2428 266 2459 205

295 141 376 179 388
761 141 1014 182 LETTERS
1051 144 1123 182 OF
1159 143 1424 183 ERASMUs
1773 143 1811 197 [1
1821 155 1898 192 520

296 244 538 294 compilasse
565 257 772 283 sacrarum
801 244 967 283 aedium
994 245 1371 295 gazophylacium?
1400 259 1524 295 quam
1553 246 1786 286 incantasse
1814 260 1898 285 mo-

295 300 448 337 rituros
469 299 531 337 vti
549 298 630 337 sibi
656 299 868 338 traderent
893 299 1208 345 haereditatem,
1230 300 1440 338 frustratis
1465 300 1745 339 haeredibus?
1772 314 1896 351 quam

295 354 345 391 ad
384 356 603 403 quaestum
641 353 871 402 prodidisse
908 367 1012 403 quae
1049 354 1209 392 audiuit
1250 355 1295 392 in
1339 354 1500 392 arcanis
1537 355 1896 393 confessionibus?

295 407 409 446 Haec
438 408 611 445 fortasse
640 407 895 457 probabilius
923 409 968 445 in
996 408 1120 446 illum
1148 411 1431 458 competerent
1457 422 1583 458 quam
1609 422 1713 458 quae
1732 409 1895 448 volebat

295 461 365 499 ille
394 462 524 500 videri
553 475 640 500 non
668 462 935 501 abhorrentia
963 475 987 501 a
1015 463 1124 501 veris
1153 463 1197 501 in
1227 476 1304 501 me.
1361 462 1475 501 Huic
1504 464 1601 502 diuo
1623 464 1896 502 ⁴committant

293 518 482 565 parentes
502 515 655 555 liberos
674 529 772 555 suos
790 519 836 555 vt
855 517 1061 556 imbibant
1082 530 1200 555 verae
1218 517 1432 567 religionis
1450 519 1625 556 semina.

349 570 456 618 Quid
476 570 555 608 tibi
574 583 687 609 nunc
712 571 887 609 referam
916 571 1113 621 singula?
1169 571 1373 622 Quicquid
1400 585 1644 622 quocunque
1673 586 1770 610 casu
1797 572 1897 610 dice-

294 624 427 671 batur,
462 625 699 674 rapiebatur
730 624 775 663 in
809 625 1063 664 occasionem
1102 626 1290 672 conuicii,
1325 639 1410 663 non
1448 626 1566 664 aliter
1600 640 1725 676 quam
1762 626 1896 664 solent

292 679 411 728 pueri
429 679 610 717 rixantes
637 693 682 717 ac
705 679 970 719 mulierculae
1000 693 1212 729 procaces3
1244 680 1442 730 quicquid
1473 680 1657 719 dixeram
1684 681 1895 730 regerebat

293 733 337 770 in
358 733 580 772 diuersum.
640 734 869 772 Obiiciebat
895 734 1113 784 epistolam
1140 735 1190 773 ad
1219 735 1453 773 Lutherum
1481 735 1688 785 scriptam.
1753 735 1870 773 ‘Illic
1887 735 1896 750 '

261 800 271 804 ·
292 787 476 837 inquam,
504 789 674 827 ‘moneo
703 789 804 839 quid
838 789 1025 827 debuerit
1054 789 1213 827 vitares
1272 789 1422 836 ‘Iino',
1452 789 1602 839 inquit,
1630 790 1771 828 ‘doces
1799 802 1896 827 eum

291 841 493 880 scribere.'
561 842 702 881 Etiam
731 843 809 881 hoc
840 843 1058 882 videbatur
1087 843 1195 882 male
1223 843 1467 882 habiturum
1496 844 1722 890 hominem,
1749 843 1786 882 si
1814 844 1894 882 Lu-

292 897 436 934 therus
455 896 667 946 aliquanto
686 897 839 936 melius
864 898 1121 947 scripsisset:
1151 898 1250 936 adeo
1276 897 1400 935 illum
1429 899 1562 947 perire
1589 898 1787 948 cupiebat,
1811 911 1896 937 non

291 951 450 1000 corrigi.
511 951 591 990 Sed
620 951 726 990 illud
756 951 872 990 nullo
901 952 1025 990 modo
1054 953 1332 1001 concoquebat
1359 953 1468 1001 quod
1497 952 1751 999 adiecissem,
1789 955 1896 991 ‘non

290 1005 493 1044 admoneo
513 1005 611 1056 quid
642 1007 777 1054 facias,
803 1007 874 1044 sed
901 1010 947 1045 vt
977 1007 1084 1055 quod
1114 1006 1214 1045 facis
1241 1012 1441 1056 perpetuo
1471 1007 1630 1046 facias&
1688 1007 1770 1045 Hic
1799 1020 1895 1045 cum

291 1073 528 1098 excusarem
549 1060 794 1099 ciuilitatem
814 1060 1078 1105 rhetoricam,
1105 1074 1187 1110 qua
1214 1073 1412 1110 negamus
1440 1074 1515 1099 nos
1545 1062 1771 1099 admonere
1799 1074 1895 1099 cum

290 1114 472 1152 maxime
505 1115 789 1161 admonemus,
823 1128 967 1153 rursus
1000 1115 1225 1153 incanduit.
1291 1114 1518 1153 ‘Pulchre'
1553 1116 1698 1165 inquit,
1741 1115 1894 1160 ‘dixti3

291 1168 368 1206 hoc
397 1182 493 1207 vere
524 1169 738 1207 rhetorum
769 1173 842 1216 est,
876 1170 1016 1208 omnia
1049 1170 1199 1216 fucare,
1229 1169 1396 1219 fingere,
1430 1169 1629 1208 mentiri.’
1695 1170 1896 1208 Arridens

290 1222 423 1261 fassus
443 1236 537 1261 sum
559 1223 778 1273 aliquando
799 1224 971 1262 mentiri
990 1224 1188 1271 rhetores,
1212 1224 1284 1262 sed
1312 1224 1482 1262 interim
1509 1224 1681 1262 mentiri
1706 1237 1895 1262 nonnun-

290 1290 415 1326 quam
444 1281 484 1315 et
514 1278 734 1328 magistros
762 1282 936 1317 nostros.
997 1279 1179 1317 Rursum
1209 1292 1304 1317 cum
1334 1278 1512 1316 dicerem
1541 1292 1609 1316 me
1637 1278 1895 1317 consuluisse

290 1332 485 1381 dignitati
510 1332 808 1382 theologorum,
834 1334 1058 1382 respondit,
1086 1333 1238 1371 ‘Nobis
1267 1333 1373 1370 hanc
1401 1346 1543 1371 curam
1572 1333 1787 1383 relinque;
1817 1346 1894 1372 nos

289 1387 592 1436 prospiciemus
606 1387 628 1425 ³.
670 1388 775 1426 Cum
796 1387 1001 1435 adderem,
1025 1387 1244 1425 exurendis
1264 1386 1438 1425 Lutheri
1457 1387 1576 1425 libris
1595 1401 1691 1426 eum
1711 1401 1733 1425 e
1752 1387 1894 1425 biblio-

289 1441 422 1479 thecis
452 1442 582 1479 eximi
610 1455 740 1490 posse,
765 1455 815 1480 ex
844 1443 996 1480 animis
1023 1455 1111 1480 non
1139 1442 1268 1480 item:
1303 1441 1406 1489 'Ia',
1431 1442 1580 1491 inquit,
1614 1446 1686 1480 ‘ex
1715 1442 1893 1489 animis;

290 1494 348 1532 ibi
369 1509 464 1533 eum
483 1499 530 1533 tu
551 1497 727 1544 posuisti
740 1497 759 1534 ².

344 1549 450 1588 Cum
478 1550 587 1588 nihil
614 1550 724 1588 inter
744 1564 821 1589 nos
841 1550 1239 1589 conueniret—adeo
1259 1553 1304 1588 vt
1333 1550 1368 1588 si
1389 1550 1567 1588 dicerem
1586 1550 1724 1589 literas
1752 1550 1890 1589 bonas.

289 1604 360 1642 ille
390 1604 586 1642 continuo
606 1609 773 1642 vocaret
802 1605 958 1652 malas,
989 1606 1023 1643 si
1048 1604 1204 1642 librum
1230 1605 1487 1653 castigatum.
1512 1605 1582 1643 ille
1605 1605 1829 1650 falsatum3
1859 1605 1895 1642 si

289 1672 357 1697 me
379 1659 576 1697 dixissem
596 1659 782 1698 alienum
809 1674 831 1697 a
852 1660 1041 1707 factione,
1066 1659 1137 1697 ille
1164 1659 1356 1707 protinus
1382 1662 1505 1707 caput
1523 1659 1727 1697 ,factionis
1756 1659 1891 1708 appel-

289 1713 420 1760 laret;
450 1717 674 1762 negaturus
694 1717 734 1751 et·
755 1714 865 1752 intra
885 1714 1016 1752 oleam
1037 1727 1123 1751 esse
1142 1713 1235 1751 duri
1256 1713 1480 1763 quicquam
1501 1718 1572 1752 aut
1592 1716 1707 1751 extra
1734 1713 1892 1762 iuglan-

290 1768 385 1805 dem
401 1780 490 1805 esse
506 1768 600 1805 duri
613 1768 844 1817 quicquam,
865 1768 901 1806 si
917 1768 1013 1818 quid
1029 1768 1110 1806 tale
1123 1768 1459 1815 affirmassem——,
1477 1768 1626 1805 Rector
1638 1768 1892 1805 intersecans

289 1822 422 1859 rixam
444 1822 529 1860 iam
549 1822 677 1860 nimis
703 1823 870 1872 longam
898 1824 1065 1872 negauit
1095 1822 1196 1859 haec
1225 1835 1311 1860 esse
1339 1822 1463 1870 digna
1493 1822 1715 1871 theologis:
1756 1835 1799 1860 se
1833 1822 1890 1859 lu-

290 1876 456 1914 bentius
475 1877 716 1914 auditurum
738 1879 773 1915 si
790 1878 889 1927 quid
910 1878 1060 1915 faceret
1080 1877 1130 1914 ad
1151 1876 1410 1914 concordiam
1427 1877 1693 1914 sarciendam.
1743 1878 1854 1924 'Age
1869 1876 1888 1921 ⁵,

288 1930 472 1980 inquam,
499 1933 508 1950 ·'
521 1931 686 1980 quando
706 1944 830 1981 negas
850 1945 941 1969 eam
966 1930 1228 1969 concordiam
1249 1930 1369 1968 vnica
1389 1930 1691 1980 compotatione
1711 1930 1892 1980 potuisse

289 1985 407 2032 coire,
422 1985 522 2034 quid
536 1988 723 2035 superest
738 1987 788 2024 ad
805 1985 1176 2024 consummandam
1189 1986 1209 2023 Ῥ
1225 1985 1234 1999 ’
1263 1985 1471 2023 Hortante
1489 1986 1660 2023 Hectore
1677 1985 1792 2028 dixit,
1807 1988 1815 2003 ⁴
1833 1984 1889 2023 Vt

288 2040 438 2077 sarcias
451 2040 605 2078 famam
622 2043 807 2078 nostram
823 2041 895 2079 abs
912 2043 952 2078 te
967 2039 1149 2078 laesam.²
1182 2042 1190 2058 ⁶
1204 2039 1286 2078 Vbi
1294 2037 1330 2077 '3'
1347 2038 1519 2088 inquam
1537 2054 1545 2077 ε
1571 2040 1627 2076 ‘in
1644 2039 1872 2089 Epistolis‘?
1883 2039 1891 2051 ⁵

287 2094 466 2132 Annuit.
530 2094 673 2132 ‘Illis'
703 2095 888 2144 inquam,
929 2094 1037 2132 ‘iam
1072 2094 1280 2142 euulgatis
1315 2094 1421 2130 mihi
1456 2108 1540 2131 11011
1580 2097 1641 2132 est
1680 2094 1725 2131 in
1763 2106 1890 2131 manu

288 2149 395 2197 quod
418 2149 535 2198 petis,
559 2162 796 2198 quanquam
816 2149 900 2187 illic
922 2148 1081 2186 nullius
1101 2148 1255 2186 samam
1276 2147 1402 2186 laesi?
1463 2148 1593 2197 ‘Ergo
1614 2148 1867 2197 palinodiam
1881 2148 1890 2163 ’

287 2203 435 2252 inquit,
465 2204 613 2241 ‘canes
684 2203 897 2251 ⁴Quam‘?’
933 2203 1093 2241 *Scribe
1123 2202 1299 2240 Louanii
1329 2215 1520 2251 synceres
1556 2209 1596 2240 et
1626 2202 1774 2251 probos
1802 2215 1888 2240 esse

287 2257 528 2306 theologos.'
588 2257 684 2295 ·1d'
722 2259 906 2306 inquam.
952 2257 1085 2295 ‘haud
1124 2269 1307 2305 vnquam
1346 2257 1518 2306 negaui3
1570 2257 1639 2294 sed
1677 2269 1779 2306 quos
1817 2269 1891 2306 ego

287 2311 437 2357 taxaui,
473 2312 508 2349 si
546 2311 654 2349 mihi
694 2312 948 2361 praebebunt
987 2311 1158 2360 probam
1197 2310 1426 2348 materiam.
1464 2310 1682 2360 magnifice
1715 2311 1766 2348 de
1803 2310 1889 2348 illis

287 2365 491 2403 scribam.'
548 2365 631 2404 Hic
659 2366 859 2414 irritatus,
887 2366 968 2404 ‘Et
998 2372 1043 2403 tu
1058 2366 1077 2411 ⁹,
1102 2365 1250 2414 inquit,
1279 2365 1340 2402 ‘si
1369 2365 1490 2402 nobis
1518 2365 1755 2414 praebueris
1784 2364 1888 2403 bene

287 2420 484 2469 loquendi
518 2421 749 2467 materiam,
785 2421 889 2459 bene
924 2420 973 2458 de
1007 2423 1047 2457 te
1077 2420 1306 2468 loquemur.
1367 2420 1429 2457 Tu
1463 2419 1608 2458 stilum
1641 2419 1776 2466 habes,
1813 2432 1889 2457 nos

334 2557 404 2585 170.
431 2547 560 2576 liberos
578 2550 629 2577 H:
656 2547 765 2577 libros
782 2552 817 2579 F.
965 2557 1036 2578 200.
1062 2548 1157 2587 quod
1175 2548 1267 2587 petis
1284 2550 1360 2577 (cdd.
1377 2550 1420 2578 H.
1585 2556 1659 2578 201.
1686 2556 1850 2586 synceres
1864 2549 1893 2576 F

288 2593 400 2626 Corrsss.
418 2603 423 2621 :
448 2599 612 2627 syncwwn
632 2594 658 2620 F
670 2593 765 2621 Loncl.

336 2676 405 2712 165.
433 2673 641 2714 morituros]
667 2675 698 2704 A
717 2684 880 2704 common
904 2675 1045 2714 charge:
1127 2674 1290 2711 1157.6n.

287 2717 331 2749 cf.
362 2719 450 2757 Epp.
481 2728 556 2756 230.
581 2727 634 2755 34,
669 2718 750 2756 1196
779 2718 910 2749 inti-od.
960 2719 994 2748 It
1022 2719 1052 2748 is
1171 2726 1238 2754 192.
1257 2717 1353 2746 intra
1367 2716 1498 2757 oleam]
1514 2717 1564 2747 Cf.
1579 2716 1734 2752 Hui-,En
1749 2725 1777 2746 2.
1793 2724 1884 2752 1.31.

288 2763 440 2800 brought
459 2762 600 2800 against
622 2761 875 2800 Egmondanus
895 2763 930 2791 in
948 2764 1048 2798 Epist.
1170 2761 1240 2798 198.
1271 2759 1454 2799 Epistolis]
1471 2770 1498 2790 e.
1512 2770 1543 2799 g.
1558 2761 1597 2790 in
1614 2760 1700 2799 Epp.
1718 2768 1792 2798 539,
1809 2758 1883 2797 908,

288 2808 325 2836 de
346 2808 506 2843 maytstris
524 2807 635 2834 uostris
652 2815 657 2833 :
682 2805 752 2834 Zw.
774 2805 828 2836 Ε.2
845 2815 876 2844 p.
894 2806 968 2844 383.
987 2815 1037 2844 19.
1121 2804 1198 2842 936,
1216 2805 1292 2841 946,
1310 2805 1384 2842 948.
1405 2813 1523 2842 950-1,
1542 2805 1618 2842 967,
1638 2804 1712 2842 980,
1732 2810 1814 2841 991:
1841 2803 1883 2832 cf.

334 2858 402 2887 174.
430 2847 633 2888 epistolam]
653 2847 715 2886 Ep.
733 2849 809 2886 980.
1122 2847 1184 2886 Ep.
1209 2849 1302 2884 1164.
1323 2848 1353 2882 6,
1373 2857 1424 2885 23.

335 2894 405 2931 178.
427 2892 653 2932 adiecissem]
672 2891 734 2930 Ep.
748 2892 824 2929 980.
838 2902 878 2930 52
896 2903 902 2922 :
933 2892 1048 2930 again,
1164 2900 1238 2921 201.
1263 2890 1432 2920 Louaniil
1450 2890 1502 2921 Cf.
1521 2891 1583 2929 Ep.
1604 2899 1695 2928 1173.
1715 2889 1812 2927 35-6.

288 2946 327 2967 as
348 2937 386 2966 in
414 2936 477 2975 Ep.
498 2945 588 2973 1143.
605 2944 704 2974 32-3‚
727 2938 787 2965 not
803 2935 934 2974 quoted
951 2936 1049 2965 liter·
1209 2933 1388 2973 syncercs]
1416 2934 1477 2973 Ep.
1505 2935 1596 2972 1196.
1616 2934 1745 2970 618-19
1768 2932 1885 2962 shows

289 2980 373 3018 ally.
1121 2977 1197 3007 that
1218 2977 1384 3007 Erasmus
1402 2977 1560 3008 believed
1579 2976 1832 3016 Egmondanus
1849 2977 1884 3006 to

335 3024 404 3053 186.
429 3021 636 3062 exurendis]
657 3021 706 3052 Cs.
719 3022 804 3061 Epp.
823 3032 833 3051 1
846 3031 915 3060 153.
932 3022 1048 3061 157—8,
1121 3021 1210 3051 have
1230 3020 1315 3051 used
1334 3020 1408 3051 this
1426 3022 1529 3051 form.
