1990 3353
77 133 173 188 995]
478 134 631 173 FROM
671 133 932 173 LORENzo
973 133 1267 173 CAMPEGIO
1649 138 1673 174 5

1289 245 1397 284 Nam
1420 259 1513 284 mea
1539 247 1678 285 studia

77 298 229 347 quibus
257 311 280 336 a
308 297 491 348 puericia
518 298 567 336 ad
596 298 673 336 hoc
702 311 832 348 vsque
860 298 1007 337 aetatis
1035 299 1218 347 incubui,
1252 312 1491 350 quanquam
1524 313 1548 338 a
1578 301 1674 348 tuis,
1698 314 1736 346 25

76 353 154 391 hoc
173 355 236 391 est
256 365 281 390 a
299 351 436 399 sacris,
460 351 594 390 literis
614 352 764 390 maiori
784 352 853 391 dia
871 366 1001 401 pason
1021 353 1240 392 interuallo
1261 354 1431 400 distant,
1455 355 1514 393 ita
1535 357 1677 393 tamen

77 407 163 446 tuis
181 408 223 445 et
242 406 369 444 huius
387 406 549 456 generis
568 406 739 455 reliquis
760 406 1120 446 lucubrationibus
1139 407 1288 455 fauere,
1311 408 1430 447 dulce
1448 411 1489 447 et
1512 411 1677 458 gratum

77 461 177 500 adeo
195 460 386 507 habuere,
408 463 453 498 vt
474 460 582 498 nihil
603 474 626 498 a
646 461 786 510 paucis
805 461 927 499 annis
947 462 1049 500 citra
1074 461 1294 500 habuerim
1320 464 1394 501 aut
1422 463 1581 512 gratius
1607 466 1678 501 aut

77 515 297 553 iucundius
325 517 397 552 aut
425 515 580 564 potius,
611 527 736 564 quam
771 515 908 565 aliqua
940 516 983 554 in
1017 517 1144 554 sacris
1176 516 1312 555 literis
1342 516 1407 555 vel
1441 517 1583 555 audire
1611 517 1677 555 vel

78 569 233 619 legere:
264 569 378 619 loqui
397 568 515 607 enim
534 568 601 607 vel
622 570 798 607 scribere
817 572 1018 620 tanquam
1040 571 1227 609 nouitius
1246 584 1506 621 nequaquam
1526 571 1674 610 ausim.
1698 585 1739 617 30

133 623 222 672 Quo
242 624 398 661 factum
417 625 493 667 est,
514 623 614 661 dum
637 625 707 661 tua
726 623 792 661 vel
812 625 1073 673 quorundam
1101 625 1368 675 antiquorum
1390 625 1678 675 theologorum

78 678 229 727 scripta
247 678 378 716 veluti
401 691 474 727 per
493 677 614 716 officii
640 677 724 715 mei
751 678 956 716 rationem
983 678 1223 718 sitibundus
1245 692 1346 718 aueo
1375 682 1416 718 et
1439 693 1674 729 prosequor,

76 735 195 771 tanto
216 732 480 770 iucundiores
499 733 594 770 tuae
614 732 722 770 mihi
741 732 957 771 extiterint
977 733 1130 781 literae,
1147 737 1303 783 quanto
1322 734 1555 784 praecipuis
1575 734 1679 772 meis

77 786 186 825 votis
201 788 435 836 expectatae
450 786 590 825 minus
603 787 816 825 aduenere.
855 786 1016 835 Quibus
1032 787 1141 836 quod
1155 788 1334 837 primam
1346 792 1388 827 et
1400 788 1572 827 alteram
1585 791 1678 827 tuas

77 842 121 879 in
130 840 466 879 Instrumentum
480 840 648 878 Nouum
661 841 889 879 aeditiones
901 841 1150 889 adiunxeris,
1161 842 1371 892 reliquum
1386 843 1570 892 profecto
1584 856 1678 881 con·
1698 851 1739 882 35

78 895 239 945 cupitae
259 895 452 944 imaginis
466 897 560 933 tuae
580 894 688 933 mihi
708 895 906 933 obtulisse
926 895 1092 943 videris,
1115 910 1197 946 quo
1218 897 1379 935 diutius
1398 900 1438 935 et
1458 897 1680 936 iucundius

78 951 141 988 tui
162 949 430 999 desyderium
448 952 668 999 tecumque
685 949 949 999 colloquendi
969 950 1175 989 sustinere
1190 951 1370 1001 possim:
1398 952 1506 1001 quod
1523 951 1680 1001 procul-

79 1003 206 1042 dubio
225 1004 411 1042 facturus
430 1017 483 1051 es,
507 1016 718 1053 quousque
739 1004 889 1042 saltem
909 1005 986 1042 hae
1006 1008 1100 1043 tuae
1118 1005 1285 1055 vigiliae
1314 1009 1354 1044 et
1380 1006 1544 1044 labores
1570 1006 1681 1044 inter

78 1071 228 1097 manus
267 1071 381 1097 meas
413 1060 730 1106 erunt,—-erunt
758 1061 898 1097 autem
929 1059 1092 1108 quoties
1124 1073 1147 1098 a
1177 1060 1355 1109 publicis
1386 1060 1598 1099 laboribus
1628 1060 1679 1098 ad

77 1113 239 1163 priuata
258 1112 358 1151 haec
379 1112 527 1152 solatia
554 1112 842 1162 subterfugere
870 1112 1045 1152 dabitur.
1107 1114 1186 1162 Qui
1206 1115 1377 1164 quidem
1397 1115 1504 1165 quod
1535 1128 1680 1153 eorum
1698 1132 1740 1163 40

78 1167 263 1205 nouitate
277 1166 527 1217 quibusdam
546 1167 806 1205 stomachum
827 1170 1035 1216 moueant,
1050 1167 1126 1207 hoc
1139 1168 1363 1207 ventriculi
1384 1182 1527 1207 eorum
1548 1169 1680 1216 labor,

78 1235 164 1260 non
197 1221 353 1270 ingesti
383 1221 451 1259 vel
485 1223 672 1271 apparati
709 1221 791 1260 cibi
828 1222 953 1261 noxia
987 1222 1166 1272 qualitas
1204 1223 1370 1262 fecerit:
1419 1237 1500 1273 quo
1539 1224 1679 1262 minus

77 1289 219 1314 eorum
247 1276 415 1325 ingenia
441 1275 585 1314 mirari
607 1278 679 1314 aut
698 1277 922 1326 aegreferre
942 1277 1076 1324 debes,
1100 1291 1180 1327 quo
1204 1279 1388 1328 apertius
1415 1278 1492 1316 tibi
1517 1281 1680 1316 constat

77 1330 297 1369 sanissima
315 1330 444 1369 etiam
464 1330 669 1368 laboranti
689 1331 901 1369 stomacho
920 1331 1110 1370 insuauia
1131 1345 1229 1371 esse.

67 1412 71 1415 -
131 1384 220 1434 Ego
242 1385 293 1422 ab
312 1384 555 1423 huiusmodi
574 1385 802 1423 offensione
821 1388 988 1424 tantum
1007 1386 1165 1434 absum,
1190 1390 1235 1425 vt
1262 1387 1341 1425 hoc
1361 1386 1501 1436 ipsum
1521 1386 1681 1425 Instru-
1699 1398 1740 1428 45

77 1442 269 1477 mentum
294 1441 416 1477 tuum
444 1439 612 1477 Nouum
634 1439 742 1488 quod
772 1440 823 1477 ad
853 1453 920 1478 me
950 1441 1111 1488 misisti,
1135 1442 1440 1490 propemodum
1470 1442 1549 1479 sim
1570 1454 1681 1479 vora-

77 1496 222 1541 turus;
269 1506 403 1543 neque
441 1493 554 1531 enim
592 1494 800 1532 minorem
848 1494 1080 1533 eruditione
1127 1495 1327 1544 pietatem
1370 1497 1486 1533 tuam
1525 1508 1682 1533 censeo.

78 1547 353 1596 Quamobrem
389 1547 585 1597 quicquid
625 1548 857 1586 calumniae
895 1549 1130 1598 aliquorum
1172 1550 1332 1589 insania
1369 1550 1438 1587 vel
1481 1549 1682 1599 iniquitas

77 1602 310 1652 impingere
339 1602 418 1640 tibi
446 1602 665 1650 studuerit,
690 1603 789 1640 dum
811 1616 914 1653 quae
943 1604 1014 1641 alii
1043 1603 1298 1642 licentiosius
1327 1604 1528 1651 scribunt,
1557 1605 1608 1642 ad
1640 1606 1680 1642 te

77 1657 273 1705 referunt,
304 1656 415 1695 nihil
444 1659 507 1695 est
536 1656 645 1706 quod
675 1670 803 1695 cures.
862 1657 971 1696 Satis
1005 1658 1118 1696 enim
1152 1659 1196 1696 in
1232 1659 1298 1696 his
1332 1672 1436 1708 quae
1469 1658 1680 1708 publicato
1702 1671 1743 1702 50

77 1711 248 1750 nomine
277 1714 350 1749 tuo
379 1711 599 1760 profiteris,
633 1714 815 1760 spectata
844 1715 905 1750 est
935 1714 1007 1750 tua
1036 1712 1247 1763 probitas3
1288 1726 1390 1763 quae
1420 1713 1590 1752 tametsi
1621 1715 1683 1751 est

78 1779 240 1816 magna,
264 1779 311 1804 ea
331 1768 472 1804 tamen
494 1766 667 1804 minime
689 1766 867 1815 effugere
893 1768 1027 1817 potest
1049 1780 1152 1817 quae
1172 1767 1353 1806 illustria
1373 1780 1493 1817 saepe
1512 1767 1684 1817 ingenia

77 1832 163 1858 non
200 1822 440 1869 potuerunt,
479 1821 555 1858 hoc
594 1823 656 1858 est
694 1833 884 1870 peruersa
922 1821 1145 1859 hominum
1182 1821 1335 1860 iudicia
1373 1825 1414 1860 et
1457 1821 1684 1861 maleuolas

77 1874 364 1913 detractiones.
423 1874 478 1912 Et
498 1875 607 1924 quod
632 1874 682 1912 ad
704 1875 928 1925 Dialogum
957 1877 1123 1923 attinet,
1144 1876 1257 1914 istud
1279 1876 1406 1914 velim
1434 1876 1542 1914 mihi
1572 1889 1683 1915 nunc

77 1930 227 1976 credas,
261 1942 327 1967 me
357 1942 570 1979 nunquam
598 1929 676 1967 hoc
707 1929 755 1967 de
784 1933 825 1967 te
854 1930 1006 1968 dixisse
1037 1934 1108 1969 aut
1137 1930 1373 1977 affirmasse,
1406 1935 1479 1969 aut
1507 1930 1682 1969 dubium
1703 1943 1742 1974 55

77 1983 283 2034 aliquibus
314 1983 544 2033 reliquisse,
582 1985 622 2021 te
655 1984 745 2021 eius
778 1984 905 2022 fuisse
941 1987 1139 2023 autorem.
1200 1985 1326 2023 Potui
1355 1986 1558 2033 fortassis,
1592 1998 1683 2023 eam

78 2038 319 2088 opinionem
339 2040 506 2076 secutus
527 2051 607 2088 qua
627 2038 730 2076 dicis
750 2038 943 2088 quicquid
965 2039 1205 2077 libellorum
1226 2039 1366 2089 prodit
1386 2040 1462 2079 hoc
1482 2039 1685 2089 temporis

78 2093 184 2142 quod
215 2092 345 2131 salem
375 2094 447 2130 aut-
475 2092 664 2130 aculeum
694 2092 878 2142 aliquem
907 2093 1068 2140 habeat,
1094 2093 1173 2131 tibi
1200 2094 1390 2143 impingi,
1414 2095 1455 2131 id
1482 2095 1593 2132 intra
1617 2107 1685 2132 me

78 2147 304 2196 cogitasse3
344 2147 416 2185 sed
457 2146 662 2184 humanas
702 2147 971 2196 cogitationes
1007 2149 1099 2198 quis
1130 2148 1255 2195 videt,
1291 2151 1363 2186 aut
1393 2161 1611 2186 censuram
1640 2149 1684 2186 in

76 244 198 283 valde
227 243 486 293 amplissima
513 257 659 294 regum
688 257 862 283 munera
890 244 997 282 mihi
1025 247 1228 284 constent.

78 2201 137 2239 eis
158 2203 319 2239 exercet
332 2202 352 2239 ‘?
382 2201 465 2239 nisi
485 2201 557 2250 qui
578 2203 726 2239 cuncta
746 2201 860 2239 videt
880 2204 921 2240 et
942 2203 1074 2240 veluti
1094 2202 1144 2240 ab
1165 2203 1255 2252 ipso
1274 2203 1391 2253 lapsa
1411 2203 1560 2252 arguit.

119 2309 172 2337 24.
197 2299 365 2330 constent
381 2300 432 2328 E:
469 2298 672 2328 habeantur
687 2299 728 2328 H.

75 2345 127 2374 28.
153 2346 182 2373 F
197 2345 308 2380 Com-Ay.
327 2352 334 2372 :
359 2342 526 2372 habueris
544 2344 581 2373 E.

121 2463 172 2493 34.
196 2453 352 2493 primam
385 2456 421 2483 et
451 2451 621 2493 alteram]
655 2451 689 2482 It
720 2451 751 2481 is
782 2458 843 2481 not

76 2497 171 2527 clear
197 2497 295 2527 what
322 2496 430 2527 books
455 2495 645 2535 Campegio
672 2494 844 2525 received.

77 2541 150 2571 The
168 2541 297 2572 second
313 2540 451 2571 edition
469 2539 507 2570 of
528 2539 590 2570 the
615 2538 702 2569 New
725 2538 845 2568 Testa-

77 2587 179 2615 ment
199 2594 273 2615 was
294 2584 334 2614 in
356 2586 428 2614 two
452 2583 634 2620 volumes;
658 2582 719 2612 the
744 2584 847 2612 notes

77 2628 279 2668 completed
295 2637 340 2658 on
356 2636 399 2666 23
415 2628 505 2667 Aug.
523 2627 616 2665 1518,
638 2626 698 2656 the
714 2628 792 2656 text
809 2626 846 2655 in

78 2671 199 2702 March
217 2680 310 2710 1519.
356 2671 403 2702 In
421 2670 484 2708 Ep.
501 2671 576 2710 961.
595 2670 660 2710 8-9
672 2668 743 2699 and
761 2670 847 2708 66—7

78 2715 248 2746 Erasmus
279 2714 350 2745 had
374 2714 521 2745 written
547 2714 584 2743 of
608 2714 761 2750 sending
784 2713 847 2743 the

79 2759 166 2790 New
181 2759 409 2789 Testament:
435 2767 502 2788 one
514 2756 656 2788 volume
674 2757 846 2787 unbound

77 2802 306 2841 —evidently
318 2802 382 2833 the
396 2804 483 2840 text,
497 2811 534 2832 as
551 2801 580 2831 it
598 2800 670 2831 had
687 2800 820 2831 recent]
825 2810 847 2839 y

79 2855 176 2877 come
207 2846 298 2876 from
332 2845 555 2876 Basle—and
589 2844 652 2875 the
685 2844 788 2874 other
812 2849 847 2873 to

78 2889 200 2920 follow
213 2889 360 2928 shortly,
374 2887 774 2928 bound-presumably
785 2887 847 2918 the

79 2936 192 2972 notes,
204 2933 234 2963 if
247 2932 292 2962 he
305 2932 410 2963 could
424 2933 500 2963 find
513 2942 534 2963 a
546 2941 633 2971 copy
645 2941 772 2971 among
786 2931 847 2961 the

78 2976 293 3007 booksellers
304 2975 342 3006 of
347 2976 521 3007 Louvain.
549 2976 645 3006 Here
657 2976 847 3014 Campegio

80 3020 213 3051 thanks
225 3021 277 3050 for
288 3019 351 3050 the
364 3020 441 3050 first
453 3020 523 3050 and
539 3019 667 3050 second
678 3018 845 3057 editions,

907 2299 958 2328 26.
984 2298 1045 2328 dia
1061 2308 1171 2338 pason
1188 2302 1233 2330 E:
1274 2309 1383 2338 quam
1397 2298 1437 2329 δὶς
1454 2297 1503 2329 διὰ
1517 2297 1624 2329 πασῶν
1640 2302 1682 2330 Η.

715 2351 768 2380 34.
794 2342 917 2372 minus
934 2345 1136 2381 expectatae
1157 2345 1200 2373 H.

1325 2344 1377 2382 38.
1403 2342 1500 2373 inter
1517 2345 1562 2373 F:
1587 2343 1626 2373 in
1645 2346 1680 2373 E.

913 2451 975 2481 but
1004 2451 1130 2490 speaks
1161 2450 1271 2481 lower
1303 2451 1409 2481 down
1436 2450 1474 2490 (l.
1493 2451 1551 2481 81]
1577 2449 1614 2480 of
1644 2454 1685 2480 ‘a

913 2495 1003 2525 book
1016 2495 1034 2525 '.
1083 2495 1263 2533 Erasmus,
1279 2494 1454 2534 however,
1470 2495 1507 2524 in
1526 2494 1588 2533 Ep.
1608 2494 1681 2533 996.

913 2547 949 2576 31
971 2547 1051 2568 uses
1068 2538 1129 2568 the
1145 2538 1275 2578 plural.

957 2582 1069 2612 These
1097 2582 1392 2613 inconsistencies
1423 2591 1506 2620 may
1530 2581 1685 2620 perhaps

916 2626 957 2655 be
975 2625 1167 2664 explained
1186 2626 1231 2665 by
1247 2625 1373 2665 taking
1395 2625 1457 2655 the
1480 2625 1548 2655 last
1573 2627 1685 2655 utter-

916 2679 1002 2700 ance
1033 2679 1071 2700 as
1103 2679 1147 2699 an
1180 2669 1360 2709 oversight
1391 2669 1528 2708 arising
1558 2674 1619 2699 out
1651 2668 1689 2698 of

918 2712 1098 2743 Erasmus'
1111 2713 1295 2743 intention
1313 2723 1320 2750 ;
1342 2712 1414 2743 and
1432 2712 1478 2751 by
1490 2712 1686 2752 supposing

916 2756 996 2787 that
1021 2757 1210 2796 Campegio
1233 2757 1263 2787 is
1283 2756 1368 2786 here
1391 2756 1538 2795 making
1560 2765 1607 2786 an
1632 2756 1682 2785 in-

915 2804 1051 2831 correct
1085 2800 1267 2831 inference
1306 2801 1399 2830 from
1439 2800 1502 2829 the
1543 2800 1684 2829 volume

914 2844 1033 2874 which
1060 2844 1131 2874 had
1149 2843 1302 2874 reached
1320 2843 1409 2879 him,
1429 2843 1585 2882 namely,
1605 2843 1685 2872 that

914 2888 975 2918 the
991 2897 1059 2918 one
1075 2887 1255 2927 promised
1272 2889 1308 2917 to
1323 2886 1445 2918 follow
1455 2896 1528 2917 was
1541 2889 1605 2917 not
1623 2886 1684 2916 the

914 2933 1016 2962 notes
1035 2932 1097 2961 but
1114 2931 1176 2961 the
1193 2932 1270 2961 first
1287 2929 1437 2961 edition.

960 2984 1012 3014 54.
1040 2974 1246 3014 Dialogum]
1278 2974 1352 3004 The
1376 2976 1482 3004 Iulius
1505 2975 1684 3004 Est-clusas:

917 3028 973 3048 see
991 3019 1053 3058 Ep.
1073 3028 1136 3057 502
1154 3018 1288 3049 introd.
