1990 3353
294 122 375 160 522

770 121 1024 162 LETTERS
1064 121 1133 160 OF
1169 122 1433 162 ERAsMUs

1773 123 1894 178 [1521

213 237 277 277 480
294 234 533 281 argenteas3
567 232 670 271 item
699 233 750 271 iis
779 234 848 283 qui
877 234 1115 274 dubitarent
1143 248 1196 273 an
1225 235 1412 274 sacerdos
1440 234 1662 285 insigniter
1686 249 1731 274 ac
1760 235 1897 285 palam

295 287 513 336 improbus
542 287 759 326 conficeret
785 287 940 338 aliquid
967 289 1256 328 sacramentali
1281 289 1518 328 functione:
1549 289 1659 328 haud
1691 303 1898 340 quaquam

296 341 441 379 fauens
470 342 649 380 istorum
679 342 818 390 errori,
842 343 913 381 sed
941 343 1166 394 indignans
1194 344 1246 381 iis
1273 344 1346 394 qui
1365 343 1453 382 vita
1480 344 1616 393 palam
1645 346 1685 382 et
1711 344 1897 395 vndique

295 395 577 434 contaminata
596 396 838 445 praeberent
858 410 1022 435 causam
1042 398 1285 436 huiusmodi
1303 397 1558 447 suspitionis.

349 449 534 500 Collegia
571 463 674 500 quae
711 450 847 489 multo
884 452 1187 502 magnificoque
1225 455 1395 502 sumptu
1443 454 1543 490 sunt
1589 452 1697 502 apud
1734 452 1897 503 Anglos

211 508 274 548 485
293 503 499 551 instituta,
523 504 685 543 dicebat
714 504 874 544 officere
903 506 1025 546 bonis
1053 506 1216 553 studiis,
1240 520 1315 545 nec
1343 507 1456 545 aliud
1486 519 1573 545 esse
1596 520 1721 556 quam
1750 506 1898 546 inuita-

249 563 253 568 '
294 558 392 596 bula
420 559 675 598 ociosorum:
715 572 849 610 neque
877 560 1033 599 scholis
1061 560 1240 611 publicis
1267 561 1437 611 perinde
1466 561 1649 599 multum
1678 561 1896 607 tribuebat,

294 612 403 662 quod
441 613 615 651 ambitio
652 613 876 664 profitendi
919 618 962 654 et
999 618 1192 666 quaestus
1240 615 1381 654 omnia
1418 615 1571 654 vitians
1618 617 1897 664 corrumperet

293 667 584 717 synceritatem
603 668 795 706 omnium
817 669 1140 719 disciplinarum.

347 722 405 760 Vt
424 722 726 761 confessionem
746 726 945 762 secretam
965 724 1235 763 vehementer
1254 723 1465 774 probabat,
1488 736 1645 774 negans
1671 736 1713 762 se
1731 723 1818 762 vlla
1845 737 1896 762 ex

211 788 274 820 490
293 789 336 813 re
365 789 506 825 capere
534 777 785 816 tantundem
814 779 1111 817 consolationis
1139 792 1184 817 ac
1219 779 1319 817 boni
1347 778 1533 828 spiritus,
1562 779 1621 816 ita
1654 778 1823 817 anxiam
1851 791 1896 817 ac

293 830 470 869 subinde
503 831 722 880 repetitam
750 833 1020 871 vehementer
1048 833 1283 872 damnabat.

1341 833 1449 871 Cum
1477 832 1585 882 apud
1614 832 1777 882 Anglos
1806 845 1897 871 mos

294 884 350 922 sit
388 887 435 923 vt
472 886 701 924 sacerdotes
739 886 823 924 fere
863 887 1048 937 quotidie
1086 887 1240 926 faciant
1278 901 1366 925 rem
1405 887 1604 935 diuinam,
1645 887 1716 925 1110
1755 889 1896 925 tamen

293 941 513 978 contentus
533 943 618 978 erat
633 940 779 979 diebus
793 942 1027 980 Dominicis
1046 955 1091 980 ac
1102 942 1219 980 festis
1238 941 1477 989 sacrificare,
1493 944 1565 980 aut
1585 945 1692 981 certe
1711 941 1899 991 pauculis

293 994 440 1032 diebus
469 997 583 1033 extra
614 995 689 1033 hos
706 1009 715 1033 ε

206 1059 271 1091 495
292 1048 634 1097 concionandum,
671 1051 712 1087 et
748 1050 942 1089 ecclesiae
975 1064 1073 1089 suae
1110 1050 1290 1101 negociis
1327 1050 1620 1099 distineretur;

756 996 845 1034 siue
877 997 987 1046 quod
1018 996 1145 1035 sacris
1176 996 1336 1043 studiis,
1371 996 1524 1046 quibus
1557 1009 1600 1035 se
1637 995 1808 1046 parabat
1844 997 1896 1034 ad

1663 1052 1750 1090 siue
1789 1051 1896 1100 quod

293 1103 538 1151 comperiret
572 1117 614 1141 se
648 1104 805 1143 maiore
839 1118 934 1142 cum
967 1105 1115 1144 affectu
1155 1105 1393 1152 sacrificare,
1429 1105 1466 1143 si
1503 1105 1546 1142 id
1586 1119 1636 1144 ex
1672 1104 1896 1144 interuallo

292 1156 451 1196 faceret.
484 1157 611 1196 Haud
629 1172 836 1209 quaquam
855 1162 996 1198 tamen
1015 1159 1276 1209 improbabat
1289 1159 1460 1198 illorum
1472 1160 1728 1208 institutum,
1744 1159 1896 1210 quibus

292 1211 472 1260 placeret
491 1212 675 1261 quotidie
695 1213 806 1252 adire
826 1227 1016 1252 mensam
1036 1214 1312 1253 Dominicam.

346 1265 452 1304 Cum
483 1269 591 1305 esset
625 1267 713 1317 ipse
743 1268 1021 1316 doctissimus,
1056 1271 1197 1307 tamen
1230 1269 1396 1307 anxiam
1428 1269 1535 1307 hanc
1568 1269 1611 1307 et
1647 1267 1896 1307 laboriosam

210 1337 273 1368 500
291 1320 540 1370 sapientiam
560 1335 645 1360 non
665 1323 874 1371 probabat,
898 1336 1002 1372 quae
1028 1336 1077 1361 ex
1103 1324 1296 1362 omnium
1323 1323 1637 1373 disciplinarum
1660 1322 1898 1373 cognitione

292 1376 334 1412 et
372 1388 421 1413 ex
460 1376 651 1414 omnium
686 1379 882 1416 autorum
914 1377 1089 1416 lectione
1118 1378 1234 1417 velut
1265 1378 1377 1416 ansis
1409 1378 1605 1416 omnibus
1638 1376 1896 1416 absoluitur:

292 1429 490 1468 dictitans
510 1431 569 1469 ita
589 1431 719 1469 deteri
739 1432 928 1471 natiuam
947 1432 1065 1470 illam
1085 1432 1245 1481 ingenii
1271 1433 1493 1471 sanitatem
1517 1445 1562 1470 ac
1589 1432 1895 1481 syncel-itatem,

291 1483 565 1534 hominesque
584 1485 701 1524 reddi
716 1485 859 1524 minus
879 1499 998 1524 sanos
1014 1488 1056 1524 et
1070 1487 1120 1526 ad
1135 1486 1414 1525 Christianam
1429 1486 1715 1525 innocentiam
1733 1498 1896 1536 puram-

293 1551 373 1587 que
399 1552 446 1576 ac
472 1539 706 1589 simplicem
733 1540 978 1579 charitatem
1004 1541 1148 1579 minus
1177 1541 1360 1580 idoneos.

209 1604 271 1635 505
293 1592 496 1642 Epistolis
514 1594 772 1643 Apostolicis
789 1609 799 1641 ;
828 1595 899 1633 sed
918 1595 977 1633 ita
1003 1595 1253 1645 suspiciebat
1279 1595 1569 1634 admirabilem
1600 1595 1717 1633 illam
1739 1594 1895 1634 Christi

1418 1541 1658 1579 Plurimum
1686 1540 1897 1579 tribuebat

293 1647 554 1686 maiestatem
594 1650 642 1687 vt
679 1649 729 1687 ad
778 1650 884 1687 hanc
923 1650 1229 1699 quodammodo
1276 1651 1557 1689 sordescerent
1595 1649 1895 1699 Apostolorum

291 1702 456 1751 scripta.

291 1755 448 1803 niones,
475 1757 584 1795 vnde
608 1760 650 1796 et
678 1757 832 1796 librum
857 1758 1095 1797 instituerat
1119 1759 1308 1797 scribere.

516 1703 667 1741 Omnia
705 1703 789 1741 fere
828 1704 986 1743 Christi
1026 1704 1135 1743 dicta
1166 1704 1272 1742 miro
1302 1704 1468 1754 ingenio
1498 1705 1709 1743 reuocarat
1737 1703 1787 1742 ad
1817 1705 1893 1742 ter-

1368 1759 1484 1807 Quod
1513 1759 1744 1797 sacerdotes
1765 1757 1892 1796 etiam

291 1811 476 1860 occupati
506 1812 690 1861 quotidie
720 1815 806 1850 tam
836 1812 1018 1873 prolixas
1050 1826 1191 1863 preces
1225 1813 1445 1851 exhaurire
1479 1815 1734 1862 cogerentur,
1767 1812 1894 1851 etiam

333 1954 408 1991 480.
436 1955 581 1994 palam
571 1965 667 1995 impr
670 1955 773 1995 obus]
791 1954 864 1985 The
889 1955 1004 1985 undei
1007 1955 1058 1995 ly

290 1997 353 2036 ing
380 1998 560 2038 principle
584 2008 630 2029 on
659 1999 779 2030 which
812 1998 911 2029 Colet
938 1999 1058 2030 would

289 2041 405 2072 admit
430 2051 477 2073 no
502 2042 644 2082 doubts
674 2052 746 2073 was
772 2042 981 2082 differently
1007 2054 1058 2074 re-

287 2084 419 2124 garded
443 2086 491 2126 by
514 2086 684 2117 Erasmus
708 2087 816 2117 when
840 2087 996 2117 asserted
1020 2087 1059 2118 in

287 2138 308 2159 a
335 2138 474 2160 coarser
499 2129 592 2160 form
624 2131 672 2170 by
703 2140 723 2161 a
754 2129 969 2161 Franciscan
1000 2140 1057 2170 op-

289 2175 443 2210 ponent:
488 2173 530 2205 cf.
566 2174 653 2214 Epp.
692 2174 789 2211 1188,
830 2183 925 2212 1192,
960 2176 1053 2214 1196.

287 2216 480 2257 Vitrarius,
501 2227 547 2248 on
572 2218 636 2248 the
661 2219 840 2256 contrary,
864 2217 950 2248 held
974 2218 1055 2248 that

293 2260 530 2300 ‘Quiconques
541 2261 640 2292 oiioit
653 2262 687 2292 la
697 2271 810 2292 messe
821 2260 907 2292 d’un
919 2265 1055 2301 prestre

287 2305 417 2335 tenant
431 2315 501 2335 une
514 2304 647 2336 femme
663 2315 709 2336 en
726 2315 764 2336 sa
777 2305 926 2343 maison,
944 2306 1055 2345 peche

288 2347 576 2380 mortellement'
592 2359 601 2379 t
633 2359 689 2380 see
713 2348 941 2388 dMA1gentre,
968 2351 1056 2380 Colle-

288 2394 344 2421 <tio
361 2394 560 2431 iudicioomum
579 2392 591 2422 1
608 2392 738 2433 (1728),
757 2394 807 2432 pt.
825 2402 857 2431 2,
874 2403 906 2432 p.
925 2402 1001 2432 340.

332 2435 406 2473 484.
432 2435 602 2477 Collegia]
651 2436 756 2467 From
829 2436 1052 2476 comparison

287 2479 377 2508 with
396 2489 415 2508 a
432 2489 575 2519 passage
599 2480 639 2510 in
665 2480 727 2510 the
744 2483 787 2510 De
802 2482 1054 2510 Piommtiss‘atwm

289 2521 374 2562 (LB.
395 2523 418 2553 i.
436 2532 502 2563 919
513 2524 552 2562 A)
577 2523 616 2553 in
643 2524 764 2554 which
790 2523 959 2554 Erasmus
985 2524 1052 2556 dis-

287 2574 405 2596 cusses
423 2566 551 2596 Colet's
567 2576 648 2597 new
658 2567 886 2605 foundation,
900 2568 928 2597 it
941 2577 1055 2598 seems

287 2609 367 2639 that
384 2609 459 2640 this
480 2612 574 2641 term
599 2614 696 2641 must
720 2620 827 2642 mean
851 2610 936 2641 here
954 2613 962 2628 ‘
977 2611 1054 2642 Col-

287 2651 380 2691 legia
418 2654 672 2685 canonicorum
687 2655 708 2693 ’,
746 2656 988 2694 corporations
1021 2655 1059 2685 of

286 2696 424 2726 secular
448 2707 582 2728 canons
607 2698 750 2737 serving
777 2707 797 2728 a
823 2698 958 2729 church
982 2698 1054 2729 and

286 2739 421 2779 having
453 2750 472 2771 a
507 2741 626 2771 school
657 2740 838 2772 attached.
883 2742 987 2772 Some
1021 2741 1057 2773 of

287 2783 398 2823 these,
417 2784 506 2814 such
523 2794 560 2815 as
582 2785 756 2824 Beverley
773 2785 846 2815 and
871 2785 1055 2822 Crediton,

287 2836 379 2857 were
397 2828 436 2857 of
453 2830 553 2867 great
569 2829 754 2868 antiquity
773 2839 780 2859 τ
804 2828 925 2859 others
949 2828 1055 2860 dated

287 2870 379 2900 from
397 2870 458 2902 the
477 2872 636 2902 reaction
652 2872 792 2912 against
810 2873 1055 2904 monasticism

287 2914 326 2944 in
344 2914 435 2945 xiiic.
453 2914 560 2954 med.,
588 2915 650 2945 the
674 2915 819 2946 earliest
844 2916 951 2956 being
973 2916 1055 2947 that

287 2957 446 2988 founded
476 2959 521 2997 by
550 2959 612 2998 Bp.
643 2959 741 2990 Giles
762 2960 799 2990 of
824 2959 994 2999 Bridport
1018 2962 1055 2990 at

286 3000 471 3041 Salisbury
502 3002 541 3033 in
575 3003 670 3033 1261.
729 3003 759 3033 A
790 3003 858 3033 few
889 3003 928 3033 of
954 3002 1054 3034 these

1129 1955 1279 1995 colleges
1296 1965 1386 1985 were
1404 1954 1559 1986 founded
1585 1956 1621 1985 at
1645 1964 1684 1985 01⁴
1706 1953 1834 1984 moved
1859 1956 1894 1985 to

1128 2000 1189 2030 the
1229 1999 1492 2036 Universities;
1528 1998 1591 2028 but
1629 1999 1691 2029 the
1723 1997 1895 2037 majority

1128 2053 1219 2074 were
1257 2042 1432 2074 scattered
1471 2052 1555 2073 over
1593 2041 1772 2082 England.
1829 2041 1893 2072 See

1130 2088 1171 2118 A.
1191 2086 1228 2117 F.
1247 2086 1375 2124 Leaeh,
1392 2088 1523 2125 Enylislz
1540 2088 1660 2117 Schools
1675 2089 1708 2116 at
1727 2087 1774 2116 the
1790 2087 1895 2123 Refor-

1126 2133 1256 2169 mation,
1275 2130 1369 2169 1896,
1390 2130 1412 2167 i,
1430 2140 1488 2170 pp.
1511 2138 1625 2168 11—15,
1645 2139 1763 2167 20-24.

1169 2175 1242 2213 486.
1262 2173 1392 2205 scholis
1403 2172 1573 2214 publicis]
1587 2173 1652 2204 See
1664 2173 1727 2213 Ep.
1736 2182 1892 2211 1002911.

1167 2227 1244 2257 490.
1269 2218 1431 2257 anxiam]
1457 2217 1510 2249 Cf.
1529 2217 1553 2248 l.
1575 2226 1674 2255 13411.

1168 2271 1243 2300 501.
1267 2261 1381 2302 ansis]
1417 2261 1470 2292 Cf.
1496 2262 1600 2298 Adaq.
1629 2270 1718 2299 304:
1744 2261 1752 2277 ⁴
1769 2259 1893 2290 Philo-

1125 2306 1257 2345 sophus
1294 2304 1445 2344 quidam
1490 2304 1736 2335 adolescentes
1781 2303 1895 2334 nullis

1126 2349 1394 2380 mathematicis
1443 2347 1648 2388 disciplinis
1698 2348 1891 2378 instructos

1125 2392 1244 2423 noluit
1280 2392 1483 2431 admittere,
1517 2391 1614 2431 quod
1651 2390 1786 2422 diceret
1818 2390 1893 2422 illis

1123 2437 1244 2467 deesse
1261 2445 1388 2467 ansam
1405 2435 1651 2475 philosophiae
1665 2435 1683 2466 '.

1165 2489 1239 2519 507.
1265 2479 1309 2510 ad
1346 2479 1544 2520 terniones]
1588 2480 1668 2510 into
1697 2487 1826 2518 groups
1861 2478 1898 2508 of

1123 2524 1225 2554 three
1242 2534 1249 2554 :
1266 2523 1308 2554 cf.
1326 2523 1389 2563 Ep.
1405 2533 1477 2562 735.
1495 2532 1523 2553 1.
1551 2522 1694 2562 Lupton
1704 2522 1743 2553 in
1753 2521 1894 2562 editing

1125 2566 1255 2598 Colet's
1267 2569 1379 2597 Letlers
1390 2570 1417 2597 ro
1427 2568 1625 2606 Radulphus,
1633 2566 1725 2606 1876,
1738 2575 1795 2606 pp.
1813 2575 1887 2605 310,

1127 2620 1176 2650 11,
1190 2610 1371 2641 identifies
1384 2610 1446 2641 the
1462 2610 1562 2640 work
1578 2608 1790 2641 mentioned
1810 2609 1892 2640 here

1124 2655 1215 2685 with
1246 2654 1310 2684 the
1337 2656 1572 2691 Breuiloquium
1602 2656 1754 2684 dictorum
1781 2655 1893 2683 Christi

1123 2697 1324 2729 attributed
1341 2699 1377 2728 to
1394 2697 1494 2729 Colet
1510 2698 1557 2737 by
1574 2697 1710 2728 Gesner
1723 2696 1894 2737 (Elenchus

1125 2745 1320 2781 scriptorum,
1347 2741 1401 2772 ed.
1429 2741 1464 2773 C.
1490 2741 1745 2781 Lycosthenes,
1770 2740 1887 2779 Basle,

1126 2785 1158 2816 J.
1187 2785 1377 2825 Oporinus,
1407 2784 1503 2825 Sept.
1534 2783 1658 2825 1551);
1693 2783 1766 2814 and
1793 2784 1891 2823 gives

1125 2829 1306 2868 examples
1330 2828 1368 2859 of
1387 2829 1473 2859 such
1491 2828 1744 2867 arrangement
1762 2836 1892 2867 among

1126 2872 1188 2903 the
1227 2873 1372 2911 sayings
1409 2872 1448 2902 of
1483 2872 1615 2903 Christ.
1663 2871 1732 2902 For
1762 2869 1891 2902 Colet’s

1125 2915 1295 2946 fondness
1334 2915 1388 2945 for
1418 2915 1508 2946 such
1539 2915 1714 2955 grouping
1744 2923 1801 2945 see
1832 2914 1890 2945 1115

1123 2961 1322 2991 Ηίενιιτσήίεε
1358 2960 1395 2996 os
1425 2961 1608 2996 Dionysius,
1646 2958 1700 2990 ed.
1733 2957 1890 2998 Lupton,

1128 3003 1221 3042 1869,
1241 3012 1300 3042 pp.
1321 3012 1425 3044 ¹91v2·
