1990 3353
72 131 193 186 1153]
470 132 541 170 TO
580 128 909 169 GODESOALC
946 126 1288 166 ROSEMONDT
1599 125 1678 162 363

73 242 207 281 bonus
237 244 357 289 esset,
386 240 535 290 corrigi
564 240 700 290 potius
730 251 856 288 quam
883 238 1011 288 perdi.
1074 238 1124 276 Id
1155 237 1192 276 si
1221 239 1285 275 est
1313 237 1452 275 fauere
1481 234 1676 280 Luthero,

72 296 252 345 ingenue
291 295 422 334 fateor
464 308 531 333 me
571 306 682 332 nunc
720 306 881 342 quoque
918 293 1055 331 fauere
1093 291 1280 338 homini3
1330 287 1680 340 quemadmodum

74 350 253 388 arbitror
281 353 321 389 et
350 350 590 388 Romanum
620 347 870 386 Pontificem
903 347 968 384 illi
998 347 1148 393 fauere,
1177 345 1385 394 simulque
1413 356 1488 381 vos
1520 354 1676 388 omnes,

73 405 110 443 si
140 405 264 443 modo
292 418 387 442 vere
417 403 608 452 theologi,
639 403 724 440 imo
753 401 789 440 si
818 400 1048 440 Christiani
1074 400 1197 439 estis:
1235 399 1442 449 siquidem
1470 397 1541 434 ille
1571 409 1681 445 prae·
1701 408 1738 439 55

74 459 239 508 scriptis
277 459 425 497 diebus
463 458 561 496 satis
599 456 746 494 multis
783 455 939 493 inuitat
976 455 1027 493 ad
1065 454 1404 504 resipiscentiam.
1464 452 1681 491 Caeterum

73 513 251 563 populus
270 527 366 551 cum
386 513 502 551 audit
521 513 667 558 fauere,
690 510 799 549 nihil
818 509 933 548 aliud
953 508 1155 558 intelligit
1176 522 1301 559 quam
1322 521 1388 546 me
1407 506 1560 545 sentire
1586 518 1682 542 cum

73 568 146 605 illo
166 567 211 605 in
232 568 299 606 his
319 581 423 617 quae
443 568 695 605 damnantur
712 564 763 603 ab
782 564 886 603 aliis.

128 622 321 660 Addebat
343 621 451 671 quod
470 622 558 659 erat
576 618 873 668 impudentius,
896 632 963 657 me
991 631 1076 657 non
1104 617 1241 655 solum
1271 616 1436 662 fauisse,
1462 614 1533 653 sed
1563 613 1682 651 enixe

76 677 204 714 etiam
245 679 439 714 conatum
474 674 705 719 defendere,
741 675 865 723 atque
898 673 1038 722 ipsum
1068 672 1260 719 irrisisse,
1294 672 1462 708 tantum
1490 667 1681 706 videlicet
1702 680 1744 711 40

77 730 224 768 heroa:
269 731 375 780 quod
411 730 454 768 in
488 728 621 767 literis
655 728 705 766 ad
739 727 855 767 card.
890 727 1185 778 Moguntinum
1220 725 1385 775 scriptis
1415 722 1683 761 meminerim

77 784 324 823 Carmelitae
358 784 585 831 cuiusdam,
618 783 690 832 qui
719 782 830 832 quod
861 782 1071 820 Lutherus
1099 780 1344 831 scripsisset,
1379 791 1464 816 non
1494 779 1683 827 oportere

77 839 279 877 sacerdoti
303 838 491 877 confiteri
518 837 708 887 capitalia
729 838 892 886 peccata
911 836 1061 883 omnia,
1085 835 1155 873 sed
1178 834 1398 873 manifesta
1425 833 1684 870 duntaxat—

76 893 280 931 nimirum
300 894 485 932 sentiens
505 892 738 939 manifesta,
764 904 846 929 non
871 904 975 941 quae
996 890 1148 940 populo
1178 890 1316 927 essent
1345 888 1454 934 nota,
1483 887 1553 925 sed
1583 899 1684 935 quae

75 947 139 985 illi
160 949 232 997 qui
253 948 487 986 admisisset
506 946 769 993 indubitata3
799 947 906 995 quod
932 958 1064 994 genus
1093 946 1192 983 sunt
1217 941 1504 985 homicidium,
1526 940 1683 979 adulte·
1704 954 1743 984 45

77 1002 199 1049 rium,
218 1002 388 1048 furtum,
408 1005 450 1039 e't
471 1002 578 1051 quod
600 1014 712 1039 nunc
735 1001 777 1038 in
800 1000 976 1050 peccatis
997 1013 1084 1038 esse
1104 999 1238 1046 desiit,
1259 996 1467 1035 virulenta
1487 995 1683 1033 obtrecta-

78 1056 202 1104 tio—-,
228 1057 285 1095 sic
313 1056 531 1095 detulisset
559 1055 667 1105 apud
693 1055 905 1104 populum,
932 1055 1049 1104 quasi
1075 1054 1283 1092 docuisset
1311 1052 1433 1089 ficere
1458 1051 1502 1088 in
1531 1049 1685 1087 confes-

79 1111 192 1149 sione
214 1112 384 1149 reticere
404 1111 604 1160 quaedam
625 1110 806 1148 admissa
827 1109 1070 1147 criminalia.
1129 1110 1269 1156 Atque
1294 1106 1406 1144 istud
1434 1118 1518 1142 non
1546 1117 1596 1141 ex
1620 1117 1685 1141 me

80 1166 344 1210 somniaram,
376 1165 447 1203 sed
482 1178 531 1203 ex
567 1164 744 1214 quodam
774 1163 906 1202 vestri
939 1163 1096 1201 ordinis
1135 1163 1354 1212 praecipuo
1388 1171 1685 1209 cognoueram,

79 1220 198 1258 cuius
219 1233 383 1267 nomen,
401 1233 496 1257 cum
511 1222 588 1257 erit
605 1232 718 1268 opus,
733 1218 940 1267 proferam
962 1218 1050 1256 tibi.
1103 1219 1165 1255 Ac
1179 1230 1291 1255 nunc
1304 1227 1466 1265 quoque
1480 1213 1687 1252 affirmant
1707 1232 1747 1262 50

76 1287 162 1312 esse
183 1275 449 1312 verissimum
470 1274 580 1323 quod
601 1274 758 1322 scripsi.

131 1330 201 1366 An
240 1329 276 1367 is
314 1329 507 1367 defendat
545 1328 776 1366 Lutherum
815 1327 888 1376 qui
926 1326 1035 1364 dicat
1072 1326 1210 1364 locum
1255 1324 1436 1373 aliquem
1474 1334 1687 1372 perperam

80 1383 373 1422 intellectum?
431 1383 474 1420 Si
494 1382 729 1420 Lutherum
759 1381 946 1419 refellere
975 1381 1091 1430 pium
1121 1383 1195 1425 est,
1219 1378 1423 1417 nimirum
1454 1377 1687 1424 intelligere

81 1438 357 1475 necessarium
373 1440 445 1475 est.
487 1441 680 1486 Agnosco
695 1436 1020 1474 mediocritatem
1039 1435 1105 1473 vel
1121 1435 1260 1484 potius
1274 1432 1521 1471 tenuitatem
1538 1443 1686 1469 meam.

81 1492 175 1529 Non
196 1492 303 1529 mihi
323 1494 490 1529 tantum
509 1491 757 1529 eruditionis
775 1503 921 1539 arrogo
940 1495 985 1528 vt
1004 1490 1159 1539 possim
1183 1490 1230 1527 de
1251 1488 1387 1526 aliena
1405 1488 1485 1525 fide
1510 1498 1689 1535 pronun·
1709 1503 1747 1535 55

81 1545 199 1592 ciare,
222 1559 297 1584 nec
318 1548 484 1584 tantum
504 1545 742 1584 autoritatis
756 1544 923 1582 vindico
939 1547 985 1582 vt
1000 1544 1128 1581 velim
1146 1557 1154 1590 ;
1185 1556 1258 1581 nec
1279 1545 1445 1580 tantum
1467 1545 1528 1579 est
1550 1539 1627 1578 ocii
1642 1541 1687 1576 vt

82 1606 196 1638 vacet
219 1599 394 1638 Lutheri
416 1601 545 1638 libros
568 1600 771 1638 euoluere.
828 1599 913 1636 Nec
943 1602 1029 1636 tam
1059 1612 1153 1636 sum
1185 1598 1356 1636 demens
1379 1598 1425 1634 vt
1455 1596 1497 1633 in
1527 1609 1571 1633 re
1600 1597 1687 1634 tam

83 1655 224 1693 odiosa
256 1655 387 1693 velim
424 1655 595 1704 probare
632 1656 705 1692 aut
739 1653 983 1702 improbare,
1020 1653 1103 1691 nisi
1136 1652 1255 1690 libris
1288 1651 1403 1689 illius
1439 1650 1632 1688 omnibns
1664 1662 1689 1710 a

82 1709 214 1758 capite
234 1722 361 1759 vsque
385 1710 435 1747 ad
462 1709 628 1756 calcem,
652 1708 761 1758 quod
788 1708 871 1746 dici
899 1708 1014 1751 solet,
1040 1707 1262 1757 diligenter
1289 1705 1409 1744 lectis
1438 1719 1482 1743 ac
1512 1704 1685 1742 relectis.

83 1764 316 1802 Damnatur
354 1764 506 1814 vbique
551 1776 716 1813 preceps
761 1762 974 1806 iudicium,
1018 1762 1088 1800 sed
1126 1761 1394 1811 potissimum
1432 1760 1475 1797 in
1514 1759 1687 1797 exitium
1709 1765 1750 1797 60

80 1818 274 1856 hominis.
336 1818 524 1868 Denique
559 1831 634 1856 nec
666 1822 752 1855 tam
785 1817 943 1855 stultus
975 1829 1066 1854 sum
1102 1819 1148 1855 vt
1182 1816 1292 1854 vltro
1325 1829 1392 1852 me
1425 1817 1513 1852 tam
1548 1814 1690 1851 odioso

83 1873 253 1922 negocio
274 1873 500 1920 inuoluam,
525 1873 592 1910 cui
621 1873 666 1910 in
696 1884 866 1910 omnem
895 1871 1027 1909 vitam
1057 1871 1112 1909 sit
1141 1870 1419 1914 seruiendum,
1443 1882 1539 1906 cum
1569 1869 1689 1906 liceat

81 1927 264 1965 ociosum
295 1930 569 1976 spectatorem
599 1940 729 1976 agere.
801 1926 855 1964 Et
887 1928 1029 1964 tamen
1059 1925 1192 1963 obtuli
1222 1925 1340 1962 vobis
1372 1936 1573 1973 organum
1603 1923 1689 1960 stili

82 1981 181 2028 mei,
212 1982 247 2019 si
278 1982 401 2020 modo
432 1995 506 2020 vos
536 1995 603 2019 me
633 1981 792 2019 idoneis
823 1981 1080 2030 argumentis
1112 1979 1385 2018 instrueretis.
1445 1978 1690 2026 Quanquam

82 2036 180 2073 haec
201 2049 265 2073 res
285 2049 369 2073 non
390 2039 475 2074 tam
497 2036 642 2074 stilum
663 2036 795 2085 poscit
816 2048 942 2084 quam
962 2034 1163 2072 iudicium
1183 2037 1224 2071 et
1243 2046 1452 2072 sacrarum
1471 2032 1690 2069 literarum
1710 2039 1750 2081 65

81 2089 315 2128 absolutam
335 2091 539 2139 peritiam,
564 2090 742 2140 denique
761 2090 953 2127 animum
974 2089 1025 2126 ab
1046 2088 1241 2127 omnibus
1259 2087 1455 2126 humanis
1476 2086 1690 2124 affectibus

80 2144 272 2183 liberum.

139 2199 253 2237 Haec
291 2212 386 2237 cum
424 2200 482 2237 sic
520 2199 710 2246 habeant,
748 2198 864 2236 vides
902 2211 1026 2247 quam
1065 2197 1319 2246 impotenter
1355 2197 1513 2234 factum
1552 2195 1605 2233 sit
1640 2195 1690 2232 ab

84 2253 369 2302 Egmondano,
393 2253 465 2303 qui
484 2255 602 2303 prius
628 2253 678 2291 de
705 2266 772 2291 me
794 2253 917 2290 verba
943 2252 1084 2290 fecerit
1114 2264 1239 2301 quam
1269 2251 1318 2288 de
1348 2251 1544 2288 Luthero.
1608 2249 1691 2286 Nec

84 2307 125 2346 id
160 2308 273 2346 satis.
333 2309 440 2346 Cum
473 2307 671 2346 articulos
703 2307 862 2357 aliquot
895 2307 1083 2344 recitaret
1122 2307 1165 2343 in
1204 2305 1427 2355 diplomate
1460 2304 1688 2349 damnatos,
1715 2322 1754 2354 70

84 2363 343 2411 venissetque
363 2363 412 2401 ad
434 2362 657 2400 articulum
678 2362 728 2400 de
748 2361 1028 2408 Confessione,
1053 2362 1222 2410 repente
1242 2361 1309 2405 ἔξω
1329 2363 1401 2397 τῶν
1420 2359 1564 2403 ἐλαιῶν,
1581 2358 1690 2407 quod

86 2416 214 2463 aiunt,
242 2417 371 2454 ‘Sunt
387 2417 395 2432 ⁹
414 2417 564 2467 inquit,
592 2416 686 2465 ‘qui
706 2416 852 2454 dicunt
876 2416 982 2453 hanc
1008 2415 1310 2453 confessionem
1339 2413 1576 2452 institutam
1607 2426 1691 2449 non

86 2483 110 2507 a
138 2470 311 2517 Christo,
339 2471 408 2509 sed
439 2484 462 2509 a
491 2471 699 2510 Patribus.
759 2470 872 2508 Hoc’
894 2469 1040 2519 inquit,
1067 2469 1241 2506 ‘falsum
1269 2469 1379 2516 est⁷3
1410 2467 1601 2506 videlicet
1627 2481 1692 2504 me

87 2524 300 2572 denotans,
325 2526 434 2574 quod
454 2525 499 2564 in
518 2525 722 2575 Apologia
743 2538 822 2574 qua
843 2523 924 2561 Leo
944 2523 1181 2573 respondeo,
1206 2523 1413 2572 disputem
1438 2523 1544 2560 hanc
1572 2521 1692 2559 confi-

134 2691 185 2720 35.
213 2682 442 2721 praescriptis
466 2681 607 2723 diebus]
634 2683 677 2713 In
703 2684 854 2720 Exsurge,

90 2728 230 2761 Domine,
253 2727 267 2761 ξ
288 2735 326 2755 10
343 2725 402 2765 (cf.
421 2726 484 2766 Ep.
500 2735 591 2764 114¹·
606 2728 702 2765 2011),
720 2725 858 2755 Luther

91 2779 164 2799 was
188 2768 338 2799 allowed
363 2769 458 2809 sixty
483 2770 569 2809 days
593 2772 630 2800 to
647 2769 781 2808 change
799 2769 857 2799 his

92 2813 208 2843 mind.

137 2867 189 2893 41.
210 2857 339 2896 literis]
366 2857 430 2896 Ep.
446 2866 538 2896 1033.
568 2856 684 2894 78-82.
736 2856 778 2886 ln
796 2856 858 2886 the

94 2902 324 2941 Spongtz'agLB.
335 2911 365 2931 x.
378 2902 482 2938 1644ss
494 2916 518 2926 a:
530 2900 604 2931 HE.
614 2909 687 2938 333.
701 2902 856 2938 §§122,3,1

95 2943 263 2975 Erasmus
316 2947 427 2975 states
473 2944 553 2975 that
602 2943 857 2982 Eginondanus

96 2987 248 3028 brought
278 2987 431 3019 forward
461 2988 536 3018 this
567 2987 693 3026 charge
727 2987 762 3016 in
795 2987 857 3017 the

96 3031 282 3062 interview
295 3032 410 3063 before
427 3030 641 3062 Rosemondt
656 3042 663 3069 3
685 3031 747 3060 but
760 3030 858 3061 there

927 2683 956 2712 is
975 2692 1019 2711 no
1037 2681 1198 2710 mention
1217 2679 1254 2709 of
1268 2679 1295 2708 it
1315 2678 1352 2708 in
1370 2678 1432 2718 Ep.
1458 2679 1551 2708 1162.

970 2735 1021 2764 49.
1049 2723 1203 2763 quodam
1220 2722 1331 2753 vestri
1354 2722 1507 2762 ordinis]
1535 2721 1691 2759 Perhaps

928 2769 1047 2807 Dorp;
1072 2768 1116 2798 cf.
1139 2777 1194 2806 pp.
1215 2767 1266 2804 87,
1290 2776 1359 2795 111.

971 2822 1021 2851 70-
1042 2809 1246 2850 damnatos]
1271 2810 1332 2840 No.
1348 2810 1367 2838 8
1381 2811 1419 2840 in
1432 2811 1447 2846 ξ
1462 2819 1481 2838 2
1494 2809 1691 2846 ofExsmye,

928 2858 1056 2886 Domine
1074 2855 1154 2895 (Ep.
1175 2864 1266 2891 1141.
1285 2861 1382 2891 2011).

972 2910 1022 2938 74.
1050 2899 1088 2928 in
1106 2896 1291 2937 Apologia]
1318 2897 1363 2927 In
1390 2896 1450 2927 the
1475 2896 1574 2927 third
1602 2898 1691 2933 part,

929 2943 1010 2982 May
1038 2951 1129 2980 1520,
1156 2942 1360 2980 answering
1383 2951 1438 2971 no.
1468 2948 1505 2978 15
1530 2940 1567 2969 of
1597 2939 1693 2968 Lee's

929 2986 1021 3016 later
1053 2987 1164 3023 notes,
1190 2994 1236 3015 on
1260 2984 1347 3015 Acts
1375 2994 1425 3023 19.
1454 2985 1516 3013 18:
1548 2983 1614 3013 Lss.
1646 2982 1690 3011 ix.

929 3039 990 3069 255
1008 3039 1078 3068 seq.
1128 3028 1178 3059 Cf.
1197 3028 1260 3068 Ep.
1284 3036 1376 3066 1225.
1399 3037 1495 3065 11911.
