1990 3353
67 107 188 163 1206]
517 108 589 147 ΤΟ
626 107 854 148 BEATUS
892 107 1212 147 RHENANUS
1584 111 1664 149 499

63 221 218 260 inesset
238 219 347 270 quod
367 217 433 257 vel
453 218 700 257 offecturum
720 217 854 256 famae
874 230 990 255 meae
1004 217 1227 263 videretur,
1241 218 1307 257 vel
1326 219 1666 258 exacerbaturum
1688 233 1727 256 10

64 275 329 314 vehementer
348 273 592 322 cuiusquam
614 271 815 310 animum.
876 271 961 309 Nec
983 271 1130 311 dubito
1149 273 1251 322 quin
1273 274 1319 312 tu
1340 274 1481 312 sedulo
1501 287 1575 323 pro
1595 276 1668 312 tua

66 330 109 368 in
131 341 207 367 nos
224 327 517 367 beneuolentia
535 326 592 364 sis
611 325 736 363 amici
755 325 918 374 synceri
938 326 1109 364 functus
1127 327 1271 366 officio.
1330 328 1386 366 Et
1410 330 1550 366 tamen
1581 328 1668 366 illic

65 383 192 422 etiam
212 383 434 420 inuentum
454 382 519 419 est
544 380 650 430 quod
678 379 787 429 apud
809 380 1010 428 quosdam
1029 381 1150 430 plane
1170 382 1345 432 tragicas
1365 382 1447 420 iras
1466 382 1665 421 excitarit.

64 438 198 486 Quare
218 437 430 475 decretum
451 436 538 473 erat
557 435 601 472 in
623 436 759 472 totum
780 433 831 471 ab
854 433 933 472 hoc
960 434 1104 484 scripti
1130 448 1277 483 genere
1305 436 1526 477 desistere:
1556 449 1668 486 prae-

64 491 208 531 sertim
229 503 325 529 cum
346 502 458 528 nunc
477 502 543 526 res
557 489 743 536 vndique
759 487 879 526 miris
894 488 1073 536 agitetur
1086 489 1354 538 tumultibus,
1371 504 1416 529 ac
1437 491 1667 529 multorum
1692 503 1728 535 15

63 545 195 584 animi
225 545 282 584 sic
314 544 419 582 odiis
447 543 533 581 sint
562 542 804 589 exacerbati,
827 544 875 580 vt
894 541 1002 580 nihil
1029 545 1116 581 tam
1141 543 1302 589 blande,
1324 545 1433 583 nihil
1459 548 1545 584 tam
1576 545 1669 583 sim-

65 600 237 650 pliciter.
259 598 367 637 nihil
393 602 479 636 tam
502 597 798 646 circumspecte
825 596 956 646 possis
985 597 1166 636 scribere
1186 599 1292 648 quod
1321 612 1406 637 non
1434 601 1597 649 rapiant
1624 600 1668 638 in

60 653 326 693 calumniam.

119 709 207 758 Ego
226 720 355 758 quum
376 706 617 744 adolescens
635 707 760 754 atque
779 704 905 743 etiam
925 706 1058 744 aetate
1077 705 1191 744 virili
1211 706 1414 756 plurimas
1433 708 1669 757 scripserim

65 762 272 813 epistolas,
295 761 366 799 vix
391 760 521 799 vllam
548 763 690 798 tamen
716 758 762 797 in
789 759 865 797 hoc
892 759 1038 810 scripsi
1061 762 1108 797 vt
1133 761 1358 800 aederetur.
1416 761 1668 801 Exercebam
1692 777 1732 799 20

64 817 223 864 stilum,
259 815 455 855 fallebam
489 814 637 862 ocium,
674 813 859 863 nugabar
895 826 991 852 cum
1025 814 1226 862 amiculis,
1264 817 1479 855 stomacho
1512 830 1671 855 morem

65 871 282 922 gerebam3
312 869 486 919 denique
505 868 622 920 ,nihil
651 867 762 906 aliud
793 867 862 906 hic
891 869 974 906 fere
1003 881 1128 918 quam
1156 869 1362 918 ludebam,
1394 870 1501 909 nihil
1530 871 1670 909 minus

63 927 285 976 expectans
320 937 444 974 quam
478 925 524 961 vt
557 922 800 961 huiusmodi
834 922 1003 961 naenias
1035 923 1314 963 describerent
1342 927 1381 963 et
1412 928 1672 964 asseruarent

66 980 199 1019 amici.
262 979 369 1017 Nam
399 978 528 1016 Senae
563 990 658 1015 cum
692 990 836 1024 essem,
869 976 1201 1016 humanissimus
1229 978 1301 1017 ille
1330 979 1438 1027 Piso,
1474 980 1544 1030 qui
1577 983 1671 1018 tum

66 1035 193 1084 Regis
217 1034 282 1072 sui
307 1033 478 1071 nomine
504 1034 709 1070 oratorem
729 1031 874 1081 agebat
895 1031 1003 1080 apud
1025 1031 1185 1070 Iulium
1205 1033 1469 1082 Pontificem,
1491 1035 1672 1084 repperit
1694 1050 1730 1081 25

66 1089 176 1139 apud
199 1087 472 1137 bibliopolam
492 1086 697 1136 quendam
721 1088 978 1135 prostantem
998 1086 1178 1125 codicem
1202 1087 1469 1137 epistolarum
1490 1088 1667 1137 Erasmi,

65 1143 137 1182 sed
167 1155 295 1181 manu
325 1141 609 1191 descriptum:
639 1139 741 1178 emit
769 1152 815 1179 ac
844 1139 952 1178 mihi
981 1140 1110 1179 misit.
1172 1142 1225 1180 In
1254 1142 1333 1180 hoc
1362 1144 1529 1181 tametsi
1554 1146 1672 1181 erant

67 1197 204 1236 multa
232 1210 336 1247 quae
367 1197 540 1234 fortasse
569 1207 652 1233 non
682 1194 857 1244 indigna
875 1194 1011 1233 videri
1040 1198 1230 1245 poterant
1261 1210 1363 1246 quae
1392 1200 1669 1241 seruarentur,

65 1254 209 1291 tamen
243 1251 425 1290 offensus
457 1262 552 1288 casu
586 1251 675 1288 tam
708 1248 933 1299 inopinato,
970 1252 1106 1288 totum
1142 1252 1322 1300 quantus
1354 1255 1452 1299 erat,
1484 1251 1672 1291 Vulcano

65 1306 212 1345 dicaui.
272 1305 482 1343 Reuersus
501 1303 662 1354 repperi
685 1303 753 1341 hic
776 1303 937 1342 similes
960 1303 1124 1342 libellos
1148 1305 1257 1355 apud
1282 1306 1514 1355 complures
1540 1307 1672 1344 adser-
1694 1319 1735 1350 30

66 1360 170 1408 uari,
193 1360 238 1399 in
267 1359 423 1409 aliquot
450 1357 704 1408 exemplaria
731 1358 971 1397 transfusos.
1032 1358 1088 1397 Et
1111 1359 1178 1398 hic
1204 1360 1397 1410 quicquid
1419 1374 1443 1398 a
1462 1361 1574 1399 notis
1599 1361 1672 1399 im-

67 1417 230 1466 petrare
250 1414 377 1464 potui,
400 1412 588 1452 Vulcano
608 1412 772 1450 tradidi.
833 1412 912 1451 Sed
939 1412 1111 1452 tandem
1130 1416 1324 1464 expertus
1344 1427 1437 1453 sum
1458 1415 1565 1453 mihi
1585 1428 1671 1453 rem

64 1482 151 1508 esse
175 1481 270 1507 cum
291 1474 462 1507 excetra.

124 1523 214 1562 Hoc
235 1523 363 1572 igitur
381 1521 555 1560 consilio
575 1534 722 1571 passus
742 1534 836 1559 sum
856 1521 966 1560 exire
984 1521 1195 1572 quasdam,
1214 1525 1260 1561 vt
1274 1523 1339 1561 vel
1360 1523 1497 1562 satiati
1518 1524 1674 1562 desine-

68 1580 163 1616 rent
183 1578 369 1627 flagitare
390 1579 581 1624 caeteras,
604 1574 671 1613 vel
697 1576 777 1626 ipsi
804 1578 912 1614 certe
937 1576 1185 1615 desisterent
1209 1577 1260 1616 ab
1285 1577 1461 1616 aedendi
1487 1578 1669 1625 consilio,
1695 1587 1732 1617 ‚²5

69 1646 164 1671 cum
184 1632 463 1683 perspicerent
484 1643 551 1668 me
569 1630 665 1668 huic
686 1630 856 1679 negocio
872 1643 1023 1669 manus
1042 1631 1292 1670 admolitum
1312 1645 1411 1671 esse.
1470 1633 1537 1670 Ad
1560 1633 1670 1679 haec,

66 1687 231 1726 exirent
258 1688 368 1725 certe
396 1697 491 1723 cum
521 1684 661 1734 aliquo
690 1684 865 1733 delectu,
889 1684 1110 1736 minusque
1136 1686 1384 1736 deprauatae
1412 1700 1534 1736 quam
1566 1687 1673 1736 apud

70 1741 226 1780 multos
245 1740 507 1779 habebantur
524 1739 775 1790 descriptae:
811 1739 991 1789 denique
1012 1740 1156 1778 minus
1179 1740 1379 1779 haberent
1398 1741 1521 1780 aloes.
1581 1741 1673 1780 Hcc

69 1795 244 1834 consilio
260 1794 526 1843 Farraginem
542 1793 775 1843 recognoui,
793 1794 993 1843 quaedam
1008 1794 1188 1844 explicui
1202 1808 1306 1845 quae
1321 1795 1489 1834 sinistre
1505 1796 1672 1846 quidam

71 1851 238 1889 fuerant
261 1849 523 1898 interpretati
540 1862 549 1895 ς
581 1848 783 1897 quaedam
803 1849 989 1898 expunxi
1010 1849 1161 1898 quibus
1179 1849 1559 1888 animaduerteram
1581 1863 1675 1900 quo·
1696 1862 1736 1893 40

72 1904 250 1943 rundam
280 1904 459 1942 offensos
487 1904 666 1949 animos,
685 1902 866 1940 nimium
890 1903 1074 1952 profecto
1099 1906 1265 1942 teneros
1287 1906 1411 1954 atque
1431 1905 1676 1950 irritabiles;

70 1959 277 2009 quaedam
298 1958 464 1996 mitiora
482 1957 654 1995 reddidi.
712 1958 773 1995 At
794 1970 936 1995 rursus
956 1957 1108 1996 horum
1130 1960 1364 2008 temporum
1387 1959 1493 1997 ratio
1513 1960 1610 1997 fecit
1630 1962 1675 1997 vt

74 2026 140 2052 me
176 2014 265 2051 eius
303 2011 467 2050 consilii
501 2011 742 2061 poeniteret.
813 2011 1069 2061 Iampridem
1108 2012 1273 2062 magnis
1307 2013 1412 2051 odiis
1449 2013 1677 2063 flagrabant

74 2067 212 2106 studia
230 2066 441 2105 tuentium
462 2065 627 2116 linguas
646 2078 692 2104 ac
713 2065 842 2104 bonas
865 2066 1019 2113 literas,
1044 2070 1086 2104 et
1113 2067 1291 2106 istorum
1316 2068 1388 2118 qui
1415 2067 1494 2106 sibi
1521 2068 1677 2106 stultis-

70 2121 176 2160 sime
195 2121 445 2171 persuadent
464 2119 660 2158 decedere
679 2120 768 2159 suis
786 2121 1015 2159 commodis
1031 2121 1227 2171 quicquid
1242 2122 1435 2160 accrescit
1455 2122 1676 2172 prouentui
1696 2131 1735 2161 45

74 2175 260 2214 melioris
279 2175 529 2214 literaturae.
567 2173 663 2213 Mox
683 2174 922 2213 Lutherana
941 2176 1152 2224 tragoedia
1170 2176 1215 2213 in
1235 2178 1395 2214 tantam
1412 2177 1564 2215 exarsit
1584 2189 1676 2215 con-

71 2229 320 2277 tentionem,
336 2232 383 2268 vt
401 2242 478 2267 nec
497 2228 613 2279 loqui
631 2231 773 2267 tutum
794 2229 849 2267 sit
868 2242 944 2268 nec
964 2232 1106 2268 tacere.
1148 2230 1386 2280 Rapiuntur
1404 2231 1448 2269 in
1465 2231 1677 2269 diuersum

72 2284 224 2332 omnia,
243 2285 369 2322 etiam
389 2297 492 2333 quae
512 2283 669 2333 optimo
688 2283 828 2322 animo
848 2283 1113 2323 scribuntur:
1144 2298 1196 2322 ne
1215 2287 1380 2334 tempus
1400 2285 1569 2336 quidem
1591 2299 1678 2335 per-

74 2339 269 2388 penditur
288 2351 369 2388 quo
388 2337 553 2387 scripsit
572 2337 734 2388 aliquis,
757 2338 825 2376 sed
849 2338 956 2387 quod
978 2351 1053 2376 suo
1073 2342 1258 2389 tempore
1278 2342 1387 2378 recte
1407 2340 1676 2387 scribebatur,

71 2393 331 2432 transferunt
350 2392 393 2431 in
414 2395 581 2442 tempus
600 2391 1047 2431 incommodissimum.
1697 2400 1736 2431 50

122 2511 169 2541 14.
195 2511 324 2542 genere
341 2502 465 2542 scripti
481 2504 517 2533 F.
642 2512 691 2542 15.
719 2502 939 2533 tumultibus
956 2503 1139 2541 agitentur
1153 2503 1189 2532 F.
1314 2511 1364 2541 19.
1389 2501 1488 2531 virili
1507 2503 1621 2532 aetate
1640 2504 1676 2533 F.

74 2546 128 2577 28.
153 2545 269 2577 multa
287 2557 307 2575 α
323 2556 329 2576 :
354 2546 534 2585 permulta
550 2548 586 2577 F.
744 2546 894 2585 indigna
911 2548 999 2576 aH:
1023 2546 1129 2580 digna
1147 2547 1181 2576 F.
1388 2555 1440 2584 29.
1468 2547 1543 2575 tam
1562 2546 1677 2584 inopi-

76 2591 162 2620 nato
178 2599 259 2620 casu
276 2591 312 2620 F.
469 2598 522 2628 30.
547 2590 724 2620 Reuersus
745 2591 883 2630 repperi
901 2590 959 2620 hic
977 2600 1019 2620 a:
1045 2589 1114 2619 Hic
1132 2598 1293 2619 reuersus
1310 2590 1467 2629 comperi
1484 2592 1512 2619 F
1527 2589 1613 2629 (Hic
1630 2591 1678 2619 F:

79 2633 159 2664 Huc
175 2635 236 2665 Η).
369 2635 416 2664 F:
442 2634 531 2673 aput
546 2644 576 2665 α,
714 2642 765 2672 32.
792 2634 960 2673 expertus
978 2643 1055 2663 sum
1072 2632 1217 2663 tandem
1234 2635 1271 2663 F.
1420 2642 1472 2671 39.
1500 2635 1545 2662 F:
1570 2633 1678 2663 ferra-

76 2678 195 2716 ginem
211 2687 241 2708 α.
393 2676 540 2715 quidam
560 2676 707 2707 sinistre
723 2679 758 2707 F.
953 2687 1003 2715 42.
1028 2677 1077 2706 At
1095 2688 1114 2705 α
1132 2687 1140 2706 :
1165 2679 1216 2706 Ac
1233 2679 1266 2707 F.
1462 2687 1512 2714 44.
1541 2676 1678 2707 stultis—

78 2720 166 2750 sime
183 2720 251 2750 sibi
268 2722 302 2750 F.
438 2729 490 2759 45.
516 2721 592 2751 suis
609 2720 803 2751 commodis
820 2720 990 2751 decedere
1008 2723 1043 2750 F.
1178 2721 1229 2757 48.
1258 2720 1465 2750 scribuntur
1481 2721 1603 2750 animo
1621 2723 1654 2750 F.

124 2828 173 2858 13.
197 2818 283 2859 iras]
300 2818 350 2850 Cf.
370 2818 432 2858 Ep.
455 2827 547 2858 1170.
910 2816 970 2856 29)
989 2817 1058 2847 and
1076 2816 1210 2847 several
1224 2817 1261 2846 of
1275 2816 1336 2846 the
1351 2816 1451 2847 Paris
1467 2816 1588 2856 period
1607 2816 1677 2847 had

122 2872 173 2893 20.
200 2862 413 2906 Exercebam
427 2861 566 2902 stilum]
578 2861 685 2901 Many
696 2862 734 2892 of
744 2861 842 2892 Eras-
913 2862 999 2890 been
1018 2860 1160 2899 printed
1180 2861 1216 2889 in
1236 2860 1298 2890 the
1314 2862 1464 2898 Farrago.

79 2905 168 2936 mus’
182 2909 280 2945 early
293 2905 416 2936 letters
427 2905 545 2936 which
560 2906 649 2936 have
663 2905 839 2937 survived.
956 2914 1008 2942 24.
1035 2903 1159 2942 senae]
1178 2903 1228 2934 Cf.
1243 2903 1330 2944 Epp.
1343 2905 1408 2934 216
1420 2904 1563 2939 introd..
1584 2913 1675 2942 1297.

76 2959 176 2980 corne
214 2949 330 2980 under
361 2949 435 2979 this
465 2948 536 2979 and
568 2949 631 2980 the
662 2948 845 2987 following
912 2949 964 2978 66.

76 2993 281 3033 categories.
329 2993 412 3023 Two
431 2992 522 3023 from
540 2992 648 3032 Steyn
668 2993 771 3033 (ΠΕΡΙ).
790 2993 843 3030 26,
957 3000 1009 3029 41.
1034 2991 1195 3031 offensos]
1212 2990 1263 3022 cf.
1283 2991 1345 3031 Ep.
1366 3001 1460 3030 1170.

814 3047 944 3086 xk2
