1990 3353
312 143 387 180 124
773 140 1026 179 LETTERS
1065 140 1135 178 OF
1172 139 1438 178 ERASMUS
1788 137 1914 193 [1519

314 262 417 300 quos
437 250 523 288 suis
545 251 674 300 ipsius
703 251 899 289 manibus
925 250 1135 300 impositis
1159 251 1378 299 ordinarat,
1403 265 1580 301 quorum
1602 251 1726 289 fidem
1753 254 1793 288 et
1814 250 1916 288 inte-

255 319 270 340 2
277 319 294 349 5
313 305 508 354 gritatem
535 306 598 343 tot
621 305 758 343 modis
780 306 1034 354 perspectam
1063 307 1106 342 et
1133 306 1388 355 exploratam
1416 305 1606 350 habebat,
1641 307 1795 354 quanto
1824 304 1918 353 plus

315 358 438 397 hodie
464 359 638 408 periculi
660 361 724 397 est
750 361 836 398 tam
860 359 1025 397 difficile
1051 372 1206 398 munus
1230 360 1364 398 cuiuis
1388 362 1544 399 temere
1570 360 1756 398 credere!
1805 358 1918 396 Olim

315 413 493 462 singulis
511 413 752 451 ciuitatibus
771 413 926 462 singuli
952 413 1241 462 praesidebant
1266 414 1473 464 episcopi:
1502 416 1625 464 atque
1653 414 1699 451 in
1724 413 1792 451 his
1816 412 1918 462 ipsis

316 480 415 505 sane
435 469 560 516 quota
581 467 715 516 portio
735 470 822 506 erat
839 467 997 505 Christi
1017 468 1259 518 religionem
1280 468 1567 518 profitentium
1583 470 1602 507 ⁶?
1645 467 1701 505 Vt
1717 481 1769 506 ne
1785 466 1918 504 dicam

317 521 427 571 quod
447 521 532 559 illis
550 522 810 571 temporibus
829 521 1014 560 feruebat
1034 523 1168 560 adhuc
1194 523 1238 560 in
1259 523 1493 572 pectoribus
1518 523 1740 560 hominum
1763 521 1921 559 Christi

259 590 299 619 30
317 576 498 625 sanguis,
515 577 562 614 vt
578 588 720 614 recens
734 577 899 624 effusus,
915 576 1083 615 ardebat
1097 577 1231 615 adhuc
1247 577 1357 626 ignis
1372 576 1445 615 ille
1461 577 1648 615 coelestis
1662 577 1731 626 qui
1747 576 1923 614 dabatur

317 644 340 668 a
373 630 606 679 baptismo:
649 644 827 679 quorum
861 633 1083 680 vtrumque
1120 644 1244 678 nunc,
1288 631 1424 669 1105010
1456 631 1673 681 quomodo,
1716 629 1922 668 refrixisse

316 684 485 722 videtur
504 684 549 722 in
569 685 757 723 moribus
778 685 944 723 nostris.
1002 685 1091 723 Has
1109 685 1160 723 ob
1183 699 1247 724 res
1267 686 1482 735 episcopus
1500 699 1583 723 non
1606 685 1743 723 solum
1764 683 1924 733 paucio-

318 738 435 776 ribus
461 739 721 788 praesidebat
747 739 1021 777 verumetiam
1050 740 1160 778 vltro
1183 740 1435 789 parentibus.
1497 739 1678 777 Proinde
1704 738 1809 776 mihi
1838 750 1924 776 non

319 793 440 841 paulo
461 793 671 832 difficilius
689 793 859 832 videtur
878 793 1001 831 hodie
1022 794 1253 843 praesulem
1274 794 1405 832 fidum
1425 796 1467 832 et
1486 794 1775 842 incorruptum
1790 805 1921 842 agere.

260 862 299 892 35
320 860 405 885 non
431 850 599 886 tantum
627 848 678 885 ob
704 849 782 886 hoc
808 848 916 897 quod
943 861 1052 886 vnus
1078 850 1139 886 tot
1163 849 1326 898 oppidis
1352 848 1589 897 praesideat,
1614 861 1761 885 verum
1790 845 1924 884 multo

321 901 455 951 magis
482 903 588 952 quod
616 903 802 952 plerique
829 904 988 950 praeter
1013 902 1369 952 dispensationem
1400 902 1673 951 Euangelicae
1700 901 1921 944 doctrinae,

321 970 425 1005 quae
455 957 671 1005 praecipua
697 970 744 995 ac
773 957 993 1006 peculiaris
1016 960 1077 994 est
1101 957 1281 1006 episcopi
1307 957 1478 1005 functio,
1504 956 1740 1006 prophanae
1766 967 1926 1005 quoque

320 1011 490 1049 ditionis
509 1010 869 1049 administratione
889 1011 975 1049 sint
997 1011 1165 1049 onerati.

376 1066 436 1102 At
456 1065 569 1103 dictu
591 1066 747 1103 mirum
769 1079 893 1114 quam
915 1079 1032 1114 aegre
1052 1065 1161 1103 inter
1180 1079 1268 1103 sese
1289 1065 1533 1103 cohaereant
1548 1065 1731 1102 mundus
1752 1066 1793 1102 et
1814 1063 1928 1103 Chri·

261 1135 303 1166 40
322 1121 422 1166 stus,
446 1133 571 1169 quam
591 1119 755 1157 difficile
776 1120 994 1157 conueniat
1018 1120 1266 1157 coelestibus
1289 1120 1399 1157 curis
1423 1133 1469 1157 ac
1496 1119 1679 1158 terrenis,
1741 1118 1930 1167 Cumque

324 1173 460 1211 multo
484 1174 779 1211 difficillimum
805 1175 860 1212 sit
881 1174 1129 1212 alterutrum
1155 1176 1377 1223 praestare,
1406 1174 1473 1212 vel
1503 1173 1661 1211 bonum
1690 1173 1928 1222 episcopum

324 1229 390 1266 vel
417 1227 640 1266 salutarem
663 1228 905 1277 principem,
933 1230 1137 1277 quantum
1168 1228 1326 1278 negocii
1353 1228 1477 1266 fuerit
1496 1231 1670 1276 vtroque
1694 1227 1930 1265 districtum

324 1283 382 1320 sic
412 1283 620 1320 moderari
650 1283 870 1332 negocium
898 1285 945 1321 vt
974 1296 1049 1320 1100
1079 1282 1271 1331 religioni
1300 1283 1408 1321 desis
1437 1295 1511 1320 nec
1540 1282 1702 1328 ditioni,
1733 1282 1791 1319 sic
1815 1282 1931 1319 satis-

325 1338 454 1374 facere
482 1337 663 1387 principi
689 1337 857 1374 mortali
886 1339 933 1375 vt
959 1337 1199 1387 Principem
1228 1337 1510 1375 immortalem
1535 1350 1620 1374 non
1647 1336 1843 1381 offendas,
1873 1336 1931 1373 sic

264 1407 303 1437 45
325 1391 486 1440 placere
519 1391 636 1429 aulae
671 1395 716 1429 vt
752 1405 835 1429 non
876 1391 1094 1440 displiceas
1126 1392 1262 1430 coelo!
1309 1392 1421 1429 Olim
1453 1391 1642 1441 quisquis
1682 1390 1933 1439 suscipiebat

325 1445 618 1495 episcopatum,
647 1446 743 1484 111110
768 1447 911 1483 statim
938 1446 989 1483 ad
1014 1459 1160 1483 omnes
1185 1445 1522 1496 persecutionum
1545 1445 1746 1495 procellas
1770 1457 1933 1494 praepa—

325 1500 480 1538 randus
506 1502 592 1538 erat
617 1501 795 1538 animus.
858 1500 936 1538 Sed
961 1500 1067 1538 haud
1097 1500 1181 1538 scio
1208 1513 1261 1538 an
1291 1500 1442 1538 horum
1469 1502 1706 1549 temporum
1734 1498 1934 1549 tranquil·

325 1553 431 1602 litas,
448 1555 484 1592 si
497 1557 639 1592 tamen
653 1555 752 1592 haec
768 1554 1051 1603 tranquillitas
1067 1557 1139 1602 est,
1160 1555 1253 1604 plus
1270 1554 1418 1592 habeat
1430 1553 1603 1603 periculi
1620 1566 1745 1604 quam
1761 1553 1933 1591 illorum

327 1610 603 1658 tempestates.

267 1679 308 1711 50
383 1663 629 1712 Quanquam
653 1665 792 1701 autem
819 1676 892 1712 pro
920 1665 1079 1700 mutato
1107 1676 1244 1701 rerum
1271 1664 1383 1701 statu
1407 1663 1496 1701 fieri
1522 1676 1607 1701 non
1633 1664 1767 1712 potest
1790 1664 1837 1700 vt
1863 1674 1936 1711 per

330 1718 471 1755 onmia
484 1718 539 1754 sit
554 1718 695 1755 eadem
711 1717 880 1766 gerendi
894 1718 1153 1767 episcopatus
1166 1718 1282 1760 ratio,
1299 1731 1431 1766 neque
1446 1717 1636 1766 protinus
1650 1716 1932 1755 damnandum

329 1772 439 1821 quod
459 1772 511 1810 ab
532 1772 649 1810 illius
672 1772 820 1810 aetatis
849 1771 1040 1821 exemplo
1067 1771 1265 1819 dissidet;
1296 1785 1371 1809 nec
1396 1771 1544 1809 sinunt
1572 1784 1712 1809 rerum
1739 1771 1936 1808 humana-

329 1840 424 1864 rum
447 1828 584 1864 aestus
614 1827 655 1864 id
684 1839 846 1875 semper
870 1826 1091 1874 impetrare
1112 1826 1344 1875 praesulem
1372 1826 1480 1875 quod
1502 1827 1707 1875 optimum
1728 1824 1932 1871 iudicarit,

331 1880 681 1930 quemadmodum
710 1880 869 1930 peritus
904 1881 1029 1918 etiam
1066 1893 1111 1917 ac
1144 1880 1324 1930 vigilans
1353 1880 1604 1930 gubernator
1633 1892 1935 1929 nonnunquam

271 1945 310 1976 55
329 1936 484 1973 frustra
504 1936 620 1973 clauo
640 1935 826 1973 assidens
846 1935 1052 1972 vndarum
1079 1948 1124 1972 ac
1144 1937 1368 1972 ventorum
1394 1934 1564 1972 arbitrio
1585 1934 1764 1983 rapitur:
1796 1937 1937 1971 tamen

330 1990 473 2027 minus
498 1989 704 2028 aberrabit
734 1989 784 2026 ab
813 1989 885 2026 illa
911 2001 1084 2037 syncera
1106 1989 1365 2038 perfectaque
1390 1988 1488 2026 boni
1513 1989 1715 2038 praesulis
1744 1988 1934 2037 imagine,

331 2044 523 2093 quisquis
547 2044 653 2081 hanc
680 2043 802 2081 Pauli
830 2044 1008 2081 formam
1037 2056 1110 2081 ceu
1140 2056 1310 2092 scopum
1340 2043 1549 2092 quendam
1579 2055 1742 2092 semper
1770 2042 1938 2080 habebit

331 2111 427 2147 prae
462 2098 616 2145 oculis;
657 2100 702 2136 vt
742 2098 931 2147 egregius
970 2098 1201 2145 nauclerus,
1243 2097 1340 2135 licet
1380 2097 1574 2135 nonnihil
1610 2111 1634 2135 a
1666 2099 1776 2135 recto
1814 2109 1937 2134 cursu

332 2154 502 2202 cogatur
531 2153 756 2198 deflectere,
787 2155 927 2190 tamen
953 2165 976 2189 a
1003 2152 1215 2201 Cynosura
1243 2165 1328 2189 non
1360 2151 1546 2189 dimouet
1576 2151 1728 2199 oculos,
1758 2164 1809 2188 ne
1836 2152 1936 2196 toto,

272 2214 314 2245 60
333 2207 442 2256 quod
464 2207 592 2255 aiunt,
616 2207 727 2244 coelo
749 2206 964 2255 contingat
983 2219 1129 2244 errare.
1192 2206 1235 2244 Si
1255 2205 1437 2244 Paulum
1459 2207 1621 2254 assequi
1643 2219 1726 2243 non
1747 2205 1854 2250 licet,
1878 2208 1940 2242 est

333 2264 474 2299 tamen
495 2261 650 2310 aliquid
675 2260 798 2298 illum
825 2263 1034 2310 vtcunque
1063 2259 1191 2309 sequi.
1250 2260 1319 2297 Ad
1341 2260 1499 2309 optima
1524 2260 1678 2298 nitenti
1702 2272 1787 2297 non
1809 2259 1941 2296 deerit

334 2316 490 2354 Christi
514 2315 787 2365 praesidium:
820 2315 938 2352 cuius
957 2315 1068 2352 vices
1093 2314 1199 2363 gerit
1219 2316 1291 2352 tua
1311 2314 1521 2360 celsitudo,
1545 2316 1586 2352 et
1613 2314 1703 2351 sine
1725 2314 1842 2351 cuius
1865 2326 1941 2362 ope

334 2370 488 2407 frustra
507 2372 567 2407 est
590 2370 726 2407 omnis
747 2371 918 2407 conatus
938 2368 1190 2406 mortalium.
1248 2369 1361 2406 Bene
1380 2368 1480 2406 vale.
1541 2369 1667 2406 Anno
1687 2380 1864 2406 M.1>.X1x.

786 2540 909 2579 1044.
974 2537 1105 2578 FROM
1138 2536 1323 2577 MARTIN
1358 2536 1498 2576 Dour.

387 2628 494 2664 nasio
514 2628 590 2663 MS.
609 2628 651 2662 G.
671 2627 718 2661 ΙΙ.
745 2633 815 2672 13²².
835 2639 882 2671 40
899 2628 962 2673 (a).
1559 2626 1638 2662 The
1657 2627 1801 2672 Hague.

386 2687 519 2735 Dor-pii
538 2686 680 2730 Oratio,
699 2686 831 2721 March
854 2696 953 2732 1520,
976 2699 1011 2733 p.
1035 2696 1072 2732 51
1097 2687 1165 2730 (β).
1504 2686 1547 2719 28
1566 2684 1778 2720 November
1798 2693 1898 2728 1519.

385 2769 472 2809 {Tho
497 2777 550 2798 ms.
581 2768 628 2808 (a)
655 2768 685 2797 is
710 2767 810 2806 early
842 2742 932 2805 xvi0:
964 2766 1029 2796 but
1064 2768 1127 2796 not
1153 2765 1372 2804 autograp11;
1398 2765 1445 2795 its
1468 2764 1599 2803 siglum
1625 2773 1707 2804 may
1732 2764 1774 2794 be
1798 2762 1945 2794 divided

341 2814 394 2843 sor
410 2813 472 2843 the
488 2811 625 2851 copyist
643 2810 710 2852 (al)
728 2809 799 2840 and
818 2820 835 2840 a
855 2812 1032 2840 corrector
1046 2808 1124 2849 (αἳ),
1140 2809 1220 2839 who
1237 2817 1385 2848 appears
1403 2811 1438 2838 to
1452 2808 1493 2838 be
1507 2810 1790 2847 contemporary.
1840 2807 1908 2837 For
1922 2808 1946 2840 β

340 2869 399 2887 sm»
418 2857 441 2887 1.
465 2857 540 2886 1611.
588 2853 662 2885 The
680 2853 861 2893 year-date
880 2854 910 2884 is
927 2853 1122 2883 confirmed
1140 2853 1186 2892 by
1205 2852 1267 2882 1110
1284 2851 1367 2882 date
1384 2852 1423 2881 of
1437 2852 1517 2882 that
1533 2851 1683 2882 edition.

389 2898 514 2938 Dorp’s
530 2898 684 2938 position
703 2906 833 2935 among
851 2897 913 2926 the
932 2897 1157 2935 theologians
1174 2897 1213 2926 of
1226 2895 1387 2926 Louvain
1401 2905 1474 2925 was
1487 2897 1523 2925 at
1535 2895 1610 2925 this
1622 2896 1709 2925 time
1723 2893 1949 2933 undergoing

343 2943 491 2974 nnn-kod
516 2943 660 2980 vhango.
708 2941 813 2970 From
837 2940 944 2980 being
965 2940 1098 2979 closely
1122 2939 1249 2969 united
1272 2942 1307 2969 to
1329 2939 1430 2969 1110111
1451 2938 1521 2968 and
1540 2940 1576 2968 to
1593 2948 1690 2968 some
1711 2938 1833 2968 extent
1851 2937 1948 2967 their

713 3027 765 3055 30.
793 3018 831 3047 vt
850 3028 868 3045 (ι
886 3028 891 3047 ;
921 3019 1038 3056 vtpote
1058 3015 1083 3053 ζ.
1270 3023 1321 3053 39.
1345 3022 1418 3042 soso
1436 3024 1455 3041 (1
1472 3024 1479 3042 :
1505 3022 1539 3041 se
1557 3024 1585 3051 η.
