1990 3353
105 150 228 205 1098]
353 128 357 132 ’
675 152 746 191 ΤΟ
785 151 987 191 HENRY
1025 151 1137 191 vm
1627 151 1707 189 257

100 261 244 293 instead
262 261 300 292 of
313 261 393 301 fifty
409 272 446 292 as
469 262 508 292 in
529 271 552 301 1,
571 271 605 302 p.
624 271 676 292 22.
695 271 795 299 21‚2:
819 259 957 300 though
975 260 1004 291 it
1023 261 1052 290 is
1075 262 1139 291 not
1163 260 1235 292 safe
1262 262 1298 291 to
1326 260 1385 300 lay
1401 261 1508 291 much
1531 262 1641 291 stress
1661 270 1705 291 on

100 305 278 337 Erasmus’
296 305 425 345 figures
443 306 500 344 (cf.
518 315 541 345 1,
563 315 596 345 p.
617 315 647 336 2.
667 305 763 345 26n),
783 303 975 343 especially
991 304 1112 343 when,
1131 314 1170 335 as
1184 305 1281 341 here,
1299 304 1345 335 he
1370 304 1400 335 is
1423 304 1571 344 writing
1585 304 1625 335 of
1644 305 1705 335 the

99 359 196 380 same
224 352 332 380 event
364 351 400 380 at
431 348 601 380 different
632 349 749 380 times.
812 347 887 378 The
910 349 1030 378 libellus
1057 348 1096 387 (l.
1123 348 1181 388 24)
1210 357 1294 388 may
1320 348 1364 379 be
1395 347 1584 379 identified
1614 349 1706 378 with

99 392 282 424 Erasmus'
308 392 438 424 second
466 392 569 433 reply
592 393 628 423 to
655 392 734 424 Lee.
762 390 826 422 the
853 391 932 422 first
954 393 1134 430 Responsio,
1148 392 1270 423 which
1298 391 1427 424 Hillen
1452 391 1645 432 published
1668 392 1707 422 in

100 436 205 477 April
226 445 310 476 1520
326 437 375 477 (p.
405 435 508 477 110).]

277 556 483 588 ERASMVS
514 555 851 588 ROTERODAMVS
882 554 1112 586 SERENISS.
1146 554 1395 586 ANGLORVM
1431 555 1540 587 REGI

734 622 944 655 HENRICO
971 623 1006 654 S.
1028 623 1072 654 D.

155 722 434 761 Sannmssmss
451 723 551 771 Rex,
567 735 663 761 cum
678 735 763 761 non
780 721 957 760 minima
970 734 1066 771 pars
1081 721 1193 760 vitae
1209 734 1255 760 ac
1269 720 1484 760 felicitatis
1498 721 1708 760 humanae

99 777 179 815 sita
199 776 255 815 sit
275 777 319 815 in
342 777 462 816 bonis
481 777 648 826 litteris,
672 790 753 827 quo
780 776 915 826 magis
943 776 1211 825 impetuntur
1234 775 1312 814 hoc
1339 777 1522 825 tempore
1549 789 1572 814 a
1597 776 1706 815 stoli-

99 830 284 870 dissimis
307 831 567 881 quibusdam,
592 832 669 870 hoc
689 831 825 881 magis
844 830 1124 869 subleuandae
1143 833 1243 868 sunt
1263 830 1404 869 fauore
1423 830 1706 881 praesidioque

98 885 348 935 principum,
387 899 483 936 erga
521 899 624 936 quos
654 899 739 924 non
773 887 874 924 sunt
908 885 1095 935 ingratae
1126 884 1317 923 futurae:
1360 884 1578 935 praecipue
1609 898 1706 924 vero

97 939 327 979 fauendum
349 941 400 979 iis
419 940 570 980 studiis
585 953 689 991 quae
702 940 939 978 conducunt
959 939 1010 978 ad
1024 938 1224 988 pietatem
1237 938 1479 989 Christique
1500 939 1707 989 Principis
1728 956 1743 985 5

98 993 233 1033 nostri
254 995 442 1044 gloriam.
500 994 590 1034 Hac
620 994 666 1033 in
695 1008 739 1033 re
758 994 922 1033 vtinam
952 993 1145 1032 animum
1173 993 1404 1032 maiestatis
1433 995 1530 1032 tuae
1557 995 1705 1032 caeteri

98 1061 259 1099 quoque
278 1062 395 1098 reges
414 1062 460 1088 ac
480 1062 669 1098 proceres
682 1048 975 1087 imitarentur!
1014 1061 1253 1098 quanquam
1274 1050 1373 1086 sunt
1389 1048 1459 1097 qui
1480 1047 1522 1086 id
1537 1048 1702 1094 faciant,

99 1105 140 1141 et
160 1115 280 1153 spero
302 1104 420 1142 breui
448 1104 613 1142 futuros
639 1104 874 1153 complures
904 1105 999 1142 tuae
1026 1102 1195 1153 pietatis
1224 1102 1421 1141 aemulos.
1477 1102 1705 1142 Minimum

99 1170 187 1196 esse
213 1157 345 1196 fateor
370 1158 478 1208 quod
508 1172 583 1208 ego
612 1171 782 1209 possum
811 1158 855 1196 in
886 1157 1033 1196 literis.
1094 1157 1152 1195 At
1175 1158 1315 1195 tamen
1345 1157 1403 1195 ita
1429 1156 1623 1196 Christus
1650 1157 1705 1197 sit

99 1212 205 1250 mihi
240 1213 448 1262 propicius
481 1215 527 1252 vt
556 1226 631 1263 ego
660 1212 854 1263 quicquid
888 1212 1022 1250 adhuc
1053 1211 1200 1261 scripsi
1230 1214 1303 1250 aut
1335 1211 1565 1260 scripturus
1597 1225 1702 1256 sum.

97 1265 143 1305 in
172 1265 288 1305 illius
317 1267 491 1316 gloriam
526 1272 567 1305 et
601 1267 749 1317 scripsi
777 1268 819 1305 et
850 1266 1081 1317 scripturus
1109 1278 1217 1304 sum.
1269 1265 1389 1304 Certe
1417 1265 1618 1304 hactenus
1646 1267 1705 1305 in·

98 1320 303 1360 dustriam
337 1323 521 1360 nostram
550 1320 726 1371 probant
763 1320 913 1371 optimi
947 1320 1116 1371 quique,
1147 1321 1189 1358 et
1223 1319 1268 1358 in
1298 1319 1365 1359 his
1395 1332 1588 1359 summus
1617 1321 1705 1370 ipse

97 1374 309 1414 Pontifex.
350 1375 651 1426 conspirarunt
663 1377 805 1414 tamen
822 1375 990 1426 aliquot,
1014 1375 1165 1425 quibus
1184 1374 1366 1413 nimium
1383 1375 1559 1413 assuetis
1580 1376 1706 1414 veteri

96 1442 254 1480 vappae
284 1443 369 1469 non
408 1429 543 1480 placet
577 1432 768 1468 nostrum
806 1431 1007 1468 mustum.
1068 1429 1196 1467 Pauci
1235 1431 1334 1467 sunt
1372 1431 1412 1467 et
1450 1429 1602 1477 stolidi,
1634 1430 1703 1468 sed

98 1487 239 1522 tamen
267 1484 428 1523 deuotis
450 1485 604 1522 animis
634 1485 914 1531 coniurarunt,
941 1484 1040 1522 adeo
1060 1485 1106 1521 vt
1132 1483 1199 1521 vel
1224 1483 1407 1532 periculo
1436 1497 1533 1522 suae
1556 1483 1706 1523 salutis
1745 1495 1761 1525 5

97 1538 265 1588 cupiant
292 1538 496 1577 extinctas
524 1539 654 1577 bonas
679 1538 834 1586 literas,
864 1551 967 1588 quas
997 1537 1140 1576 dolent
1169 1537 1320 1587 vbique
1339 1539 1425 1576 tam
1446 1538 1622 1576 feliciter
1648 1551 1705 1577 re-

97 1592 322 1631 florescere.

152 1647 221 1686 Ab
241 1647 308 1686 his
325 1647 513 1697 suspicor
530 1647 778 1697 instigatum
798 1646 1043 1686 Eduardum
1063 1645 1195 1685 Leum
1216 1648 1261 1685 vt
1281 1646 1324 1684 in
1344 1659 1422 1684 nos
1440 1646 1706 1685 debacchare-

97 1703 178 1740 tur.
236 1701 344 1742 Cum
364 1702 444 1751 ipsi
464 1714 551 1741 non
569 1702 771 1740 auderent
790 1701 955 1751 prodire
975 1701 1021 1740 in
1040 1701 1315 1752 proscenium,
1335 1700 1532 1739 iuuenem
1551 1702 1705 1751 gloriae

97 1755 295 1806 cupidum
315 1758 358 1795 et
382 1755 464 1795 sibi
490 1756 722 1807 placentem
743 1756 1036 1802 subornarunt,
1058 1757 1105 1794 vt
1125 1769 1200 1805 pro
1219 1755 1323 1805 ipsis
1341 1754 1527 1794 fabulam
1551 1759 1701 1806 ageret.
1727 1773 1740 1793 2

99 1810 178 1858 Qui
198 1811 360 1850 vtinam
389 1812 461 1849 aut
487 1810 612 1849 aliter
640 1811 872 1860 scripsisset
900 1812 972 1849 aut
1000 1810 1167 1860 Anglus
1202 1823 1288 1848 non
1321 1811 1454 1848 esset!
1511 1810 1704 1849 Eduardo

99 1864 208 1903 nihil
227 1865 369 1913 debeo,
392 1865 464 1904 sed
484 1867 625 1904 tamen
646 1865 788 1904 animo
809 1864 1048 1904 Christiano
1072 1865 1222 1903 melius
1250 1864 1316 1902 illi
1337 1863 1431 1902 volo
1461 1877 1588 1914 quam
1616 1865 1704 1915 ipse

98 1918 189 1957 vult
213 1919 304 1958 sibi.
364 1919 544 1970 Angliae
571 1919 699 1959 debeo
722 1922 928 1970 quantum
949 1933 1036 1958 non
1055 1919 1178 1957 alteri
1204 1918 1379 1958 nationi.
1439 1918 1564 1957 Mitto
1592 1919 1705 1958 celsi-

8 1998 11 2021 1,
39 1991 50 2009 x
98 1973 239 2012 tudini
258 1976 351 2012 tuae
371 1973 562 2013 libellum
583 1987 665 2025 quo
685 1973 750 2012 illi
776 1974 1014 2024 respondeo,
1045 1974 1117 2012 sed
1147 1974 1301 2024 absque
1325 1972 1550 2012 conuiciis:
1579 1987 1704 2024 quem

1730 1226 1767 1246 10

98 2027 135 2065 si
150 2028 311 2067 vacabit
323 2027 537 2078 inspicere,
552 2028 712 2067 videbit
725 2041 851 2079 quam
867 2041 932 2067 res
946 2028 1036 2078 ipsa
1049 2028 1123 2066 Lei
1136 2027 1332 2078 pollicitis
1347 2040 1431 2066 non
1444 2029 1701 2077 respondeat.
1727 2047 1740 2068 2
1748 2048 1763 2077 5

100 2081 194 2121 Non
215 2082 366 2121 redibit
387 2083 438 2121 ad
460 2083 658 2131 conuicia,
677 2083 713 2122 si
729 2096 804 2122 suo
819 2083 933 2122 volet
953 2082 1103 2121 honori
1119 2082 1369 2121 consultum.
1428 2083 1705 2133 Argumentis

99 2149 185 2175 non
213 2137 394 2175 arbitror
420 2150 606 2188 vnquam
640 2151 948 2188 responsurum.
1009 2137 1069 2175 Ea
1104 2137 1149 2175 in
1184 2150 1227 2174 re
1260 2134 1422 2186 perdidi
1456 2136 1542 2175 dies
1574 2137 1705 2176 ferme

98 2190 383 2241 quadraginta.
443 2191 561 2240 Quod
590 2192 789 2242 temporis
818 2192 982 2230 vtinam
1011 2191 1210 2230 collocare
1230 2190 1417 2229 licuisset
1443 2190 1487 2229 in
1507 2204 1612 2240 opus
1634 2192 1704 2230 ali-

98 2244 207 2295 quod
227 2259 308 2295 quo
328 2246 394 2285 vel
415 2247 531 2285 tuam
550 2247 758 2297 egregiam
778 2247 978 2285 virtutem
1008 2245 1238 2296 posteritati
1258 2246 1618 2284 commendassem
1639 2246 1705 2284 vel

99 2299 255 2338 Christi
275 2300 452 2350 gloriam
471 2314 546 2351 pro
565 2314 658 2339 mea
677 2300 788 2339 virili
806 2300 1083 2339 illustrassem
1100 2301 1108 2338 !

154 2354 306 2392 Precor
335 2356 384 2394 vt
416 2354 610 2394 Christus
644 2355 737 2406 Opt.
776 2355 883 2393 Max.
920 2367 1140 2405 generosos
1179 2354 1295 2392 iuxta
1328 2367 1373 2392 ac
1407 2353 1498 2403 pios
1533 2356 1706 2393 conatus

99 2408 332 2447 maiestatis
361 2411 456 2448 tuae
489 2422 564 2448 suo
597 2409 737 2449 fauore
769 2423 934 2460 semper
962 2409 1007 2448 in
1036 2408 1173 2447 maius
1204 2407 1440 2458 meliusque
1472 2409 1705 2459 prouehat;

99 2461 287 2512 mihique
306 2465 475 2503 tantum
494 2463 596 2503 velit
616 2463 764 2503 aetatis
787 2476 1000 2514 superesse
1023 2465 1071 2502 vt
1094 2462 1317 2512 aliquando
1343 2462 1466 2501 liceat
1495 2463 1705 2502 declarare

100 2520 353 2566 quantopere
391 2517 519 2556 sciam
558 2531 626 2557 me
667 2518 815 2557 debere
852 2517 1106 2567 benignitati
1140 2519 1237 2555 tuae
1276 2530 1371 2555 vere
1410 2518 1569 2567 regiae:
1600 2531 1705 2568 quae

1725 2316 1766 2347 30

100 2569 345 2620 dignabitur
390 2572 616 2612 Erasmum
658 2575 891 2612 extremum
940 2571 1190 2611 clientulum
1231 2584 1355 2610 suum
1398 2571 1521 2611 solito
1565 2572 1705 2612 fauore
1726 2583 1762 2614 35

131 2637 219 2662 rose
251 2638 306 2663 m.

100 2637 126 2674 p
154 2638 440 2731 Anctluuerpiae
460 2679 564 2720 festo
585 2680 719 2720 crucis
737 2686 760 2724 †
774 2680 992 2720 exaltatae.
1049 2682 1176 2719 Anno
1197 2692 1358 2719 maxx.

187 2818 240 2840 21.
266 2810 406 2840 vtinam
424 2812 485 2841 aut
501 2812 556 2842 N:
579 2812 640 2842 aut
659 2811 798 2842 vtinam
817 2814 850 2843 F.
996 2821 1050 2850 29.
1075 2812 1190 2842 FLB:
1213 2810 1501 2842 commendarem
1520 2813 1613 2842 Loml.
