1990 3353
267 779 284 809 5

250 1049 290 1073 10

255 1591 294 1613 20

256 1863 294 1894 25

293 130 372 168 284
759 132 1011 171 LETTERS
1049 132 1118 171 OF
1154 133 1423 172 ERASMUS
1772 132 1900 187 [1520

296 250 701 281 REVERENDISSIMO
742 251 794 281 IN
840 251 1040 282 CHRISTO
1082 252 1223 283 PATRI
1269 252 1326 283 AC
1372 252 1556 284 DOMINO
1605 254 1648 284 D.
1690 254 1899 292 THOMAE,

414 320 447 349 S.
465 319 507 351 R.
525 320 558 350 S.
575 320 642 351 TT.
658 320 689 351 S.
706 320 924 351 CECILIAE
941 321 1232 352 PRESBYTERO
1249 321 1516 360 CARDINALI,
1533 322 1901 356 ARCHIEPISCOPO

416 389 677 429 EBORACEN.2
699 389 903 420 ANGLIAE
923 390 1132 431 PRIMATI,
1153 392 1210 422 AC
1231 391 1391 422 TOTIYS
1413 392 1556 423 REGNI
1579 393 1902 426 CANCELLARIO

412 458 583 499 SVMMO,
605 459 701 490 DES.
722 459 931 490 ERASMVS
960 460 1294 491 ROTERODAMVS
1325 461 1360 491 S.
1382 461 1425 491 D.

354 548 448 586 CVM
496 547 734 598 frequenter
771 549 1168 600 circunspectassem
1211 564 1391 601 quanam
1439 552 1674 591 studiorum
1713 566 1903 592 meorum

300 603 465 640 foetura
503 602 790 652 magnitudini
827 605 924 642 tuae
962 604 1268 654 responderem,
1307 619 1410 654 quae
1447 619 1516 644 me
1558 606 1759 645 hactenus
1806 620 1905 645 sane

302 655 506 695 deterruit
527 670 579 695 ne
600 657 698 706 quid
719 657 1059 697 lucubrationum
1078 672 1269 697 mearum
1289 660 1485 698 auderem
1498 660 1577 699 tibi
1597 661 1797 709 dedicare,
1819 663 1905 700 tan-

303 710 397 748 dem
418 710 527 748 mihi
546 711 662 750 visus
682 725 775 750 sum
796 712 860 750 bis
879 713 1073 762 ineptus:
1102 713 1287 763 primum
1317 714 1433 763 quasi
1461 714 1517 753 sit
1544 715 1702 765 aliquid
1729 716 1774 754 in
1801 716 1906 754 meis

302 764 436 803 literis
451 765 673 815 ingenioue
694 767 812 816 quod,
835 767 962 805 etiam
983 767 1019 805 si
1037 780 1103 805 me
1126 781 1284 817 rupero,
1302 770 1418 806 tuam
1432 769 1759 819 amplitudinem
1775 769 1908 820 possit

303 832 491 869 aequare,
516 820 603 858 siue
631 823 865 870 spectemus
888 820 1105 871 dignitatis
1128 822 1249 860 istius
1276 823 1500 872 fastigium,
1523 825 1612 862 siue
1636 824 1713 862 hoc
1739 823 1907 874 fastigio

306 873 575 923 dignissimas
595 875 727 913 animi
745 875 809 914 tui
829 875 957 923 dotes,
981 876 1070 914 siue
1091 876 1222 914 officia
1241 877 1390 926 quibus
1414 878 1600 927 quotidie
1620 891 1706 917 non
1726 880 1814 916 tam
1840 891 1907 917 me

307 932 452 966 onerat
476 930 548 967 tua
573 929 812 979 benignitas
835 943 961 979 quam
988 930 1077 980 ipsa
1101 930 1306 968 bonarum
1333 930 1552 970 literarum
1574 945 1621 971 ac
1646 945 1766 971 verae
1792 932 1908 971 theo-

305 982 441 1032 logiae
462 983 599 1022 studia
614 997 623 1030 3
652 986 724 1021 aut
744 984 861 1034 quasi
874 986 920 1022 tu
940 983 976 1022 is
991 997 1101 1023 esses
1117 984 1189 1034 qui
1204 984 1360 1023 librum
1375 985 1605 1025 voluminis
1621 986 1910 1036 magnitudine

307 1037 440 1086 magis
469 1051 593 1087 quam
620 1038 804 1076 vtilitate
833 1037 967 1077 soleas
995 1039 1224 1077 aestimare.
1285 1039 1531 1089 Quanquam
1561 1041 1691 1085 igitur
1720 1040 1910 1079 nondum

306 1091 572 1141 perfunctum
593 1093 806 1142 prouincia
825 1093 1150 1142 paraphraseon,
1175 1093 1325 1143 quibus
1345 1094 1555 1144 Epistolas
1570 1094 1781 1142 Paulinam,
1800 1098 1910 1134 certo

308 1158 526 1195 germanas
546 1146 761 1193 duntaxat,
784 1146 976 1197 explicui,
1000 1147 1183 1197 fatigatis
1201 1147 1435 1186 etiamnum
1455 1149 1617 1188 viribus
1640 1162 1737 1188 mox
1757 1149 1912 1199 excipe·

308 1202 370 1238 ret
402 1200 615 1238 dimicatio
644 1214 738 1239 cum
770 1201 1140 1249 obtrectatoribus;
1185 1203 1326 1240 tamen
1354 1202 1441 1241 illis
1470 1203 1747 1243 tumultuario
1776 1203 1912 1242 milite

309 1254 549 1304 profligatis,
565 1255 714 1293 iisdem
730 1256 874 1294 statim
888 1255 1017 1305 copiis
1029 1269 1246 1305 aggressus
1266 1269 1361 1294 sum
1381 1258 1483 1297 duas
1497 1258 1707 1308 Epistolas
1719 1257 1913 1308 Apostoli

309 1308 426 1347 Petri
442 1310 482 1347 et
499 1322 627 1347 vnam
649 1309 801 1348 Iudae:
821 1311 948 1348 simul
968 1310 1073 1348 illud
1093 1323 1257 1349 mecum
1271 1311 1470 1361 cogitans,
1488 1313 1595 1363 quod
1617 1312 1727 1351 diuis
1742 1313 1915 1351 offertur

309 1366 380 1401 aut
394 1363 495 1402 viris
508 1364 798 1410 summatibus,
816 1367 963 1414 aptum
980 1377 1069 1403 esse
1086 1366 1271 1414 oportere
1283 1366 1415 1415 magis
1430 1380 1555 1416 quam
1569 1367 1738 1417 aequale
1755 1382 1764 1414 ;
1788 1367 1914 1417 siqui·

310 1418 406 1455 dem
426 1417 529 1456 olim
549 1418 727 1456 absurde
745 1418 878 1457 facere
897 1419 1012 1457 visus
1032 1419 1189 1465 fuisset,
1211 1419 1247 1458 si
1267 1420 1361 1469 quis
1381 1420 1513 1459 Musis
1530 1421 1695 1460 offerret
1711 1422 1915 1460 hecatom-

309 1472 390 1510 ben
413 1474 484 1510 aut
504 1472 745 1511 hederaceas
765 1473 938 1511 corollas
957 1473 1097 1512 Marti.
1155 1474 1303 1523 Itaque
1317 1474 1501 1523 primum
1521 1475 1626 1514 illud
1647 1476 1756 1515 mihi
1775 1475 1914 1514 visum

311 1528 373 1565 est
393 1539 627 1576 congruere9
651 1530 697 1565 vt
720 1527 771 1565 ad
800 1530 886 1566 tam
910 1527 1113 1566 eximium
1140 1528 1356 1576 religionis
1380 1529 1617 1568 antistitem
1644 1530 1721 1568 iret
1748 1530 1912 1577 Petrus,

311 1581 650 1629 incomparabilis
669 1581 742 1619 ille
762 1581 1019 1620 Christianae
1033 1582 1245 1631 religionis
1258 1582 1472 1632 princeps:
1501 1585 1547 1621 vt
1562 1584 1916 1633 quemadmodum

313 1634 386 1673 illo
416 1635 519 1673 duce
548 1637 647 1673 nata
676 1638 739 1674 est
768 1649 813 1674 ac
841 1638 1065 1685 propagata
1094 1649 1266 1685 syncera
1289 1650 1467 1687 vereque
1501 1638 1757 1688 Euangelica
1785 1638 1916 1688 philo·

313 1689 471 1739 sophia,
492 1690 552 1728 ita
571 1692 642 1728 tua
660 1690 822 1740 pietate,
845 1703 949 1740 quae
969 1703 1012 1728 se
1031 1691 1164 1740 magis
1184 1704 1230 1728 ac
1250 1691 1382 1741 magis
1402 1691 1536 1730 indies
1557 1694 1696 1739 exerit,
1718 1691 1916 1731 nonnihil

314 1743 496 1794 collapsa
525 1744 770 1783 restituatur
787 1759 796 1791 ;
835 1749 882 1782 vt
915 1747 978 1783 est
1008 1748 1157 1783 natura
1191 1758 1333 1783 rerum
1366 1746 1647 1785 humanarum
1680 1760 1842 1798 semper
1870 1746 1916 1784 in

315 1798 496 1836 deterius
514 1798 834 1848 prolabentium,
858 1799 902 1837 ni
921 1812 1072 1848 magno
1092 1799 1231 1838 studio
1251 1799 1438 1838 nitamur
1457 1801 1500 1839 in
1521 1801 1749 1840 diuersum.

370 1852 490 1900 Quod
522 1853 559 1891 si
591 1853 690 1902 quid
720 1854 849 1891 etiam
879 1854 1253 1892 commendationis
1286 1854 1476 1904 adiungit
1507 1856 1644 1905 operis
1682 1854 1914 1901 difficultas,

314 1907 451 1945 multo
480 1907 576 1957 plus
604 1907 671 1945 hic
700 1908 781 1945 fuit
810 1908 969 1958 negocii
1000 1921 1122 1957 quani
1151 1921 1226 1957 pro
1255 1908 1483 1947 voluminis
1511 1909 1645 1948 modo.
1706 1909 1819 1948 Facit
1838 1909 1917 1947 hoc

313 1961 467 2011 partim
487 1961 602 2000 Petri
621 1961 785 2011 phrasis
804 1963 941 2000 multo
961 1975 1084 2012 quam
1104 1962 1283 2000 Paulina
1303 1963 1546 2012 perplexior,
1570 1964 1724 2013 partim
1745 1964 1852 2013 quod
1874 1963 1919 2001 in

315 2016 382 2054 his
400 2028 483 2054 non
503 2015 674 2065 perinde
690 2016 958 2054 subleuamur
970 2019 1160 2054 veterum
1179 2018 1500 2056 commentariis.
1551 2018 1660 2056 Nam
1681 2032 1784 2068 quos
1797 2018 1919 2056 hodie

315 2069 441 2108 habet
463 2070 621 2116 Glossa,
644 2083 770 2120 quam
789 2072 938 2108 vocant
959 2070 1234 2118 Ordinariam,
1257 2084 1308 2108 ex
1327 2071 1438 2109 Bede
1457 2072 1588 2110 vestri
1607 2072 1919 2111 commentariis

259 2137 272 2152 ²
315 2124 365 2163 ad
393 2124 569 2163 verbum
595 2125 805 2175 desumpti
833 2128 943 2172 sunt,
967 2125 1046 2163 viri
1072 2125 1254 2174 profecto
1277 2138 1352 2163 nec
1372 2126 1529 2164 indocti
1549 2140 1625 2164 nec
1644 2126 1918 2177 indiligentia

317 2182 521 2229 quantum
549 2179 622 2217 illa
651 2179 807 2218 ferebat
835 2183 974 2228 aetas3
1008 2179 1130 2229 idque
1159 2179 1265 2217 miro
1292 2179 1467 2218 artificio
1496 2181 1655 2219 factum
1683 2183 1757 2219 est.
1818 2179 1921 2219 Pars

317 2233 713 2271 commentariorum
733 2233 937 2272 subducta
959 2236 1020 2272 est
1051 2233 1096 2271 in
1122 2233 1308 2283 spacium
1330 2234 1544 2284 marginis,
1568 2249 1663 2285 pars
1684 2236 1841 2274 resecta
1861 2237 1923 2273 est

362 2381 424 2403 TIT.
443 2381 469 2402 s.
489 2381 521 2402 R.
539 2370 678 2414 s<13n1s>
698 2383 737 2403 a:
761 2382 791 2402 s.
803 2381 837 2402 R.
852 2370 1081 2414 E<CCLESIAE)
1098 2383 1122 2402 ε.
1213 2380 1286 2402 υεε.
1304 2374 1380 2403 (αἶα.
1399 2371 1423 2411 ζ.

319 2415 349 2445 8.
376 2415 582 2454 benignitas
596 2427 614 2445 a
631 2426 637 2446 :
662 2418 725 2445 tua
741 2416 946 2454 benignitas
960 2419 1085 2446 onerat
1104 2425 1177 2446 non
1194 2418 1268 2446 tam
1285 2424 1342 2445 me
1360 2426 1384 2446 ε.

322 2461 425 2491 aLB:
450 2460 676 2499 aggress'suni
696 2457 735 2497 §².
884 2468 933 2498 19.
961 2462 1000 2489 vt
1015 2470 1055 2489 a:
1081 2460 1109 2490 si
1128 2470 1153 2490 ε.

1618 2382 1646 2411 7.
1674 2381 1746 2402 non
1764 2373 1838 2401 tam
1856 2393 1864 2400 .
1884 2393 1892 2401 .
1912 2393 1921 2402 .

1569 2424 1618 2453 14.
1643 2424 1829 2455 aggressus
1844 2423 1925 2445 sum

1305 2468 1356 2497 30.
1382 2459 1571 2499 desumpta
1588 2460 1614 2490 δ.

367 2598 396 2618 2.
421 2587 594 2618 hactenus
606 2611 613 2618 .
630 2610 638 2618 .
653 2611 660 2618 .
675 2597 705 2626 3.
722 2587 916 2628 deterruit]
936 2588 981 2619 In
996 2588 1091 2619 view

323 2630 362 2660 of
373 2631 437 2661 the
455 2631 625 2661 Plutarch
643 2631 815 2671 desig-ned
833 2632 886 2662 for
897 2632 1043 2671 Wolsey
1056 2633 1092 2662 at-

324 2675 412 2706 New
436 2674 529 2705 Year
558 2684 639 2713 1514
667 2674 770 2714 (Epp.
798 2675 872 2715 284,
902 2685 977 2715 297,
1003 2676 1088 2713 6583

325 2719 367 2749 cf.
404 2718 465 2758 Ep.
500 2720 563 2756 657
603 2718 754 2755 introd.)
795 2719 963 2750 Erasmus
995 2720 1092 2749 must

325 2771 433 2793 mean
458 2762 541 2791 here
565 2761 645 2792 that
670 2762 714 2792 he
739 2761 811 2792 had
836 2762 938 2793 made
958 2772 1004 2793 no
1020 2763 1091 2792 fur-

325 2806 408 2836 ther
424 2805 628 2835 dedication
647 2806 743 2835 since
760 2805 937 2845 VVolsey's
954 2815 1092 2845 promo-

325 2849 403 2880 tion
426 2850 463 2879 to
479 2848 575 2878 York
600 2849 636 2878 in
665 2858 746 2887 1514
772 2849 843 2879 and
867 2852 904 2880 to
929 2849 992 2880 the
1011 2849 1093 2879 Car-

327 2892 489 2924 dinalate
507 2891 577 2922 and
592 2891 893 2933 Cliancellorship
910 2894 949 2923 iu
971 2901 1065 2931 1515.

375 2945 424 2967 12.
450 2934 655 2976 germanas]
693 2936 868 2966 Hebrews
898 2937 1002 2967 alone
1041 2945 1092 2965 re-

328 2979 475 3011 niained
492 2980 528 3009 to
545 2979 586 3009 be
603 2978 716 3017 done;
741 2989 797 3010 sce
815 2979 877 3019 Ep.
900 2980 992 3010 1181.

376 3033 423 3063 13.
451 3022 653 3063 dimicatio]
672 3025 735 3052 See
750 3023 811 3062 Ep.
839 3033 919 3063 1037
938 3022 1069 3054 introd.

1200 2595 1252 2625 29.
1279 2585 1422 2626 Glossa]
1448 2586 1476 2616 A
1507 2584 1721 2625 thcological
1744 2593 1927 2614 commen-

1157 2631 1236 2668 tary
1248 2639 1294 2659 on
1306 2629 1368 2659 the
1381 2629 1495 2667 Bible,
1510 2629 1616 2660 based
1628 2639 1674 2659 on
1686 2628 1749 2658 the
1761 2627 1928 2666 writings

1157 2673 1196 2704 of
1203 2673 1265 2703 the
1277 2672 1438 2708 Fathers,
1452 2672 1642 2712 including
1651 2671 1765 2702 Bede:
1783 2670 1928 2709 usually

1157 2716 1359 2747 attributed
1377 2718 1412 2746 to
1436 2716 1613 2747 Walafrid
1637 2715 1802 2753 Strabon,
1821 2715 1928 2744 abbot

1158 2761 1196 2790 of
1211 2759 1418 2790 Reichenau
1433 2760 1471 2797 (Ἰ-
1482 2760 1574 2799 849).
1625 2759 1662 2790 It
1675 2759 1706 2789 is
1718 2757 1865 2798 printed
1884 2757 1925 2787 in

1159 2804 1220 2834 the
1239 2804 1398 2843 margins
1414 2803 1452 2833 of
1466 2813 1575 2843 many
1591 2802 1692 2841 early
1707 2802 1801 2832 texts
1814 2801 1852 2832 of
1864 2800 1928 2832 the

1160 2847 1322 2887 Vulgate.
1371 2848 1541 2878 Between
1564 2847 1627 2877 the
1651 2846 1744 2876 lines
1768 2845 1798 2876 is
1814 2843 1927 2875 found

1159 2890 1232 2921 also
1262 2890 1323 2921 the
1359 2894 1466 2921 Glossa
1488 2892 1716 2928 Interlinearis,
1743 2887 1928 2928 linguistic

1161 2936 1264 2964 notes·
1295 2934 1342 2972 by
1380 2933 1531 2965 Anselm
1563 2933 1601 2964 of
1629 2933 1728 2964 Laon
1760 2930 1800 2972 (†
1813 2931 1925 2971 1117).

1161 2978 1227 3008 See
1244 2978 1280 3008 F.
1295 2978 1510 3017 Vigouroux‚
1525 2979 1563 3008 in
1576 2977 1634 3008 his
1647 2979 1723 3008 Εἰσί.
1738 2978 1775 3006 cle
1785 2977 1817 3006 la
1828 2976 1925 3014 Biblc,

1162 3022 1203 3051 iii
1221 3022 1350 3060 (1903N‚
1371 3022 1478 3060 256,7.
