1990 3353
65 124 184 177 1230]
227 112 231 116 ⁴

546 124 616 164 ΤΟ
655 123 889 164 THOMAS
928 125 1178 165 LINACRE

1580 128 1657 165 571

60 234 150 273 lum
171 235 238 281 sit,
263 248 314 273 ne
334 248 407 285 pro
427 238 547 274 cauto
567 236 837 285 modestoque
857 236 1036 274 crudelis
1055 236 1255 283 habearis,
1280 237 1352 286 qui
1377 237 1514 275 studia
1533 237 1658 276 huius

59 288 186 327 seculi
212 291 300 328 tam
323 289 436 328 lenta
462 292 654 339 torqueas
678 291 963 339 expectatione
992 292 1160 329 tuorum
1188 290 1391 339 laborum,
1415 305 1460 330 ac
1481 293 1567 330 tam
1588 291 1659 329 diu

59 342 224 381 fraudes
254 343 605 382 desideratissimo
634 344 772 382 fructu
800 347 970 382 tuorum
990 344 1265 383 voluminum.
1327 345 1513 384 Fortasse
1532 347 1659 383 terret

60 399 101 435 te
119 400 312 435 nostrum
331 398 580 448 exemplum.
623 398 702 436 Sed
718 398 845 436 etiam
861 400 984 448 atque
1004 398 1131 437 etiam
1147 399 1240 437 vide
1257 400 1373 448 (ne),
1390 400 1491 438 dum
1506 400 1658 438 studio·

59 451 146 489 sius
166 451 276 490 vitas
297 454 484 491 nostram
512 452 688 502 culpam,
715 453 760 491 in
785 452 993 491 diuersam
1019 452 1222 491 deflectas.

59 504 138 543 tibi
161 505 286 544 audes
313 506 506 556 polliceri,
535 507 639 545 scito
669 519 834 556 semper
862 507 949 545 fore
978 507 1352 557 promptissimum.

60 560 125 597 vir
146 560 304 609 optime
324 560 517 610 idemque
537 560 785 599 doctissime.

1410 508 1524 546 Bene
1553 508 1654 556 vale,

115 613 279 663 Brugis,
304 614 444 654 Natali
464 615 552 653 diui
573 615 872 654 Bartholomei.
906 616 1034 654 Anno
1055 615 1097 653 M
1114 615 1151 653 D
1164 628 1250 653 xm.

494 753 620 794 1231.

106 843 300 890 Epistolae
319 847 366 882 ad
383 846 550 883 diuersos
569 860 605 893 p.
623 849 707 893 665.

107 902 201 965 Hlff:
228 904 342 940 Lond.
361 905 448 941 xvii.
467 916 534 950 24:
566 905 639 940 LB.
658 907 737 942 612.

683 753 746 794 To
779 752 931 795 PETEP.
966 753 1230 795 WYCHMAN.

1322 849 1477 896 Bruges.

1182 906 1238 953 (c.
1259 919 1303 953 29
1321 907 1492 955 August>
1516 918 1614 954 1521.

1281 453 1342 491 De
1370 467 1437 492 me
1464 453 1656 504 quicquid
1682 466 1718 499 15

107 1002 291 1042 [Between
308 1005 350 1035 28
362 1005 451 1045 Aug.
473 1006 510 1046 (l.
526 1006 562 1045 2)
584 1004 656 1035 and
679 1005 858 1036 Erasmus’
878 1007 1003 1036 return
1026 1008 1062 1036 to
1081 1006 1305 1037 Anderlecht
1329 1006 1406 1047 (Ep.
1437 1005 1544 1045 1232).
1595 1005 1662 1036 His

0 1055 1 1080 ι
60 1045 142 1076 host
157 1046 259 1078 there
277 1049 333 1086 (cf.
355 1048 416 1088 Ep.
439 1049 533 1080 1208.
554 1049 595 1089 1),
615 1049 833 1088 throughout
857 1044 925 1080 his'
938 1052 1028 1090 stay,
1049 1059 1120 1081 was
1137 1050 1240 1080 Peter
1255 1049 1459 1088 lVychman
1476 1050 1513 1089 (†
1527 1050 1564 1080 18
1582 1049 1664 1080 Feb.

63 1089 171 1129 1535),
191 1099 303 1121 canon
326 1092 397 1123 and
422 1091 677 1123 schoolmaster
700 1092 738 1123 of
758 1093 808 1124 St.
834 1093 969 1124 Peter’s
984 1093 1129 1131 chureh,
1149 1094 1230 1124 who
1249 1093 1444 1124 succeeded
1459 1093 1612 1124 Jacobus
1629 1094 1667 1124 of

59 1133 217 1174 Bologna
240 1134 280 1165 in
304 1135 406 1166 these
431 1136 544 1167 offices
572 1136 612 1166 in
640 1145 746 1176 1507:
782 1146 838 1168 see
862 1137 904 1167 A.
933 1137 1124 1176 Sanderus,
1153 1140 1275 1168 Theatra
1297 1139 1384 1168 sacre¹
1410 1140 1446 1168 de
1472 1140 1621 1176 Brabam,
1649 1138 1660 1168 i

59 1177 190 1217 (1734),
208 1187 240 1217 p.
260 1188 334 1218 297,
353 1180 487 1218 quoted
505 1181 543 1210 in
562 1180 632 1211 ΕΕ.
649 1190 683 1220 p.
702 1180 776 1218 460.
822 1179 1026 1220 Wychman
1043 1191 1116 1211 was
1132 1181 1271 1221 helpful
1287 1182 1323 1212 to
1337 1181 1506 1211 Erasmus
1524 1181 1562 1211 in
1579 1190 1662 1211 con-

59 1221 192 1251 nexion
208 1221 301 1253 with
325 1233 344 1253 a
367 1232 421 1254 ns.
448 1224 486 1254 of
506 1224 567 1254 the
585 1224 672 1254 New
687 1224 893 1255 Testament
912 1224 992 1265 (Ep.
1011 1233 1076 1264 373
1100 1224 1260 1263 introd.).
1309 1225 1377 1255 For
1401 1225 1499 1255 their
1522 1225 1664 1255 further

58 1264 231 1296 relations
247 1274 303 1296 see
320 1266 384 1306 Ep.
407 1277 500 1307 1351.
551 1269 583 1298 A
599 1268 724 1298 writer
747 1268 785 1298 in
803 1268 927 1307 MSH„
949 1269 1042 1307 1846,
1060 1279 1092 1308 p.
1110 1270 1184 1308 289,
1202 1269 1379 1299 describes
1403 1268 1465 1299 the
1490 1269 1599 1299 house
1624 1269 1663 1299 in

59 1308 182 1338 which
198 1308 243 1340 he
257 1309 354 1340 lived
371 1320 408 1341 as
427 1312 434 1329 ⁴
449 1321 519 1342 une
536 1313 631 1342 sorte
648 1311 690 1342 de
708 1312 847 1342 maison
860 1311 904 1342 de
918 1322 1120 1352 eampagne,
1135 1313 1195 1351 qui
1206 1311 1391 1352 s'appelait
1407 1312 1482 1343 “de
1499 1313 1628 1343 Zwane
1640 1312 1661 1328 ”

61 1352 109 1392 (le
126 1352 273 1393 Cygne),
295 1379 301 1385 .
321 1377 328 1384 .
348 1378 355 1385 .
373 1357 451 1385 tout
473 1358 553 1394 pres
578 1355 622 1385 de
646 1355 681 1385 la
705 1355 870 1386 nouvelle
894 1356 1032 1387 maison
1064 1357 1335 1394 communale’3
1367 1356 1439 1387 and
1466 1355 1553 1386 adds
1584 1355 1662 1386 that

59 1395 121 1426 the
145 1396 289 1435 portion
313 1399 481 1438 occupied
509 1400 554 1438 by
570 1399 738 1430 Erasmus
764 1399 835 1430 had
855 1399 943 1430 been
963 1399 1087 1439 pulled
1104 1399 1208 1430 down
1225 1402 1296 1430 two
1313 1410 1414 1440 years
1433 1400 1558 1438 before,
1579 1410 1615 1430 as
1634 1402 1661 1430 it

60 1439 131 1470 had
149 1440 261 1471 fallen
279 1442 357 1472 into
374 1441 512 1483 deeay.]

121 1582 330 1613 ERASMVS
362 1584 461 1615 ROT.
493 1585 778 1616 HONORABILI
811 1586 856 1617 D.
880 1585 1024 1615 PETRO
1055 1584 1344 1620 WIICHMANO,
1376 1584 1604 1616 CANONICO

447 1652 805 1694 ANDERLACENS.,
836 1653 1021 1684 HOSPITI
1053 1653 1147 1691 SVO,
1179 1653 1210 1683 S.
1236 1654 1278 1685 D.

118 1734 199 1782 er
222 1735 437 1784 deplorare
463 1735 624 1775 solebas
652 1736 778 1775 fidem
803 1736 955 1774 misere
979 1734 1266 1774 labefactatam
1293 1748 1366 1784 per
1386 1734 1658 1780 Lutheranos,

61 1789 197 1827 eidem
217 1790 414 1839 gratulari
433 1790 558 1829 debes
576 1790 753 1830 feliciter
772 1789 1053 1828 reualescenti.
1114 1789 1167 1828 In
1188 1789 1318 1828 natali
1335 1789 1422 1827 diui
1438 1789 1664 1839 Augustini

63 1843 233 1892 quidam
254 1844 323 1882 hic
344 1845 612 1884 concionatus
635 1848 710 1893 est,
733 1845 798 1884 vir
817 1847 1027 1894 ἱεροπρεπεῖ
1046 1844 1160 1883 cultu
1181 1843 1428 1894 spectabilis.
1489 1843 1532 1881 Is
1552 1844 1664 1881 inter

62 1898 196 1936 multa
224 1912 327 1948 quae
358 1899 565 1938 diuinitus
589 1900 707 1948 dixit,
731 1900 838 1938 mire
866 1898 1052 1937 restituit
1078 1898 1328 1948 dignitatem
1354 1900 1531 1948 quatuor
1560 1898 1664 1936 ordi-

62 1965 166 1990 num
196 1966 298 2003 quos
327 1953 452 2003 vulgo
482 1953 812 1993 Mendicantium
847 1953 1068 2003 appellant,
1101 1952 1307 2003 simulque
1336 1953 1663 1999 confessionem;

62 2020 240 2056 quorum
263 2009 473 2058 vtrunque
499 2008 693 2047 nonnihil
720 2008 940 2047 videbatur
967 2020 1090 2058 opera
1119 2008 1454 2045 Lutheranorum
1483 2007 1662 2056 coepisse

62 2060 277 2100 labascere.

119 2115 378 2165 Dignitatem
395 2117 591 2156 ordinum
607 2117 664 2156 sic
684 2116 878 2155 restituit.
945 2116 1227 2166 ‘Augustinus
1245 2116 1254 2131 '
1273 2116 1421 2166 inquit,
1449 2115 1551 2153 ‘fuit
1572 2116 1665 2154 fons

63 2169 135 2207 ille
167 2170 210 2207 in
246 2169 462 2219 Paradiso‚
491 2172 601 2210 vnde
630 2171 872 2222 prodierunt
904 2174 1079 2221 quatuor
1106 2184 1260 2218 amnes,
1294 2171 1370 2208 hoc
1400 2172 1462 2208 est
1491 2174 1666 2219 quatuor

65 2224 232 2263 ordines
252 2224 592 2274 Mendicantium‚
617 2239 691 2265 sua
711 2226 898 2264 doctrina
917 2225 1153 2275 sanctisque
1172 2225 1358 2263 moribus
1377 2224 1598 2273 irrigantes
1624 2227 1664 2262 et

65 2278 356 2318 foecundantes
375 2280 617 2319 vniuersam
636 2279 899 2330 superficiem
926 2282 1071 2328 terrae,
1093 2280 1170 2317 hoc
1192 2281 1254 2318 est
1272 2279 1511 2317 Vniuersam
1532 2277 1666 2317 Eccle-
1688 2273 1725 2295 ¹⁰

1684 1996 1700 2026 5

67 2333 201 2371 siam.'

272 2333 316 2372 Si
362 2333 577 2374 Christum
626 2334 798 2373 dixisset
844 2335 1017 2382 fontem,
1067 2336 1246 2384 quatuor
1291 2333 1442 2372 fluuios
1488 2335 1664 2383 quatuor

68 2386 304 2438 Euangelia,
355 2401 440 2427 non
488 2389 659 2427 omnino
707 2389 854 2427 fuisset
900 2388 1078 2427 absurda
1125 2388 1329 2438 allegoria.

1400 2387 1520 2424 Nunc
1564 2386 1664 2436 quid

68 2443 307 2492 Augustino
336 2456 430 2481 cum
460 2443 545 2482 illis
573 2443 826 2483 ordinibus?
882 2444 1013 2482 Porro
1038 2442 1147 2493 quod
1176 2442 1351 2481 addebat
1377 2441 1427 2480 de
1453 2441 1665 2491 irrigando

244 2538 340 2569 1230.
369 2547 417 2577 15.
442 2537 626 2569 diuersum
646 2541 685 2570 N.

66 2649 285 2680 translation
325 2649 416 2679 from
449 2648 572 2687 Galen,
608 2651 649 2679 De
687 2654 834 2685 tempera·

66 2695 197 2732 menlis;
225 2692 345 2723 which
370 2692 517 2723 Siberch
543 2692 623 2733 (Ep.
648 2692 722 2722 808.
749 2693 833 2732 26n)

67 2736 215 2776 printed
240 2737 278 2766 in
305 2745 384 2775 1521
413 2735 470 2776 (cf.
497 2735 558 2775 Ep.
581 2737 645 2774 644
669 2736 830 2773 introd.‘).

67 2780 142 2811 The
167 2780 315 2820 preface,
339 2778 532 2810 addressed
556 2781 593 2810 to
617 2779 686 2810 Leo
711 2789 733 2810 x
762 2780 833 2810 and

68 2823 275 2863 reminding
306 2823 384 2853 him
415 2823 454 2853 of
488 2822 584 2854 their
614 2822 752 2854 studies
783 2826 833 2854 to-

18 2903 22 2907 ·
67 2867 194 2907 gether
207 2865 345 2908 <under
359 2866 515 2897 Politian
530 2865 602 2896 and
614 2865 834 2906 Chalcondy-

69 2911 121 2941 las
152 2913 187 2941 at
219 2910 415 2941 Florence:
447 2919 504 2940 see
530 2909 617 2949 Epp.
648 2910 722 2948 428.
752 2919 831 2949 34n,

69 2953 294 2995 520.131—3>.
316 2955 345 2984 is
362 2953 468 2984 dated
485 2962 504 2992 5
522 2953 617 2992 Sept.
635 2962 713 2993 1521
732 2964 739 2992 3
762 2953 833 2984 and

69 2997 194 3038 speaks
226 3000 263 3028 ot·
292 2997 472 3028 Linacre's
504 2996 636 3037 having
667 2998 705 3028 in
737 2997 835 3028 hand

867 2538 962 2569 1231.
986 2547 1048 2567 Trr.
1088 2545 1305 2567 nouolutum
1323 2545 1355 2567 D.
1373 2547 1430 2566 om.
1449 2538 1490 2566 H.

903 2649 910 2663 ‘
925 2647 1025 2687 plura
1044 2647 1251 2687 maioraque
1264 2648 1286 2686 ³,
1310 2650 1344 2678 to
1366 2649 1405 2679 be
1429 2648 1616 2679 dedicated
1633 2650 1667 2679 to

904 2691 972 2722 Leo
1002 2692 1060 2721 ‘vt
1087 2692 1244 2730 primum
1272 2701 1334 2730 per
1360 2692 1605 2722 valetudinem
1631 2694 1665 2723 et

904 2735 1098 2766 ministerii
1115 2734 1186 2765 mei
1203 2735 1313 2765 officia
1331 2736 1452 2767 licebit
1466 2735 1482 2766 '.

952 2788 1000 2817 14.
1026 2780 1189 2809 nostruin
1225 2779 1444 2820 exemplum]
1493 2778 1544 2809 Cf.
1578 2778 1664 2818 Epp.

907 2823 1000 2853 1182.
1019 2832 1077 2860 911,
1100 2831 1192 2861 1234.
1211 2822 1286 2852 6-8.

950 2866 1042 2897 1231.
1056 2874 1086 2904 5.
1103 2865 1406 2907 Mendicantium]
1422 2867 1662 2899 Dominicnns.

903 2910 1145 2948 Franciscans,
1181 2908 1404 2947 Carmelites,
1432 2910 1503 2940 and
1534 2909 1665 2940 Austin

904 2954 1031 2984 Friars.

946 2997 977 3027 8.
1003 2997 1081 3027 fons
1100 2996 1176 3037 ille]
1195 2995 1246 3027 Cf.
1263 2997 1349 3028 Gen.
1370 3006 1400 3027 2.
1426 3007 1536 3035 10-14.
