<?xml version="1.0" encoding="UTF-8"?>
<!DOCTYPE html PUBLIC "-//W3C//DTD XHTML 1.0 Transitional//EN"
    "http://www.w3.org/TR/xhtml1/DTD/xhtml1-transitional.dtd">
<html xmlns="http://www.w3.org/1999/xhtml" xml:lang="en" lang="en">
 <head>
  <title>
</title>
<meta http-equiv="Content-Type" content="text/html;charset=utf-8" />
  <meta name='ocr-system' content='tesseract 3.04.00' />
  <meta name='ocr-capabilities' content='ocr_page ocr_carea ocr_par ocr_line ocrx_word'/>
</head>
<body>
  <div class='ocr_page' id='page_1' title='image "./opusepistolarumd04erasuoft_0653.png"; bbox 0 0 1990 3353; ppageno 0'>
   <div class='ocr_carea' id='block_1_1' title="bbox 33 1925 284 1952">
    <p class='ocr_par' dir='ltr' id='par_1_1' title="bbox 33 1925 284 1952">
     <span class='ocr_line' id='line_1_1' title="bbox 33 1925 284 1952; baseline 0.012 -3"><span class='ocrx_word' id='word_1_1' title='bbox 33 1926 36 1929; x_wconf 90' lang='lat'>&#39;</span> <span class='ocrx_word' id='word_1_2' title='bbox 64 1925 139 1951; x_wconf 82' lang='lat' dir='ltr'>nec</span> <span class='ocrx_word' id='word_1_3' title='bbox 157 1927 284 1952; x_wconf 74' lang='lat' dir='ltr'>arma.</span> 
     </span>
    </p>
   </div>
   <div class='ocr_carea' id='block_1_2' title="bbox 88 120 1677 172">
    <p class='ocr_par' dir='ltr' id='par_1_2' title="bbox 88 120 1677 172">
     <span class='ocr_line' id='line_1_2' title="bbox 88 120 1677 172; baseline 0.001 -16"><span class='ocrx_word' id='word_1_4' title='bbox 88 122 211 172; x_wconf 84' lang='grc'><strong>1244]</strong></span> <span class='ocrx_word' id='word_1_5' title='bbox 1598 120 1677 159; x_wconf 82' lang='grc'>603</span> 
     </span>
    </p>
   </div>
   <div class='ocr_carea' id='block_1_3' title="bbox 413 227 1339 269">
    <p class='ocr_par' dir='ltr' id='par_1_3' title="bbox 413 227 1339 269">
     <span class='ocr_line' id='line_1_3' title="bbox 413 227 1339 269; baseline 0.001 -2"><span class='ocrx_word' id='word_1_6' title='bbox 413 229 534 268; x_wconf 72' lang='grc'><strong>1244.</strong></span> <span class='ocrx_word' id='word_1_7' title='bbox 595 228 658 269; x_wconf 90' lang='lat' dir='ltr'>To</span> <span class='ocrx_word' id='word_1_8' title='bbox 692 227 966 269; x_wconf 83' lang='lat' dir='ltr'><strong>WILLIBALD</strong></span> <span class='ocrx_word' id='word_1_9' title='bbox 997 228 1339 269; x_wconf 79' lang='lat' dir='ltr'>PIRCKHEIMER.</span> 
     </span>
    </p>
   </div>
   <div class='ocr_carea' id='block_1_4' title="bbox 1234 333 1627 435">
    <p class='ocr_par' dir='ltr' id='par_1_4' title="bbox 1234 333 1612 435">
     <span class='ocr_line' id='line_1_4' title="bbox 1368 333 1488 368; baseline 0.008 -2"><span class='ocrx_word' id='word_1_10' title='bbox 1368 333 1488 368; x_wconf 86' lang='lat' dir='ltr'>Basle.</span> 
     </span>
     <span class='ocr_line' id='line_1_5' title="bbox 1234 390 1627 435; baseline 0.003 -10"><span class='ocrx_word' id='word_1_11' title='bbox 1234 401 1277 435; x_wconf 81' lang='lat'>29</span> <span class='ocrx_word' id='word_1_12' title='bbox 1296 390 1506 427; x_wconf 78' lang='lat' dir='ltr'>November</span> <span class='ocrx_word' id='word_1_13' title='bbox 1527 400 1590 435; x_wconf 82' lang='lat'>152</span> <span class='ocrx_word' id='word_1_14' title='bbox 1599 400 1627 426; x_wconf 90' lang='lat'>1.</span> 
     </span>
    </p>
   </div>
   <div class='ocr_carea' id='block_1_5' title="bbox 125 333 890 438">
    <p class='ocr_par' dir='ltr' id='par_1_5' title="bbox 125 333 880 438">
     <span class='ocr_line' id='line_1_6' title="bbox 126 333 692 380; baseline 0.004 -13"><span class='ocrx_word' id='word_1_15' title='bbox 126 333 396 370; x_wconf 89' lang='lat' dir='ltr'>Pirckheimeri</span> <span class='ocrx_word' id='word_1_16' title='bbox 415 334 538 380; x_wconf 81' lang='lat' dir='ltr'>Opera</span> <span class='ocrx_word' id='word_1_17' title='bbox 557 347 593 380; x_wconf 89' lang='lat' dir='ltr'>p.</span> <span class='ocrx_word' id='word_1_18' title='bbox 613 345 692 377; x_wconf 87' lang='lat'><strong><em>272.</em></strong></span> 
     </span>
     <span class='ocr_line' id='line_1_7' title="bbox 125 391 890 438; baseline -0.001 -12"><span class='ocrx_word' id='word_1_19' title='bbox 125 391 358 437; x_wconf 75' lang='lat' dir='ltr'>0².p.162:</span> <span class='ocrx_word' id='word_1_20' title='bbox 385 392 501 428; x_wconf 88' lang='lat' dir='ltr'>Lond.</span> <span class='ocrx_word' id='word_1_21' title='bbox 522 403 605 428; x_wconf 80' lang='lat' dir='ltr'>xxx.</span> <span class='ocrx_word' id='word_1_22' title='bbox 625 394 693 428; x_wconf 85' lang='lat'>26:</span> <span class='ocrx_word' id='word_1_23' title='bbox 720 391 791 428; x_wconf 82' lang='lat' dir='ltr'>LB.</span> <span class='ocrx_word' id='word_1_24' title='bbox 812 401 890 438; x_wconf 83' lang='lat'>599.</span> 
     </span>
    </p>
   </div>
   <div class='ocr_carea' id='block_1_6' title="bbox 79 487 1675 575">
    <p class='ocr_par' dir='ltr' id='par_1_6' title="bbox 79 487 1675 572">
     <span class='ocr_line' id='line_1_8' title="bbox 123 487 1675 532; baseline -0.002 -12"><span class='ocrx_word' id='word_1_25' title='bbox 123 490 222 531; x_wconf 86' lang='lat'><strong>[1521</strong></span> <span class='ocrx_word' id='word_1_26' title='bbox 254 491 285 522; x_wconf 89' lang='lat' dir='ltr'>is</span> <span class='ocrx_word' id='word_1_27' title='bbox 314 491 379 522; x_wconf 85' lang='lat' dir='ltr'>the</span> <span class='ocrx_word' id='word_1_28' title='bbox 408 491 495 532; x_wconf 86' lang='lat' dir='ltr'>only</span> <span class='ocrx_word' id='word_1_29' title='bbox 530 501 615 532; x_wconf 85' lang='lat' dir='ltr'>year</span> <span class='ocrx_word' id='word_1_30' title='bbox 642 491 734 521; x_wconf 81' lang='lat' dir='ltr'>aftei</span> <span class='ocrx_word' id='word_1_31' title='bbox 764 491 850 521; x_wconf 84' lang='lat' dir='ltr'>Ersa</span> <span class='ocrx_word' id='word_1_32' title='bbox 836 488 944 521; x_wconf 66' lang='lat' dir='ltr'>smus&#39;</span> <span class='ocrx_word' id='word_1_33' title='bbox 975 491 1101 520; x_wconf 86' lang='lat' dir='ltr'>return</span> <span class='ocrx_word' id='word_1_34' title='bbox 1130 492 1167 520; x_wconf 87' lang='lat' dir='ltr'>to</span> <span class='ocrx_word' id='word_1_35' title='bbox 1198 489 1302 520; x_wconf 80' lang='lat' dir='ltr'>Basle</span> <span class='ocrx_word' id='word_1_36' title='bbox 1333 490 1369 519; x_wconf 90' lang='lat' dir='ltr'>in</span> <span class='ocrx_word' id='word_1_37' title='bbox 1402 488 1521 519; x_wconf 84' lang='lat' dir='ltr'>which</span> <span class='ocrx_word' id='word_1_38' title='bbox 1554 487 1623 518; x_wconf 91' lang='lat' dir='ltr'>Leo</span> <span class='ocrx_word' id='word_1_39' title='bbox 1654 497 1675 517; x_wconf 83' lang='lat' dir='ltr'><strong>x</strong></span> 
     </span>
     <span class='ocr_line' id='line_1_9' title="bbox 79 531 1674 575; baseline -0.003 -9"><span class='ocrx_word' id='word_1_40' title='bbox 79 533 192 574; x_wconf 58' lang='grc'><strong>(1.321</strong></span> <span class='ocrx_word' id='word_1_41' title='bbox 217 544 289 565; x_wconf 86' lang='lat' dir='ltr'>was</span> <span class='ocrx_word' id='word_1_42' title='bbox 309 534 385 566; x_wconf 85' lang='lat' dir='ltr'>still</span> <span class='ocrx_word' id='word_1_43' title='bbox 412 535 538 575; x_wconf 83' lang='lat' dir='ltr'>living.</span> <span class='ocrx_word' id='word_1_44' title='bbox 591 535 659 565; x_wconf 86' lang='lat' dir='ltr'>For</span> <span class='ocrx_word' id='word_1_45' title='bbox 684 535 746 566; x_wconf 90' lang='lat' dir='ltr'>the</span> <span class='ocrx_word' id='word_1_46' title='bbox 767 535 877 565; x_wconf 75' lang='lat' dir='ltr'>seinis</span> <span class='ocrx_word' id='word_1_47' title='bbox 904 533 943 564; x_wconf 90' lang='lat' dir='ltr'>of</span> <span class='ocrx_word' id='word_1_48' title='bbox 966 533 1123 572; x_wconf 81' lang='lat' dir='ltr'>heading</span> <span class='ocrx_word' id='word_1_49' title='bbox 1148 532 1218 563; x_wconf 86' lang='lat' dir='ltr'>and</span> <span class='ocrx_word' id='word_1_50' title='bbox 1246 531 1391 563; x_wconf 78' lang='lat' dir='ltr'>addi-ess</span> <span class='ocrx_word' id='word_1_51' title='bbox 1416 542 1472 563; x_wconf 85' lang='lat' dir='ltr'>see</span> <span class='ocrx_word' id='word_1_52' title='bbox 1500 532 1564 570; x_wconf 91' lang='lat' dir='ltr'>Ep.</span> <span class='ocrx_word' id='word_1_53' title='bbox 1592 531 1674 570; x_wconf 87' lang='lat'>1085</span> 
     </span>
    </p>
   </div>
   <div class='ocr_carea' id='block_1_7' title="bbox 74 577 225 620">
    <p class='ocr_par' dir='ltr' id='par_1_7' title="bbox 74 577 225 620">
     <span class='ocr_line' id='line_1_10' title="bbox 74 577 225 620; baseline 0.007 -13"><span class='ocrx_word' id='word_1_54' title='bbox 74 577 150 608; x_wconf 85' lang='lat' dir='ltr'>intr</span> <span class='ocrx_word' id='word_1_55' title='bbox 153 577 205 609; x_wconf 89' lang='lat' dir='ltr'>od.</span> <span class='ocrx_word' id='word_1_56' title='bbox 211 579 225 620; x_wconf 91' lang='lat'>]</span> 
     </span>
    </p>
   </div>
   <div class='ocr_carea' id='block_1_8' title="bbox 62 663 1732 2128">
    <p class='ocr_par' dir='ltr' id='par_1_8' title="bbox 62 663 1732 2128">
     <span class='ocr_line' id='line_1_11' title="bbox 129 663 1670 712; baseline -0.001 -9"><span class='ocrx_word' id='word_1_57' title='bbox 129 664 183 712; x_wconf 68' lang='lat' dir='ltr'>S„</span> <span class='ocrx_word' id='word_1_58' title='bbox 216 665 480 703; x_wconf 86' lang='lat' dir='ltr'>ornatissime</span> <span class='ocrx_word' id='word_1_59' title='bbox 513 664 592 703; x_wconf 87' lang='lat' dir='ltr'>vir.</span> <span class='ocrx_word' id='word_1_60' title='bbox 627 665 869 703; x_wconf 76' lang='lat' dir='ltr'>Postremae</span> <span class='ocrx_word' id='word_1_61' title='bbox 898 664 1061 703; x_wconf 78' lang='lat' dir='ltr'>litterae</span> <span class='ocrx_word' id='word_1_62' title='bbox 1094 667 1188 702; x_wconf 84' lang='lat' dir='ltr'>tuae</span> <span class='ocrx_word' id='word_1_63' title='bbox 1215 663 1321 701; x_wconf 90' lang='lat' dir='ltr'>mihi</span> <span class='ocrx_word' id='word_1_64' title='bbox 1348 663 1531 702; x_wconf 84' lang='lat' dir='ltr'>redditae</span> <span class='ocrx_word' id='word_1_65' title='bbox 1559 666 1670 710; x_wconf 89' lang='lat' dir='ltr'>sunt,</span> 
     </span>
     <span class='ocr_line' id='line_1_12' title="bbox 75 717 1673 768; baseline -0.001 -12"><span class='ocrx_word' id='word_1_66' title='bbox 75 718 359 757; x_wconf 85' lang='lat' dir='ltr'>confabulanti</span> <span class='ocrx_word' id='word_1_67' title='bbox 377 719 600 758; x_wconf 90' lang='lat' dir='ltr'>Aleandro.</span> <span class='ocrx_word' id='word_1_68' title='bbox 660 718 769 757; x_wconf 83' lang='lat' dir='ltr'>Nam</span> <span class='ocrx_word' id='word_1_69' title='bbox 789 731 884 757; x_wconf 90' lang='lat' dir='ltr'>cum</span> <span class='ocrx_word' id='word_1_70' title='bbox 904 719 1010 756; x_wconf 87' lang='lat' dir='ltr'>forte</span> <span class='ocrx_word' id='word_1_71' title='bbox 1028 718 1251 768; x_wconf 84' lang='lat' dir='ltr'>agebamus</span> <span class='ocrx_word' id='word_1_72' title='bbox 1271 717 1447 756; x_wconf 89' lang='lat' dir='ltr'>Louanii</span> <span class='ocrx_word' id='word_1_73' title='bbox 1466 718 1510 755; x_wconf 93' lang='lat' dir='ltr'>in</span> <span class='ocrx_word' id='word_1_74' title='bbox 1528 718 1673 756; x_wconf 90' lang='lat' dir='ltr'>eodem</span> 
     </span>
     <span class='ocr_line' id='line_1_13' title="bbox 74 771 1673 822; baseline -0.001 -12"><span class='ocrx_word' id='word_1_75' title='bbox 74 772 311 822; x_wconf 87' lang='lat' dir='ltr'>diuersorio,</span> <span class='ocrx_word' id='word_1_76' title='bbox 335 774 371 812; x_wconf 89' lang='lat' dir='ltr'>is</span> <span class='ocrx_word' id='word_1_77' title='bbox 396 773 502 812; x_wconf 92' lang='lat' dir='ltr'>mihi</span> <span class='ocrx_word' id='word_1_78' title='bbox 529 773 691 822; x_wconf 89' lang='lat' dir='ltr'>saepius</span> <span class='ocrx_word' id='word_1_79' title='bbox 719 773 768 811; x_wconf 90' lang='lat' dir='ltr'>de</span> <span class='ocrx_word' id='word_1_80' title='bbox 797 775 837 811; x_wconf 90' lang='lat' dir='ltr'>te</span> <span class='ocrx_word' id='word_1_81' title='bbox 858 773 984 811; x_wconf 88' lang='lat' dir='ltr'>verba</span> <span class='ocrx_word' id='word_1_82' title='bbox 1012 773 1120 821; x_wconf 87' lang='lat' dir='ltr'>fecit,</span> <span class='ocrx_word' id='word_1_83' title='bbox 1142 774 1182 810; x_wconf 90' lang='lat' dir='ltr'>et</span> <span class='ocrx_word' id='word_1_84' title='bbox 1208 772 1265 810; x_wconf 87' lang='lat' dir='ltr'>ita</span> <span class='ocrx_word' id='word_1_85' title='bbox 1288 772 1384 809; x_wconf 88' lang='lat' dir='ltr'>fecit</span> <span class='ocrx_word' id='word_1_86' title='bbox 1404 773 1449 809; x_wconf 87' lang='lat' dir='ltr'>vt</span> <span class='ocrx_word' id='word_1_87' title='bbox 1468 771 1546 809; x_wconf 88' lang='lat' dir='ltr'>tibi</span> <span class='ocrx_word' id='word_1_88' title='bbox 1566 772 1673 810; x_wconf 90' lang='lat' dir='ltr'>vide-</span> 
     </span>
     <span class='ocr_line' id='line_1_14' title="bbox 72 825 1669 878; baseline 0 -14"><span class='ocrx_word' id='word_1_89' title='bbox 72 828 186 865; x_wconf 89' lang='lat' dir='ltr'>retur</span> <span class='ocrx_word' id='word_1_90' title='bbox 204 827 352 866; x_wconf 87' lang='lat' dir='ltr'>fauere</span> <span class='ocrx_word' id='word_1_91' title='bbox 409 828 517 866; x_wconf 89' lang='lat' dir='ltr'>Nam</span> <span class='ocrx_word' id='word_1_92' title='bbox 539 826 723 866; x_wconf 80' lang='lat' dir='ltr'>ostendit</span> <span class='ocrx_word' id='word_1_93' title='bbox 743 827 928 878; x_wconf 90' lang='lat' dir='ltr'>diploma</span> <span class='ocrx_word' id='word_1_94' title='bbox 948 840 1030 877; x_wconf 87' lang='lat' dir='ltr'>quo</span> <span class='ocrx_word' id='word_1_95' title='bbox 1049 826 1281 865; x_wconf 65' lang='lat' dir='ltr'>liberm-mis</span> <span class='ocrx_word' id='word_1_96' title='bbox 1300 825 1351 864; x_wconf 90' lang='lat' dir='ltr'>ab</span> <span class='ocrx_word' id='word_1_97' title='bbox 1370 825 1450 863; x_wconf 83' lang='lat' dir='ltr'>ista</span> <span class='ocrx_word' id='word_1_98' title='bbox 1470 826 1669 865; x_wconf 87' lang='lat' dir='ltr'>molestia.</span> 
     </span>
     <span class='ocr_line' id='line_1_15' title="bbox 73 879 1711 931; baseline 0.001 -12"><span class='ocrx_word' id='word_1_99' title='bbox 73 880 161 919; x_wconf 85' lang='lat' dir='ltr'>Ista</span> <span class='ocrx_word' id='word_1_100' title='bbox 186 881 364 931; x_wconf 88' lang='lat' dir='ltr'>querela,</span> <span class='ocrx_word' id='word_1_101' title='bbox 385 882 443 920; x_wconf 92' lang='lat' dir='ltr'>mi</span> <span class='ocrx_word' id='word_1_102' title='bbox 465 882 685 930; x_wconf 90' lang='lat' dir='ltr'>Bilibalde,</span> <span class='ocrx_word' id='word_1_103' title='bbox 706 881 787 920; x_wconf 88' lang='lat' dir='ltr'>tibi</span> <span class='ocrx_word' id='word_1_104' title='bbox 816 894 910 919; x_wconf 91' lang='lat' dir='ltr'>cum</span> <span class='ocrx_word' id='word_1_105' title='bbox 939 881 1087 920; x_wconf 86' lang='lat' dir='ltr'>multis</span> <span class='ocrx_word' id='word_1_106' title='bbox 1114 884 1177 919; x_wconf 93' lang='lat' dir='ltr'>est</span> <span class='ocrx_word' id='word_1_107' title='bbox 1207 879 1452 919; x_wconf 88' lang='lat' dir='ltr'>communis.</span> <span class='ocrx_word' id='word_1_108' title='bbox 1525 880 1577 917; x_wconf 90' lang='lat' dir='ltr'>In</span> <span class='ocrx_word' id='word_1_109' title='bbox 1608 893 1674 918; x_wconf 89' lang='lat' dir='ltr'>me</span> <span class='ocrx_word' id='word_1_110' title='bbox 1694 890 1711 921; x_wconf 85' lang='lat'><strong><em>5</em></strong></span> 
     </span>
     <span class='ocr_line' id='line_1_16' title="bbox 71 934 1674 986; baseline 0 -13"><span class='ocrx_word' id='word_1_111' title='bbox 71 948 156 973; x_wconf 90' lang='lat' dir='ltr'>non</span> <span class='ocrx_word' id='word_1_112' title='bbox 196 935 372 986; x_wconf 82' lang='lat' dir='ltr'>simplex</span> <span class='ocrx_word' id='word_1_113' title='bbox 411 936 587 975; x_wconf 87' lang='lat' dir='ltr'>exitium</span> <span class='ocrx_word' id='word_1_114' title='bbox 633 935 877 974; x_wconf 88' lang='lat' dir='ltr'>moliuntur.</span> <span class='ocrx_word' id='word_1_115' title='bbox 955 935 1163 986; x_wconf 89' lang='lat' dir='ltr'>Equidem</span> <span class='ocrx_word' id='word_1_116' title='bbox 1208 934 1390 973; x_wconf 90' lang='lat' dir='ltr'>demiror</span> <span class='ocrx_word' id='word_1_117' title='bbox 1436 934 1527 984; x_wconf 90' lang='lat' dir='ltr'>quis</span> <span class='ocrx_word' id='word_1_118' title='bbox 1572 934 1674 973; x_wconf 92' lang='lat' dir='ltr'>deus</span> 
     </span>
     <span class='ocr_line' id='line_1_17' title="bbox 72 988 1674 1040; baseline -0.001 -13"><span class='ocrx_word' id='word_1_119' title='bbox 72 988 245 1028; x_wconf 89' lang='lat' dir='ltr'>Lutheri</span> <span class='ocrx_word' id='word_1_120' title='bbox 264 991 456 1029; x_wconf 90' lang='lat' dir='ltr'>animum</span> <span class='ocrx_word' id='word_1_121' title='bbox 476 990 714 1029; x_wconf 91' lang='lat' dir='ltr'>moderatus</span> <span class='ocrx_word' id='word_1_122' title='bbox 734 991 802 1038; x_wconf 88' lang='lat' dir='ltr'>sit,</span> <span class='ocrx_word' id='word_1_123' title='bbox 823 992 871 1030; x_wconf 87' lang='lat' dir='ltr'>vt</span> <span class='ocrx_word' id='word_1_124' title='bbox 891 993 952 1028; x_wconf 90' lang='lat' dir='ltr'>tot</span> <span class='ocrx_word' id='word_1_125' title='bbox 972 990 1116 1028; x_wconf 83' lang='lat' dir='ltr'>amicis</span> <span class='ocrx_word' id='word_1_126' title='bbox 1135 1002 1159 1027; x_wconf 91' lang='lat' dir='ltr'>a</span> <span class='ocrx_word' id='word_1_127' title='bbox 1184 988 1448 1040; x_wconf 87' lang='lat' dir='ltr'>prouocando</span> <span class='ocrx_word' id='word_1_128' title='bbox 1468 988 1674 1027; x_wconf 88' lang='lat' dir='ltr'>Pontifice</span> 
     </span>
     <span class='ocr_line' id='line_1_18' title="bbox 71 1042 1673 1094; baseline 0.001 -14"><span class='ocrx_word' id='word_1_129' title='bbox 71 1043 390 1092; x_wconf 84' lang='lat' dir='ltr'>deterrentibus,</span> <span class='ocrx_word' id='word_1_130' title='bbox 424 1058 589 1094; x_wconf 89' lang='lat' dir='ltr'>semper</span> <span class='ocrx_word' id='word_1_131' title='bbox 616 1044 827 1084; x_wconf 80' lang='lat' dir='ltr'>acerbiora</span> <span class='ocrx_word' id='word_1_132' title='bbox 865 1045 1084 1094; x_wconf 82' lang='lat' dir='ltr'>scripserit.</span> <span class='ocrx_word' id='word_1_133' title='bbox 1156 1044 1287 1094; x_wconf 88' lang='lat' dir='ltr'>Magis</span> <span class='ocrx_word' id='word_1_134' title='bbox 1317 1045 1456 1081; x_wconf 88' lang='lat' dir='ltr'>autem</span> <span class='ocrx_word' id='word_1_135' title='bbox 1492 1042 1673 1081; x_wconf 89' lang='lat' dir='ltr'>demiror</span> 
     </span>
     <span class='ocr_line' id='line_1_19' title="bbox 69 1097 1671 1150; baseline -0.001 -14"><span class='ocrx_word' id='word_1_136' title='bbox 69 1098 326 1137; x_wconf 89' lang='lat' dir='ltr'>malitiosum</span> <span class='ocrx_word' id='word_1_137' title='bbox 356 1099 616 1149; x_wconf 86' lang='lat' dir='ltr'>quorundam</span> <span class='ocrx_word' id='word_1_138' title='bbox 651 1099 849 1146; x_wconf 88' lang='lat' dir='ltr'>studium,</span> <span class='ocrx_word' id='word_1_139' title='bbox 881 1100 953 1150; x_wconf 90' lang='lat' dir='ltr'>qui</span> <span class='ocrx_word' id='word_1_140' title='bbox 981 1099 1168 1137; x_wconf 89' lang='lat' dir='ltr'>volentes</span> <span class='ocrx_word' id='word_1_141' title='bbox 1195 1098 1384 1137; x_wconf 86' lang='lat' dir='ltr'>nolentes</span> <span class='ocrx_word' id='word_1_142' title='bbox 1414 1098 1551 1136; x_wconf 87' lang='lat' dir='ltr'>conati</span> <span class='ocrx_word' id='word_1_143' title='bbox 1583 1097 1671 1135; x_wconf 89' lang='lat' dir='ltr'>sint</span> 
     </span>
     <span class='ocr_line' id='line_1_20' title="bbox 70 1151 1732 1203; baseline -0.001 -14"><span class='ocrx_word' id='word_1_144' title='bbox 70 1151 228 1202; x_wconf 85' lang='lat' dir='ltr'>aliquot</span> <span class='ocrx_word' id='word_1_145' title='bbox 253 1153 298 1190; x_wconf 92' lang='lat' dir='ltr'>in</span> <span class='ocrx_word' id='word_1_146' title='bbox 326 1167 445 1193; x_wconf 90' lang='lat' dir='ltr'>suam</span> <span class='ocrx_word' id='word_1_147' title='bbox 474 1154 724 1192; x_wconf 87' lang='lat' dir='ltr'>sententiam</span> <span class='ocrx_word' id='word_1_148' title='bbox 752 1154 1018 1203; x_wconf 87' lang='lat' dir='ltr'>pertrahere:</span> <span class='ocrx_word' id='word_1_149' title='bbox 1052 1153 1169 1203; x_wconf 88' lang='lat' dir='ltr'>quasi</span> <span class='ocrx_word' id='word_1_150' title='bbox 1197 1154 1394 1202; x_wconf 89' lang='lat' dir='ltr'>cuperent</span> <span class='ocrx_word' id='word_1_151' title='bbox 1416 1151 1546 1201; x_wconf 90' lang='lat' dir='ltr'>perire</span> <span class='ocrx_word' id='word_1_152' title='bbox 1576 1165 1669 1189; x_wconf 89' lang='lat' dir='ltr'>cum</span> <span class='ocrx_word' id='word_1_153' title='bbox 1693 1164 1732 1186; x_wconf 91' lang='lat'>10</span> 
     </span>
     <span class='ocr_line' id='line_1_21' title="bbox 69 1206 1672 1258; baseline 0 -14"><span class='ocrx_word' id='word_1_154' title='bbox 69 1207 226 1245; x_wconf 90' lang='lat' dir='ltr'>multis.</span> <span class='ocrx_word' id='word_1_155' title='bbox 285 1207 392 1256; x_wconf 79' lang='lat' dir='ltr'>Quid</span> <span class='ocrx_word' id='word_1_156' title='bbox 423 1208 535 1246; x_wconf 91' lang='lat' dir='ltr'>enim</span> <span class='ocrx_word' id='word_1_157' title='bbox 564 1208 677 1247; x_wconf 90' lang='lat' dir='ltr'>aliud</span> <span class='ocrx_word' id='word_1_158' title='bbox 707 1208 915 1258; x_wconf 87' lang='lat' dir='ltr'>quaesiere</span> <span class='ocrx_word' id='word_1_159' title='bbox 943 1208 1098 1246; x_wconf 86' lang='lat' dir='ltr'>talibus</span> <span class='ocrx_word' id='word_1_160' title='bbox 1126 1206 1281 1245; x_wconf 87' lang='lat' dir='ltr'>libellis</span> <span class='ocrx_word' id='word_1_161' title='bbox 1310 1219 1435 1256; x_wconf 89' lang='lat' dir='ltr'>quam</span> <span class='ocrx_word' id='word_1_162' title='bbox 1461 1206 1634 1243; x_wconf 77' lang='lat' dir='ltr'>exitium</span> <span class='ocrx_word' id='word_1_163' title='bbox 1651 1207 1672 1244; x_wconf 72' lang='grc' dir='ltr'><strong><em>Ῥ</em></strong></span> 
     </span>
     <span class='ocr_line' id='line_1_22' title="bbox 70 1260 1670 1313; baseline -0.001 -14"><span class='ocrx_word' id='word_1_164' title='bbox 70 1260 150 1309; x_wconf 77' lang='lat' dir='ltr'>Qui</span> <span class='ocrx_word' id='word_1_165' title='bbox 169 1261 227 1300; x_wconf 93' lang='lat' dir='ltr'>sic</span> <span class='ocrx_word' id='word_1_166' title='bbox 248 1262 448 1310; x_wconf 88' lang='lat' dir='ltr'>scribunt,</span> <span class='ocrx_word' id='word_1_167' title='bbox 468 1263 539 1313; x_wconf 93' lang='lat' dir='ltr'>qui</span> <span class='ocrx_word' id='word_1_168' title='bbox 559 1263 617 1301; x_wconf 89' lang='lat' dir='ltr'>sic</span> <span class='ocrx_word' id='word_1_169' title='bbox 636 1263 869 1309; x_wconf 87' lang='lat' dir='ltr'>minantur,</span> <span class='ocrx_word' id='word_1_170' title='bbox 888 1262 1095 1301; x_wconf 89' lang='lat' dir='ltr'>debebant</span> <span class='ocrx_word' id='word_1_171' title='bbox 1115 1261 1266 1300; x_wconf 87' lang='lat' dir='ltr'>habere</span> <span class='ocrx_word' id='word_1_172' title='bbox 1285 1263 1446 1311; x_wconf 87' lang='lat' dir='ltr'>paratas</span> <span class='ocrx_word' id='word_1_173' title='bbox 1465 1260 1611 1310; x_wconf 84' lang='lat' dir='ltr'>copias,</span> <span class='ocrx_word' id='word_1_174' title='bbox 1636 1260 1670 1297; x_wconf 91' lang='lat' dir='ltr'>si</span> 
     </span>
     <span class='ocr_line' id='line_1_23' title="bbox 68 1315 1670 1367; baseline -0.001 -15"><span class='ocrx_word' id='word_1_175' title='bbox 68 1315 299 1354; x_wconf 89' lang='lat' dir='ltr'>voluissent</span> <span class='ocrx_word' id='word_1_176' title='bbox 318 1330 405 1355; x_wconf 89' lang='grc'><strong>0330</strong></span> <span class='ocrx_word' id='word_1_177' title='bbox 425 1316 665 1356; x_wconf 87' lang='lat' dir='ltr'>incolumes.</span> <span class='ocrx_word' id='word_1_178' title='bbox 711 1317 818 1356; x_wconf 90' lang='lat' dir='ltr'>Vide</span> <span class='ocrx_word' id='word_1_179' title='bbox 837 1330 933 1355; x_wconf 91' lang='lat' dir='ltr'>vero</span> <span class='ocrx_word' id='word_1_180' title='bbox 953 1320 1154 1367; x_wconf 83' lang='lat' dir='ltr'>quantum</span> <span class='ocrx_word' id='word_1_181' title='bbox 1176 1315 1473 1366; x_wconf 89' lang='lat' dir='ltr'>promouerint.</span> <span class='ocrx_word' id='word_1_182' title='bbox 1532 1315 1670 1352; x_wconf 84' lang='lat' dir='ltr'>Bonas</span> 
     </span>
     <span class='ocr_line' id='line_1_24' title="bbox 66 1369 1669 1422; baseline -0.001 -15"><span class='ocrx_word' id='word_1_183' title='bbox 66 1369 225 1409; x_wconf 89' lang='lat' dir='ltr'>litteras</span> <span class='ocrx_word' id='word_1_184' title='bbox 255 1372 532 1420; x_wconf 86' lang='lat' dir='ltr'>deprauarunt</span> <span class='ocrx_word' id='word_1_185' title='bbox 560 1371 731 1419; x_wconf 89' lang='lat' dir='ltr'>inuidia,</span> <span class='ocrx_word' id='word_1_186' title='bbox 763 1373 804 1409; x_wconf 91' lang='lat' dir='ltr'>et</span> <span class='ocrx_word' id='word_1_187' title='bbox 832 1372 1016 1422; x_wconf 89' lang='lat' dir='ltr'>optimus</span> <span class='ocrx_word' id='word_1_188' title='bbox 1044 1371 1220 1421; x_wconf 88' lang='lat' dir='ltr'>quisque</span> <span class='ocrx_word' id='word_1_189' title='bbox 1249 1370 1319 1419; x_wconf 92' lang='lat' dir='ltr'>qui</span> <span class='ocrx_word' id='word_1_190' title='bbox 1350 1369 1529 1407; x_wconf 83' lang='lat' dir='ltr'>maxime</span> <span class='ocrx_word' id='word_1_191' title='bbox 1558 1369 1669 1407; x_wconf 89' lang='lat' dir='ltr'>fauet</span> 
     </span>
     <span class='ocr_line' id='line_1_25' title="bbox 67 1423 1728 1476; baseline -0.001 -15"><span class='ocrx_word' id='word_1_192' title='bbox 67 1423 342 1474; x_wconf 85' lang='lat' dir='ltr'>Euangelicae</span> <span class='ocrx_word' id='word_1_193' title='bbox 360 1426 541 1473; x_wconf 89' lang='lat' dir='ltr'>veritati,</span> <span class='ocrx_word' id='word_1_194' title='bbox 563 1425 699 1464; x_wconf 88' lang='lat' dir='ltr'>affinis</span> <span class='ocrx_word' id='word_1_195' title='bbox 724 1428 787 1464; x_wconf 89' lang='lat' dir='ltr'>est</span> <span class='ocrx_word' id='word_1_196' title='bbox 812 1426 1037 1476; x_wconf 89' lang='lat' dir='ltr'>suspicioni</span> <span class='ocrx_word' id='word_1_197' title='bbox 1061 1424 1328 1475; x_wconf 87' lang='lat' dir='ltr'>periculosae.</span> <span class='ocrx_word' id='word_1_198' title='bbox 1384 1423 1540 1473; x_wconf 83' lang='lat' dir='ltr'>Ingens</span> <span class='ocrx_word' id='word_1_199' title='bbox 1561 1423 1670 1461; x_wconf 87' lang='lat' dir='ltr'>orbis</span> <span class='ocrx_word' id='word_1_200' title='bbox 1691 1434 1728 1466; x_wconf 85' lang='lat'>15</span> 
     </span>
     <span class='ocr_line' id='line_1_26' title="bbox 68 1477 1670 1524; baseline -0.001 -9"><span class='ocrx_word' id='word_1_201' title='bbox 68 1478 290 1517; x_wconf 88' lang='lat' dir='ltr'>dissidium</span> <span class='ocrx_word' id='word_1_202' title='bbox 319 1480 545 1518; x_wconf 81' lang='lat' dir='ltr'>excitatum</span> <span class='ocrx_word' id='word_1_203' title='bbox 574 1483 638 1518; x_wconf 89' lang='lat' dir='ltr'>est</span> <span class='ocrx_word' id='word_1_204' title='bbox 667 1481 778 1518; x_wconf 88' lang='lat' dir='ltr'>inter</span> <span class='ocrx_word' id='word_1_205' title='bbox 808 1493 965 1524; x_wconf 91' lang='lat' dir='ltr'>omnes,</span> <span class='ocrx_word' id='word_1_206' title='bbox 986 1481 1159 1518; x_wconf 86' lang='lat' dir='ltr'>fortasse</span> <span class='ocrx_word' id='word_1_207' title='bbox 1183 1479 1428 1516; x_wconf 87' lang='lat' dir='ltr'>duraturum</span> <span class='ocrx_word' id='word_1_208' title='bbox 1450 1478 1492 1515; x_wconf 90' lang='lat' dir='ltr'>in</span> <span class='ocrx_word' id='word_1_209' title='bbox 1514 1477 1670 1515; x_wconf 89' lang='lat' dir='ltr'>multos</span> 
     </span>
     <span class='ocr_line' id='line_1_27' title="bbox 66 1532 1671 1584; baseline 0 -15"><span class='ocrx_word' id='word_1_210' title='bbox 66 1544 197 1571; x_wconf 90' lang='lat' dir='ltr'>annos</span> <span class='ocrx_word' id='word_1_211' title='bbox 217 1536 257 1571; x_wconf 91' lang='lat' dir='ltr'>et</span> <span class='ocrx_word' id='word_1_212' title='bbox 276 1546 439 1584; x_wconf 90' lang='lat' dir='ltr'>semper</span> <span class='ocrx_word' id='word_1_213' title='bbox 456 1535 501 1572; x_wconf 90' lang='lat' dir='ltr'>in</span> <span class='ocrx_word' id='word_1_214' title='bbox 514 1535 631 1584; x_wconf 88' lang='lat' dir='ltr'>peius</span> <span class='ocrx_word' id='word_1_215' title='bbox 643 1548 969 1584; x_wconf 88' lang='lat' dir='ltr'>progressurum.</span> <span class='ocrx_word' id='word_1_216' title='bbox 1028 1535 1109 1572; x_wconf 93' lang='lat' dir='ltr'>Pro</span> <span class='ocrx_word' id='word_1_217' title='bbox 1123 1532 1292 1572; x_wconf 89' lang='lat' dir='ltr'>sinistro</span> <span class='ocrx_word' id='word_1_218' title='bbox 1308 1535 1466 1570; x_wconf 84' lang='lat' dir='ltr'>tentata</span> <span class='ocrx_word' id='word_1_219' title='bbox 1480 1532 1671 1570; x_wconf 87' lang='lat' dir='ltr'>libertate</span> 
     </span>
     <span class='ocr_line' id='line_1_28' title="bbox 68 1586 1667 1638; baseline -0.001 -14"><span class='ocrx_word' id='word_1_220' title='bbox 68 1586 303 1637; x_wconf 87' lang='lat' dir='ltr'>duplicatur</span> <span class='ocrx_word' id='word_1_221' title='bbox 321 1589 524 1627; x_wconf 88' lang='lat' dir='ltr'>seruitus:</span> <span class='ocrx_word' id='word_1_222' title='bbox 554 1589 653 1627; x_wconf 88' lang='lat' dir='ltr'>adeo</span> <span class='ocrx_word' id='word_1_223' title='bbox 673 1591 719 1627; x_wconf 89' lang='lat' dir='ltr'>vt</span> <span class='ocrx_word' id='word_1_224' title='bbox 740 1602 791 1627; x_wconf 90' lang='lat' dir='ltr'>ne</span> <span class='ocrx_word' id='word_1_225' title='bbox 806 1602 904 1627; x_wconf 87' lang='lat' dir='ltr'>vera</span> <span class='ocrx_word' id='word_1_226' title='bbox 924 1589 1093 1638; x_wconf 87' lang='lat' dir='ltr'>quidem</span> <span class='ocrx_word' id='word_1_227' title='bbox 1113 1588 1234 1626; x_wconf 89' lang='lat' dir='ltr'>liceat</span> <span class='ocrx_word' id='word_1_228' title='bbox 1254 1587 1371 1625; x_wconf 89' lang='lat' dir='ltr'>tueri.</span> <span class='ocrx_word' id='word_1_229' title='bbox 1424 1586 1667 1624; x_wconf 88' lang='lat' dir='ltr'>Porrectum</span> 
     </span>
     <span class='ocr_line' id='line_1_29' title="bbox 66 1641 1670 1693; baseline 0 -15"><span class='ocrx_word' id='word_1_230' title='bbox 66 1643 129 1679; x_wconf 90' lang='lat' dir='ltr'>est</span> <span class='ocrx_word' id='word_1_231' title='bbox 166 1643 297 1680; x_wconf 90' lang='lat' dir='ltr'>telum</span> <span class='ocrx_word' id='word_1_232' title='bbox 332 1643 663 1682; x_wconf 86' lang='lat' dir='ltr'>sceleratissimis</span> <span class='ocrx_word' id='word_1_233' title='bbox 696 1643 956 1693; x_wconf 87' lang='lat' dir='ltr'>quibusdam,</span> <span class='ocrx_word' id='word_1_234' title='bbox 990 1656 1070 1693; x_wconf 92' lang='lat' dir='ltr'>quo</span> <span class='ocrx_word' id='word_1_235' title='bbox 1109 1655 1151 1680; x_wconf 89' lang='grc'>30</span> <span class='ocrx_word' id='word_1_236' title='bbox 1181 1641 1437 1679; x_wconf 85' lang='lat' dir='ltr'>vlciscantur</span> <span class='ocrx_word' id='word_1_237' title='bbox 1470 1641 1670 1678; x_wconf 81' lang='lat' dir='ltr'>aduersus</span> 
     </span>
     <span class='ocr_line' id='line_1_30' title="bbox 66 1695 1730 1748; baseline -0.001 -15"><span class='ocrx_word' id='word_1_238' title='bbox 66 1696 273 1745; x_wconf 88' lang='lat' dir='ltr'>optimum</span> <span class='ocrx_word' id='word_1_239' title='bbox 293 1710 507 1748; x_wconf 89' lang='lat' dir='ltr'>quemque.</span> <span class='ocrx_word' id='word_1_240' title='bbox 568 1697 717 1737; x_wconf 87' lang='lat' dir='ltr'>Inusta</span> <span class='ocrx_word' id='word_1_241' title='bbox 744 1701 807 1736; x_wconf 91' lang='lat' dir='ltr'>est</span> <span class='ocrx_word' id='word_1_242' title='bbox 835 1711 920 1736; x_wconf 91' lang='lat' dir='ltr'>non</span> <span class='ocrx_word' id='word_1_243' title='bbox 949 1697 1053 1736; x_wconf 89' lang='lat' dir='ltr'>leuis</span> <span class='ocrx_word' id='word_1_244' title='bbox 1082 1698 1180 1735; x_wconf 87' lang='lat' dir='ltr'>nota</span> <span class='ocrx_word' id='word_1_245' title='bbox 1199 1696 1456 1743; x_wconf 86' lang='lat' dir='ltr'>Germaniae,</span> <span class='ocrx_word' id='word_1_246' title='bbox 1488 1698 1535 1733; x_wconf 88' lang='lat' dir='ltr'>vt</span> <span class='ocrx_word' id='word_1_247' title='bbox 1564 1695 1670 1733; x_wconf 87' lang='lat' dir='ltr'>solet</span> <span class='ocrx_word' id='word_1_248' title='bbox 1691 1705 1730 1726; x_wconf 85' lang='lat'>20</span> 
     </span>
     <span class='ocr_line' id='line_1_31' title="bbox 65 1749 1670 1801; baseline -0.001 -13"><span class='ocrx_word' id='word_1_249' title='bbox 65 1763 288 1798; x_wconf 88' lang='lat' dir='ltr'>paucorum</span> <span class='ocrx_word' id='word_1_250' title='bbox 320 1753 532 1791; x_wconf 86' lang='lat' dir='ltr'>temeritas</span> <span class='ocrx_word' id='word_1_251' title='bbox 566 1752 830 1791; x_wconf 89' lang='lat' dir='ltr'>vniuersitati</span> <span class='ocrx_word' id='word_1_252' title='bbox 862 1751 1073 1801; x_wconf 89' lang='lat' dir='ltr'>imputari.</span> <span class='ocrx_word' id='word_1_253' title='bbox 1133 1750 1433 1788; x_wconf 86' lang='lat' dir='ltr'>Desiderabant</span> <span class='ocrx_word' id='word_1_254' title='bbox 1469 1749 1514 1787; x_wconf 91' lang='lat' dir='ltr'>in</span> <span class='ocrx_word' id='word_1_255' title='bbox 1550 1749 1670 1787; x_wconf 84' lang='lat' dir='ltr'>nobis</span> 
     </span>
     <span class='ocr_line' id='line_1_32' title="bbox 64 1803 1666 1856; baseline -0.001 -14"><span class='ocrx_word' id='word_1_256' title='bbox 64 1805 330 1853; x_wconf 87' lang='lat' dir='ltr'>prudentiam</span> <span class='ocrx_word' id='word_1_257' title='bbox 351 1808 392 1845; x_wconf 91' lang='lat' dir='ltr'>et</span> <span class='ocrx_word' id='word_1_258' title='bbox 407 1806 656 1850; x_wconf 89' lang='lat' dir='ltr'>consilium;</span> <span class='ocrx_word' id='word_1_259' title='bbox 683 1809 723 1845; x_wconf 86' lang='lat' dir='ltr'>et</span> <span class='ocrx_word' id='word_1_260' title='bbox 744 1807 817 1856; x_wconf 92' lang='lat' dir='ltr'>qui</span> <span class='ocrx_word' id='word_1_261' title='bbox 835 1807 902 1845; x_wconf 88' lang='lat' dir='ltr'>vel</span> <span class='ocrx_word' id='word_1_262' title='bbox 923 1806 1051 1845; x_wconf 90' lang='lat' dir='ltr'>armis</span> <span class='ocrx_word' id='word_1_263' title='bbox 1071 1805 1252 1844; x_wconf 88' lang='lat' dir='ltr'>solemus</span> <span class='ocrx_word' id='word_1_264' title='bbox 1269 1817 1356 1842; x_wconf 89' lang='lat' dir='ltr'>esse</span> <span class='ocrx_word' id='word_1_265' title='bbox 1371 1803 1666 1851; x_wconf 81' lang='lat' dir='ltr'>formidabiles,</span> 
     </span>
     <span class='ocr_line' id='line_1_33' title="bbox 65 1858 1669 1911; baseline -0.001 -15"><span class='ocrx_word' id='word_1_266' title='bbox 65 1863 382 1898; x_wconf 87' lang='lat' dir='ltr'>contemnemur</span> <span class='ocrx_word' id='word_1_267' title='bbox 410 1864 451 1899; x_wconf 90' lang='lat' dir='ltr'>et</span> <span class='ocrx_word' id='word_1_268' title='bbox 484 1874 508 1900; x_wconf 91' lang='lat' dir='ltr'>a</span> <span class='ocrx_word' id='word_1_269' title='bbox 536 1861 916 1911; x_wconf 86' lang='lat' dir='ltr'>contemptissimis,</span> <span class='ocrx_word' id='word_1_270' title='bbox 948 1863 995 1898; x_wconf 90' lang='lat' dir='ltr'>vt</span> <span class='ocrx_word' id='word_1_271' title='bbox 1024 1860 1095 1910; x_wconf 91' lang='lat' dir='ltr'>qui</span> <span class='ocrx_word' id='word_1_272' title='bbox 1124 1873 1199 1897; x_wconf 90' lang='lat' dir='ltr'>nec</span> <span class='ocrx_word' id='word_1_273' title='bbox 1229 1861 1411 1897; x_wconf 86' lang='lat' dir='ltr'>mentem</span> <span class='ocrx_word' id='word_1_274' title='bbox 1441 1858 1669 1896; x_wconf 86' lang='lat' dir='ltr'>habeamus</span> 
     </span>
     <span class='ocr_line' id='line_1_34' title="bbox 345 1912 1668 1966; baseline -0.003 -13"><span class='ocrx_word' id='word_1_275' title='bbox 345 1914 514 1954; x_wconf 88' lang='lat' dir='ltr'>Nobiles</span> <span class='ocrx_word' id='word_1_276' title='bbox 536 1916 694 1966; x_wconf 89' lang='lat' dir='ltr'>aliquot</span> <span class='ocrx_word' id='word_1_277' title='bbox 713 1916 782 1953; x_wconf 88' lang='lat' dir='ltr'>hic</span> <span class='ocrx_word' id='word_1_278' title='bbox 805 1915 1058 1954; x_wconf 86' lang='lat' dir='ltr'>minitantur</span> <span class='ocrx_word' id='word_1_279' title='bbox 1087 1914 1348 1952; x_wconf 87' lang='lat' dir='ltr'>sacerdotum</span> <span class='ocrx_word' id='word_1_280' title='bbox 1371 1912 1527 1962; x_wconf 87' lang='lat' dir='ltr'>opibus,</span> <span class='ocrx_word' id='word_1_281' title='bbox 1551 1912 1668 1962; x_wconf 88' lang='lat' dir='ltr'>quasi</span> 
     </span>
     <span class='ocr_line' id='line_1_35' title="bbox 65 1966 1725 2017; baseline 0.001 -12"><span class='ocrx_word' id='word_1_282' title='bbox 65 1967 145 2005; x_wconf 91' lang='lat' dir='ltr'>huc</span> <span class='ocrx_word' id='word_1_283' title='bbox 165 1971 321 2017; x_wconf 88' lang='lat' dir='ltr'>spectet</span> <span class='ocrx_word' id='word_1_284' title='bbox 341 1969 438 2008; x_wconf 88' lang='lat' dir='ltr'>finis</span> <span class='ocrx_word' id='word_1_285' title='bbox 458 1969 718 2008; x_wconf 88' lang='lat' dir='ltr'>Lutheranae</span> <span class='ocrx_word' id='word_1_286' title='bbox 737 1969 924 2016; x_wconf 74' lang='lat' dir='ltr'>fabulae3</span> <span class='ocrx_word' id='word_1_287' title='bbox 953 1972 994 2007; x_wconf 89' lang='lat' dir='ltr'>et</span> <span class='ocrx_word' id='word_1_288' title='bbox 1014 1969 1071 2008; x_wconf 89' lang='lat' dir='ltr'>ita</span> <span class='ocrx_word' id='word_1_289' title='bbox 1091 1968 1263 2017; x_wconf 83' lang='lat' dir='ltr'>collegia</span> <span class='ocrx_word' id='word_1_290' title='bbox 1284 1968 1425 2005; x_wconf 87' lang='lat' dir='ltr'>omnia</span> <span class='ocrx_word' id='word_1_291' title='bbox 1444 1966 1668 2004; x_wconf 88' lang='lat' dir='ltr'>conciliant</span> <span class='ocrx_word' id='word_1_292' title='bbox 1688 1975 1725 2007; x_wconf 83' lang='lat'>25</span> 
     </span>
     <span class='ocr_line' id='line_1_36' title="bbox 63 2021 1665 2072; baseline -0.001 -13"><span class='ocrx_word' id='word_1_293' title='bbox 63 2022 258 2061; x_wconf 87' lang='lat' dir='ltr'>aduersae</span> <span class='ocrx_word' id='word_1_294' title='bbox 287 2024 404 2072; x_wconf 86' lang='lat' dir='ltr'>parti.</span> <span class='ocrx_word' id='word_1_295' title='bbox 465 2024 519 2062; x_wconf 92' lang='lat' dir='ltr'>In</span> <span class='ocrx_word' id='word_1_296' title='bbox 546 2037 612 2062; x_wconf 91' lang='lat' dir='ltr'>me</span> <span class='ocrx_word' id='word_1_297' title='bbox 642 2024 749 2062; x_wconf 90' lang='lat' dir='ltr'>nihil</span> <span class='ocrx_word' id='word_1_298' title='bbox 778 2025 915 2063; x_wconf 85' lang='lat' dir='ltr'>adhuc</span> <span class='ocrx_word' id='word_1_299' title='bbox 944 2026 1153 2062; x_wconf 85' lang='lat' dir='ltr'>tentatum</span> <span class='ocrx_word' id='word_1_300' title='bbox 1183 2026 1245 2060; x_wconf 85' lang='lat' dir='ltr'>est</span> <span class='ocrx_word' id='word_1_301' title='bbox 1274 2021 1422 2071; x_wconf 88' lang='lat' dir='ltr'>palam,</span> <span class='ocrx_word' id='word_1_302' title='bbox 1448 2021 1527 2059; x_wconf 90' lang='lat' dir='ltr'>nisi</span> <span class='ocrx_word' id='word_1_303' title='bbox 1558 2021 1665 2070; x_wconf 90' lang='lat' dir='ltr'>quod</span> 
     </span>
     <span class='ocr_line' id='line_1_37' title="bbox 62 2075 1667 2128; baseline -0.001 -14"><span class='ocrx_word' id='word_1_304' title='bbox 62 2075 239 2115; x_wconf 86' lang='lat' dir='ltr'>Louanii</span> <span class='ocrx_word' id='word_1_305' title='bbox 277 2078 542 2128; x_wconf 88' lang='lat' dir='ltr'>potissimum</span> <span class='ocrx_word' id='word_1_306' title='bbox 579 2078 884 2118; x_wconf 86' lang='lat' dir='ltr'>Praedicatores</span> <span class='ocrx_word' id='word_1_307' title='bbox 921 2077 1091 2128; x_wconf 88' lang='lat' dir='ltr'>quidam</span> <span class='ocrx_word' id='word_1_308' title='bbox 1122 2090 1187 2115; x_wconf 89' lang='lat' dir='ltr'>me</span> <span class='ocrx_word' id='word_1_309' title='bbox 1217 2075 1547 2114; x_wconf 84' lang='lat' dir='ltr'>mendacissimis</span> <span class='ocrx_word' id='word_1_310' title='bbox 1578 2087 1667 2112; x_wconf 89' lang='lat' dir='ltr'>con-</span> 
     </span>
    </p>
   </div>
   <div class='ocr_carea' id='block_1_9' title="bbox 1021 2209 1666 2251">
    <p class='ocr_par' dir='ltr' id='par_1_9' title="bbox 1021 2209 1666 2251">
     <span class='ocr_line' id='line_1_38' title="bbox 1021 2209 1666 2251; baseline -0.003 -11"><span class='ocrx_word' id='word_1_311' title='bbox 1021 2222 1050 2251; x_wconf 90' lang='lat'>9.</span> <span class='ocrx_word' id='word_1_312' title='bbox 1076 2213 1150 2242; x_wconf 75' lang='lat' dir='ltr'>sint</span> <span class='ocrx_word' id='word_1_313' title='bbox 1166 2214 1211 2241; x_wconf 70' lang='lat' dir='ltr'>P:</span> <span class='ocrx_word' id='word_1_314' title='bbox 1236 2213 1318 2240; x_wconf 69' lang='lat' dir='ltr'>sunt</span> <span class='ocrx_word' id='word_1_315' title='bbox 1340 2209 1384 2240; x_wconf 77' lang='lat'>0².</span> <span class='ocrx_word' id='word_1_316' title='bbox 1523 2218 1570 2248; x_wconf 88' lang='lat'>19.</span> <span class='ocrx_word' id='word_1_317' title='bbox 1597 2218 1666 2248; x_wconf 85' lang='lat' dir='ltr'>quo</span> 
     </span>
    </p>
   </div>
   <div class='ocr_carea' id='block_1_10' title="bbox 60 2211 885 2296">
    <p class='ocr_par' dir='ltr' id='par_1_10' title="bbox 60 2211 885 2296">
     <span class='ocr_line' id='line_1_39' title="bbox 108 2211 885 2244; baseline 0 -2"><span class='ocrx_word' id='word_1_318' title='bbox 108 2222 132 2242; x_wconf 96' lang='lat'>1.</span> <span class='ocrx_word' id='word_1_319' title='bbox 162 2212 194 2243; x_wconf 74' lang='lat' dir='ltr'>S.</span> <span class='ocrx_word' id='word_1_320' title='bbox 214 2215 260 2243; x_wconf 87' lang='lat' dir='ltr'>P:</span> <span class='ocrx_word' id='word_1_321' title='bbox 285 2222 475 2244; x_wconf 70' lang='lat' dir='ltr'>BmBALDo</span> <span class='ocrx_word' id='word_1_322' title='bbox 490 2223 552 2244; x_wconf 79' lang='lat' dir='ltr'>svo</span> <span class='ocrx_word' id='word_1_323' title='bbox 569 2223 725 2244; x_wconf 70' lang='lat' dir='ltr'>iznAsuvs</span> <span class='ocrx_word' id='word_1_324' title='bbox 741 2222 767 2243; x_wconf 88' lang='lat' dir='ltr'>s.</span> <span class='ocrx_word' id='word_1_325' title='bbox 787 2223 817 2243; x_wconf 92' lang='lat' dir='ltr'>D.</span> <span class='ocrx_word' id='word_1_326' title='bbox 840 2211 885 2243; x_wconf 82' lang='lat'>0².</span> 
     </span>
     <span class='ocr_line' id='line_1_40' title="bbox 60 2256 826 2296; baseline 0.004 -11"><span class='ocrx_word' id='word_1_327' title='bbox 60 2257 136 2285; x_wconf 91' lang='lat' dir='ltr'>LB:</span> <span class='ocrx_word' id='word_1_328' title='bbox 161 2265 230 2294; x_wconf 84' lang='lat' dir='ltr'>qua</span> <span class='ocrx_word' id='word_1_329' title='bbox 245 2259 280 2287; x_wconf 90' lang='lat' dir='ltr'>P.</span> <span class='ocrx_word' id='word_1_330' title='bbox 416 2266 468 2296; x_wconf 87' lang='lat'>23.</span> <span class='ocrx_word' id='word_1_331' title='bbox 495 2259 761 2288; x_wconf 84' lang='lat' dir='ltr'>contemnimur</span> <span class='ocrx_word' id='word_1_332' title='bbox 780 2256 826 2288; x_wconf 74' lang='lat'>0².</span> 
     </span>
    </p>
   </div>
   <div class='ocr_carea' id='block_1_11' title="bbox 239 2334 396 2339">
    <p class='ocr_par' dir='ltr' id='par_1_11' title="bbox 239 2334 396 2339">
     <span class='ocr_line' id='line_1_41' title="bbox 239 2334 396 2339; baseline 0 0"><span class='ocrx_word' id='word_1_333' title='bbox 239 2334 396 2339; x_wconf 95' lang='lat' dir='ltr'> </span> 
     </span>
    </p>
   </div>
   <div class='ocr_carea' id='block_1_12' title="bbox 55 2376 828 3027">
    <p class='ocr_par' dir='ltr' id='par_1_12' title="bbox 55 2376 828 3027">
     <span class='ocr_line' id='line_1_42' title="bbox 103 2376 730 2417; baseline 0 -10"><span class='ocrx_word' id='word_1_334' title='bbox 103 2387 132 2408; x_wconf 87' lang='lat'>2.</span> <span class='ocrx_word' id='word_1_335' title='bbox 159 2376 358 2417; x_wconf 86' lang='lat' dir='ltr'>Aleandro]</span> <span class='ocrx_word' id='word_1_336' title='bbox 383 2377 438 2408; x_wconf 85' lang='lat' dir='ltr'>Of.</span> <span class='ocrx_word' id='word_1_337' title='bbox 454 2377 518 2417; x_wconf 90' lang='lat' dir='ltr'>Ep.</span> <span class='ocrx_word' id='word_1_338' title='bbox 540 2386 632 2417; x_wconf 89' lang='lat'>1195.</span> <span class='ocrx_word' id='word_1_339' title='bbox 652 2387 730 2415; x_wconf 88' lang='lat' dir='ltr'>47n.</span> 
     </span>
     <span class='ocr_line' id='line_1_43' title="bbox 146 2420 828 2461; baseline 0 -10"><span class='ocrx_word' id='word_1_340' title='bbox 146 2420 314 2461; x_wconf 81' lang='lat' dir='ltr'>Louanii]</span> <span class='ocrx_word' id='word_1_341' title='bbox 339 2420 426 2451; x_wconf 84' lang='lat' dir='ltr'>This</span> <span class='ocrx_word' id='word_1_342' title='bbox 449 2421 608 2460; x_wconf 86' lang='lat' dir='ltr'>meeting</span> <span class='ocrx_word' id='word_1_343' title='bbox 624 2422 720 2451; x_wconf 85' lang='lat' dir='ltr'>must</span> <span class='ocrx_word' id='word_1_344' title='bbox 736 2420 828 2451; x_wconf 82' lang='lat' dir='ltr'>have</span> 
     </span>
     <span class='ocr_line' id='line_1_44' title="bbox 59 2464 827 2495; baseline 0 -1"><span class='ocrx_word' id='word_1_345' title='bbox 59 2464 225 2495; x_wconf 74' lang='lat' dir='ltr'>occurred</span> <span class='ocrx_word' id='word_1_346' title='bbox 236 2464 398 2495; x_wconf 84' lang='lat' dir='ltr'>between</span> <span class='ocrx_word' id='word_1_347' title='bbox 410 2465 590 2495; x_wconf 85' lang='lat' dir='ltr'>Erasmus&#39;</span> <span class='ocrx_word' id='word_1_348' title='bbox 602 2467 725 2495; x_wconf 86' lang='lat' dir='ltr'>return</span> <span class='ocrx_word' id='word_1_349' title='bbox 737 2464 827 2495; x_wconf 85' lang='lat' dir='ltr'>from</span> 
     </span>
     <span class='ocr_line' id='line_1_45' title="bbox 58 2507 827 2547; baseline -0.001 -9"><span class='ocrx_word' id='word_1_350' title='bbox 58 2507 294 2547; x_wconf 77' lang='lat' dir='ltr'>Anderlecht,</span> <span class='ocrx_word' id='word_1_351' title='bbox 311 2509 431 2539; x_wconf 87' lang='lat' dir='ltr'>where</span> <span class='ocrx_word' id='word_1_352' title='bbox 455 2508 500 2538; x_wconf 88' lang='lat' dir='ltr'>he</span> <span class='ocrx_word' id='word_1_353' title='bbox 524 2508 602 2539; x_wconf 83' lang='lat' dir='ltr'>still</span> <span class='ocrx_word' id='word_1_354' title='bbox 627 2518 698 2539; x_wconf 82' lang='lat' dir='ltr'>was</span> <span class='ocrx_word' id='word_1_355' title='bbox 723 2518 767 2538; x_wconf 85' lang='grc'>011</span> <span class='ocrx_word' id='word_1_356' title='bbox 790 2517 827 2546; x_wconf 90' lang='lat'>14</span> 
     </span>
     <span class='ocr_line' id='line_1_46' title="bbox 58 2551 827 2593; baseline 0 -11"><span class='ocrx_word' id='word_1_357' title='bbox 58 2551 133 2582; x_wconf 86' lang='lat' dir='ltr'>Oct.</span> <span class='ocrx_word' id='word_1_358' title='bbox 163 2551 242 2593; x_wconf 89' lang='lat' dir='ltr'>(Ep.</span> <span class='ocrx_word' id='word_1_359' title='bbox 270 2552 380 2592; x_wconf 83' lang='lat'>1239),</span> <span class='ocrx_word' id='word_1_360' title='bbox 399 2551 470 2582; x_wconf 86' lang='lat' dir='ltr'>and</span> <span class='ocrx_word' id='word_1_361' title='bbox 495 2552 553 2582; x_wconf 85' lang='lat' dir='ltr'>his</span> <span class='ocrx_word' id='word_1_362' title='bbox 577 2551 766 2591; x_wconf 85' lang='lat' dir='ltr'>departure</span> <span class='ocrx_word' id='word_1_363' title='bbox 791 2555 827 2582; x_wconf 87' lang='lat' dir='ltr'>to</span> 
     </span>
     <span class='ocr_line' id='line_1_47' title="bbox 58 2595 489 2636; baseline 0.002 -11"><span class='ocrx_word' id='word_1_364' title='bbox 58 2595 162 2626; x_wconf 85' lang='lat' dir='ltr'>Basle</span> <span class='ocrx_word' id='word_1_365' title='bbox 179 2595 222 2625; x_wconf 91' lang='grc'>28</span> <span class='ocrx_word' id='word_1_366' title='bbox 237 2595 312 2626; x_wconf 87' lang='lat' dir='ltr'>Oct.</span> <span class='ocrx_word' id='word_1_367' title='bbox 333 2596 379 2636; x_wconf 86' lang='lat' dir='ltr'>(p.</span> <span class='ocrx_word' id='word_1_368' title='bbox 399 2595 489 2636; x_wconf 87' lang='lat'>598).</span> 
     </span>
     <span class='ocr_line' id='line_1_48' title="bbox 101 2639 463 2680; baseline 0.003 -11"><span class='ocrx_word' id='word_1_369' title='bbox 101 2648 132 2677; x_wconf 85' lang='lat'>3.</span> <span class='ocrx_word' id='word_1_370' title='bbox 156 2639 371 2680; x_wconf 88' lang='lat' dir='ltr'>diuersorio]</span> <span class='ocrx_word' id='word_1_371' title='bbox 398 2639 463 2678; x_wconf 90' lang='lat' dir='ltr'>Ep.</span> 
     </span>
     <span class='ocr_line' id='line_1_49' title="bbox 59 2682 826 2723; baseline 0.001 -11"><span class='ocrx_word' id='word_1_372' title='bbox 59 2682 139 2713; x_wconf 80' lang='lat' dir='ltr'>that</span> <span class='ocrx_word' id='word_1_373' title='bbox 169 2682 244 2713; x_wconf 83' lang='lat' dir='ltr'>this</span> <span class='ocrx_word' id='word_1_374' title='bbox 269 2693 342 2713; x_wconf 79' lang='lat' dir='ltr'>was</span> <span class='ocrx_word' id='word_1_375' title='bbox 368 2682 430 2713; x_wconf 83' lang='lat' dir='ltr'>the</span> <span class='ocrx_word' id='word_1_376' title='bbox 464 2682 618 2713; x_wconf 73' lang='lat' dir='ltr'>Homme</span> <span class='ocrx_word' id='word_1_377' title='bbox 642 2682 826 2723; x_wconf 78' lang='lat' dir='ltr'>Sauvage:</span> 
     </span>
     <span class='ocr_line' id='line_1_50' title="bbox 57 2725 824 2766; baseline 0.001 -10"><span class='ocrx_word' id='word_1_378' title='bbox 57 2725 270 2765; x_wconf 81' lang='lat' dir='ltr'>apparently</span> <span class='ocrx_word' id='word_1_379' title='bbox 285 2726 347 2756; x_wconf 86' lang='lat' dir='ltr'>the</span> <span class='ocrx_word' id='word_1_380' title='bbox 375 2726 552 2766; x_wconf 87' lang='lat' dir='ltr'>principal</span> <span class='ocrx_word' id='word_1_381' title='bbox 580 2727 646 2756; x_wconf 87' lang='lat' dir='ltr'>inn</span> <span class='ocrx_word' id='word_1_382' title='bbox 671 2728 710 2756; x_wconf 90' lang='lat' dir='ltr'>in</span> <span class='ocrx_word' id='word_1_383' title='bbox 737 2726 824 2757; x_wconf 79' lang='lat' dir='ltr'>Lou-</span> 
     </span>
     <span class='ocr_line' id='line_1_51' title="bbox 58 2769 825 2810; baseline 0 -10"><span class='ocrx_word' id='word_1_384' title='bbox 58 2770 152 2809; x_wconf 80' lang='lat' dir='ltr'>vain,</span> <span class='ocrx_word' id='word_1_385' title='bbox 182 2769 238 2800; x_wconf 86' lang='lat' dir='ltr'>for</span> <span class='ocrx_word' id='word_1_386' title='bbox 263 2770 302 2800; x_wconf 89' lang='lat' dir='ltr'>in</span> <span class='ocrx_word' id='word_1_387' title='bbox 328 2771 419 2810; x_wconf 80' lang='lat' dir='ltr'>Aug.</span> <span class='ocrx_word' id='word_1_388' title='bbox 446 2770 530 2808; x_wconf 88' lang='lat'><strong>1426</strong></span> <span class='ocrx_word' id='word_1_389' title='bbox 556 2770 619 2800; x_wconf 76' lang='lat' dir='ltr'>the</span> <span class='ocrx_word' id='word_1_390' title='bbox 647 2773 825 2809; x_wconf 75' lang='lat' dir='ltr'>secretary</span> 
     </span>
     <span class='ocr_line' id='line_1_52' title="bbox 56 2812 828 2853; baseline 0.001 -11"><span class='ocrx_word' id='word_1_391' title='bbox 56 2813 137 2843; x_wconf 83' lang='lat' dir='ltr'>who</span> <span class='ocrx_word' id='word_1_392' title='bbox 155 2813 308 2853; x_wconf 88' lang='lat' dir='ltr'>brought</span> <span class='ocrx_word' id='word_1_393' title='bbox 324 2813 447 2844; x_wconf 85' lang='lat' dir='ltr'>letters</span> <span class='ocrx_word' id='word_1_394' title='bbox 470 2814 561 2844; x_wconf 87' lang='lat' dir='ltr'>from</span> <span class='ocrx_word' id='word_1_395' title='bbox 585 2813 647 2843; x_wconf 77' lang='lat' dir='ltr'>the</span> <span class='ocrx_word' id='word_1_396' title='bbox 670 2812 772 2843; x_wconf 91' lang='lat' dir='ltr'>Duke</span> <span class='ocrx_word' id='word_1_397' title='bbox 789 2814 828 2843; x_wconf 90' lang='lat' dir='ltr'>of</span> 
     </span>
     <span class='ocr_line' id='line_1_53' title="bbox 56 2856 827 2897; baseline 0 -10"><span class='ocrx_word' id='word_1_398' title='bbox 56 2856 216 2887; x_wconf 83' lang='lat' dir='ltr'>Brabant</span> <span class='ocrx_word' id='word_1_399' title='bbox 244 2858 442 2897; x_wconf 84' lang='lat' dir='ltr'>approving</span> <span class='ocrx_word' id='word_1_400' title='bbox 464 2856 527 2887; x_wconf 87' lang='lat' dir='ltr'>the</span> <span class='ocrx_word' id='word_1_401' title='bbox 550 2857 763 2887; x_wconf 83' lang='lat' dir='ltr'>foundation</span> <span class='ocrx_word' id='word_1_402' title='bbox 789 2858 827 2887; x_wconf 90' lang='lat' dir='ltr'>of</span> 
     </span>
     <span class='ocr_line' id='line_1_54' title="bbox 57 2900 823 2940; baseline 0.001 -11"><span class='ocrx_word' id='word_1_403' title='bbox 57 2900 120 2930; x_wconf 83' lang='lat' dir='ltr'>the</span> <span class='ocrx_word' id='word_1_404' title='bbox 146 2900 368 2940; x_wconf 84' lang='lat' dir='ltr'>University,</span> <span class='ocrx_word' id='word_1_405' title='bbox 394 2910 466 2930; x_wconf 83' lang='lat' dir='ltr'>was</span> <span class='ocrx_word' id='word_1_406' title='bbox 499 2900 627 2940; x_wconf 85' lang='lat' dir='ltr'>lodged</span> <span class='ocrx_word' id='word_1_407' title='bbox 657 2900 760 2930; x_wconf 81' lang='lat' dir='ltr'>there</span> <span class='ocrx_word' id='word_1_408' title='bbox 787 2903 823 2931; x_wconf 82' lang='lat' dir='ltr'>at</span> 
     </span>
     <span class='ocr_line' id='line_1_55' title="bbox 56 2943 821 2983; baseline 0.001 -10"><span class='ocrx_word' id='word_1_409' title='bbox 56 2943 119 2973; x_wconf 85' lang='lat' dir='ltr'>the</span> <span class='ocrx_word' id='word_1_410' title='bbox 137 2954 289 2983; x_wconf 80' lang='lat' dir='ltr'>expense</span> <span class='ocrx_word' id='word_1_411' title='bbox 313 2943 350 2973; x_wconf 85' lang='lat' dir='ltr'>of</span> <span class='ocrx_word' id='word_1_412' title='bbox 371 2944 432 2974; x_wconf 86' lang='lat' dir='ltr'>the</span> <span class='ocrx_word' id='word_1_413' title='bbox 456 2946 563 2975; x_wconf 83' lang='lat' dir='ltr'>town.</span> <span class='ocrx_word' id='word_1_414' title='bbox 613 2944 677 2974; x_wconf 72' lang='grc'><strong>801·</strong></span> <span class='ocrx_word' id='word_1_415' title='bbox 695 2944 732 2975; x_wconf 87' lang='lat' dir='ltr'>E.</span> <span class='ocrx_word' id='word_1_416' title='bbox 754 2953 821 2974; x_wconf 89' lang='lat' dir='ltr'>van</span> 
     </span>
     <span class='ocr_line' id='line_1_56' title="bbox 55 2987 820 3027; baseline 0.001 -10"><span class='ocrx_word' id='word_1_417' title='bbox 55 2987 165 3027; x_wconf 82' lang='lat' dir='ltr'>Even,</span> <span class='ocrx_word' id='word_1_418' title='bbox 184 2990 325 3018; x_wconf 62' lang='lat' dir='ltr'>Lem-ain</span> <span class='ocrx_word' id='word_1_419' title='bbox 341 2990 561 3026; x_wconf 65' lang='lat' dir='ltr'>monmnental,</span> <span class='ocrx_word' id='word_1_420' title='bbox 586 2987 677 3025; x_wconf 84' lang='lat'>1860,</span> <span class='ocrx_word' id='word_1_421' title='bbox 697 2997 727 3027; x_wconf 84' lang='lat' dir='ltr'>p.</span> <span class='ocrx_word' id='word_1_422' title='bbox 746 2989 820 3018; x_wconf 80' lang='lat'>286.</span> 
     </span>
    </p>
   </div>
   <div class='ocr_carea' id='block_1_13' title="bbox 494 2639 826 2678">
    <p class='ocr_par' dir='ltr' id='par_1_13' title="bbox 494 2639 826 2678">
     <span class='ocr_line' id='line_1_57' title="bbox 494 2639 826 2678; baseline 0.003 -10"><span class='ocrx_word' id='word_1_423' title='bbox 494 2648 586 2678; x_wconf 81' lang='lat'>1342.</span> <span class='ocrx_word' id='word_1_424' title='bbox 621 2648 680 2678; x_wconf 86' lang='lat'>105</span> <span class='ocrx_word' id='word_1_425' title='bbox 708 2639 826 2669; x_wconf 77' lang='lat' dir='ltr'>shows</span> 
     </span>
    </p>
   </div>
   <div class='ocr_carea' id='block_1_14' title="bbox 896 2374 1664 2677">
    <p class='ocr_par' dir='ltr' id='par_1_14' title="bbox 897 2374 1664 2501">
     <span class='ocr_line' id='line_1_58' title="bbox 898 2374 1664 2415; baseline 0 -9"><span class='ocrx_word' id='word_1_426' title='bbox 898 2377 941 2407; x_wconf 90' lang='lat' dir='ltr'>In</span> <span class='ocrx_word' id='word_1_427' title='bbox 960 2386 979 2406; x_wconf 82' lang='lat' dir='ltr'>a</span> <span class='ocrx_word' id='word_1_428' title='bbox 996 2376 1185 2407; x_wconf 82' lang='lat' dir='ltr'>document</span> <span class='ocrx_word' id='word_1_429' title='bbox 1205 2378 1242 2405; x_wconf 82' lang='lat' dir='ltr'>of</span> <span class='ocrx_word' id='word_1_430' title='bbox 1260 2385 1337 2414; x_wconf 83' lang='lat'>1521</span> <span class='ocrx_word' id='word_1_431' title='bbox 1365 2374 1494 2414; x_wconf 82' lang='lat' dir='ltr'>quoted</span> <span class='ocrx_word' id='word_1_432' title='bbox 1519 2375 1564 2415; x_wconf 76' lang='lat' dir='ltr'>by</span> <span class='ocrx_word' id='word_1_433' title='bbox 1582 2375 1664 2406; x_wconf 83' lang='lat' dir='ltr'>Kal-</span> 
     </span>
     <span class='ocr_line' id='line_1_59' title="bbox 899 2419 1664 2459; baseline 0.001 -10"><span class='ocrx_word' id='word_1_434' title='bbox 899 2419 979 2459; x_wconf 79' lang='lat' dir='ltr'>koff,</span> <span class='ocrx_word' id='word_1_435' title='bbox 1008 2422 1165 2450; x_wconf 73' lang='lat' dir='ltr'>Aleander</span> <span class='ocrx_word' id='word_1_436' title='bbox 1191 2430 1281 2457; x_wconf 64' lang='lat' dir='ltr'>(flyen</span> <span class='ocrx_word' id='word_1_437' title='bbox 1310 2422 1431 2454; x_wconf 71' lang='lat' dir='ltr'>Luther,</span> <span class='ocrx_word' id='word_1_438' title='bbox 1461 2429 1493 2458; x_wconf 89' lang='lat' dir='ltr'>p.</span> <span class='ocrx_word' id='word_1_439' title='bbox 1521 2420 1574 2458; x_wconf 86' lang='lat'>96,</span> <span class='ocrx_word' id='word_1_440' title='bbox 1603 2419 1664 2450; x_wconf 83' lang='lat' dir='ltr'>the</span> 
     </span>
     <span class='ocr_line' id='line_1_60' title="bbox 897 2461 1499 2501; baseline -0.003 -7"><span class='ocrx_word' id='word_1_441' title='bbox 897 2464 964 2494; x_wconf 91' lang='lat' dir='ltr'>inn</span> <span class='ocrx_word' id='word_1_442' title='bbox 981 2464 1010 2493; x_wconf 82' lang='lat' dir='ltr'>is</span> <span class='ocrx_word' id='word_1_443' title='bbox 1028 2462 1157 2494; x_wconf 86' lang='lat' dir='ltr'>named</span> <span class='ocrx_word' id='word_1_444' title='bbox 1175 2463 1236 2493; x_wconf 88' lang='lat' dir='ltr'>the</span> <span class='ocrx_word' id='word_1_445' title='bbox 1252 2463 1389 2501; x_wconf 76' lang='lat' dir='ltr'>‘Vagus</span> <span class='ocrx_word' id='word_1_446' title='bbox 1406 2463 1471 2493; x_wconf 85' lang='lat' dir='ltr'>Vir</span> <span class='ocrx_word' id='word_1_447' title='bbox 1482 2461 1499 2493; x_wconf 89' lang='lat'>&#39;.</span> 
     </span>
    </p>

    <p class='ocr_par' dir='ltr' id='par_1_15' title="bbox 896 2506 1663 2677">
     <span class='ocr_line' id='line_1_61' title="bbox 940 2506 1663 2547; baseline -0.003 -9"><span class='ocrx_word' id='word_1_448' title='bbox 940 2519 970 2546; x_wconf 87' lang='lat'>4.</span> <span class='ocrx_word' id='word_1_449' title='bbox 999 2509 1068 2537; x_wconf 84' lang='lat' dir='ltr'>ista</span> <span class='ocrx_word' id='word_1_450' title='bbox 1092 2506 1273 2547; x_wconf 71' lang='lat' dir='ltr'>molestia]</span> <span class='ocrx_word' id='word_1_451' title='bbox 1307 2507 1359 2537; x_wconf 84' lang='lat' dir='ltr'>Cf.</span> <span class='ocrx_word' id='word_1_452' title='bbox 1389 2506 1452 2546; x_wconf 89' lang='lat' dir='ltr'>Ep.</span> <span class='ocrx_word' id='word_1_453' title='bbox 1487 2507 1576 2537; x_wconf 86' lang='lat'>1182.</span> <span class='ocrx_word' id='word_1_454' title='bbox 1603 2517 1663 2544; x_wconf 89' lang='grc'><strong>411.</strong></span> 
     </span>
     <span class='ocr_line' id='line_1_62' title="bbox 896 2549 1663 2590; baseline -0.001 -9"><span class='ocrx_word' id='word_1_455' title='bbox 896 2551 949 2582; x_wconf 84' lang='grc'>011</span> <span class='ocrx_word' id='word_1_456' title='bbox 988 2561 1027 2590; x_wconf 91' lang='lat'>19</span> <span class='ocrx_word' id='word_1_457' title='bbox 1064 2551 1151 2590; x_wconf 70' lang='lat' dir='ltr'>‹luly</span> <span class='ocrx_word' id='word_1_458' title='bbox 1180 2549 1362 2580; x_wconf 76' lang='lat' dir='ltr'>Aleander</span> <span class='ocrx_word' id='word_1_459' title='bbox 1392 2552 1500 2580; x_wconf 84' lang='lat' dir='ltr'>wrote</span> <span class='ocrx_word' id='word_1_460' title='bbox 1531 2552 1567 2580; x_wconf 87' lang='lat' dir='ltr'>to</span> <span class='ocrx_word' id='word_1_461' title='bbox 1601 2551 1663 2581; x_wconf 87' lang='lat' dir='ltr'>the</span> 
     </span>
     <span class='ocr_line' id='line_1_63' title="bbox 896 2593 1663 2634; baseline -0.003 -9"><span class='ocrx_word' id='word_1_462' title='bbox 896 2595 1003 2625; x_wconf 84' lang='lat' dir='ltr'>Curia</span> <span class='ocrx_word' id='word_1_463' title='bbox 1015 2595 1140 2634; x_wconf 72' lang='lat' dir='ltr'>asking</span> <span class='ocrx_word' id='word_1_464' title='bbox 1152 2596 1202 2624; x_wconf 80' lang='lat' dir='ltr'>sor</span> <span class='ocrx_word' id='word_1_465' title='bbox 1214 2603 1334 2633; x_wconf 84' lang='lat' dir='ltr'>power</span> <span class='ocrx_word' id='word_1_466' title='bbox 1344 2599 1380 2624; x_wconf 91' lang='lat' dir='ltr'>to</span> <span class='ocrx_word' id='word_1_467' title='bbox 1390 2593 1530 2624; x_wconf 77' lang='lat' dir='ltr'>absolve</span> <span class='ocrx_word' id='word_1_468' title='bbox 1543 2594 1663 2624; x_wconf 84' lang='lat' dir='ltr'>Pirck-</span> 
     </span>
     <span class='ocr_line' id='line_1_64' title="bbox 896 2637 1663 2677; baseline -0.001 -9"><span class='ocrx_word' id='word_1_469' title='bbox 896 2639 1035 2669; x_wconf 83' lang='lat' dir='ltr'>heimer</span> <span class='ocrx_word' id='word_1_470' title='bbox 1048 2638 1118 2668; x_wconf 88' lang='lat' dir='ltr'>and</span> <span class='ocrx_word' id='word_1_471' title='bbox 1130 2638 1301 2677; x_wconf 66' lang='lat' dir='ltr'>Spengler</span> <span class='ocrx_word' id='word_1_472' title='bbox 1313 2637 1466 2667; x_wconf 84' lang='lat' dir='ltr'>without</span> <span class='ocrx_word' id='word_1_473' title='bbox 1479 2638 1663 2677; x_wconf 66' lang='lat' dir='ltr'>requiring</span> 
     </span>
    </p>
   </div>
   <div class='ocr_carea' id='block_1_15' title="bbox 895 2681 1666 2721">
    <p class='ocr_par' dir='ltr' id='par_1_16' title="bbox 895 2681 1666 2721">
     <span class='ocr_line' id='line_1_65' title="bbox 895 2681 1666 2721; baseline -0.004 -8"><span class='ocrx_word' id='word_1_474' title='bbox 895 2683 991 2713; x_wconf 86' lang='lat' dir='ltr'>their</span> <span class='ocrx_word' id='word_1_475' title='bbox 1007 2691 1224 2721; x_wconf 79' lang='lat' dir='ltr'>appearance</span> <span class='ocrx_word' id='word_1_476' title='bbox 1235 2683 1270 2711; x_wconf 82' lang='lat' dir='ltr'>at</span> <span class='ocrx_word' id='word_1_477' title='bbox 1288 2681 1399 2710; x_wconf 56' lang='lat' dir='ltr'>Romi·</span> <span class='ocrx_word' id='word_1_478' title='bbox 1414 2692 1421 2719; x_wconf 89' lang='lat'>;</span> <span class='ocrx_word' id='word_1_479' title='bbox 1446 2681 1516 2711; x_wconf 82' lang='lat' dir='ltr'>and</span> <span class='ocrx_word' id='word_1_480' title='bbox 1531 2691 1549 2711; x_wconf 89' lang='lat' dir='ltr'>a</span> <span class='ocrx_word' id='word_1_481' title='bbox 1564 2681 1666 2711; x_wconf 85' lang='lat' dir='ltr'>Brief</span> 
     </span>
    </p>
   </div>
   <div class='ocr_carea' id='block_1_16' title="bbox 892 2724 1659 2982">
    <p class='ocr_par' dir='ltr' id='par_1_17' title="bbox 892 2724 1659 2853">
     <span class='ocr_line' id='line_1_66' title="bbox 894 2724 1659 2756; baseline -0.003 0"><span class='ocrx_word' id='word_1_482' title='bbox 894 2729 932 2756; x_wconf 88' lang='lat' dir='ltr'>to</span> <span class='ocrx_word' id='word_1_483' title='bbox 949 2726 1023 2756; x_wconf 83' lang='lat' dir='ltr'>this</span> <span class='ocrx_word' id='word_1_484' title='bbox 1040 2726 1141 2756; x_wconf 81' lang='lat' dir='ltr'>effect</span> <span class='ocrx_word' id='word_1_485' title='bbox 1159 2735 1231 2755; x_wconf 79' lang='lat' dir='ltr'>was</span> <span class='ocrx_word' id='word_1_486' title='bbox 1248 2727 1328 2755; x_wconf 74' lang='lat' dir='ltr'>sent</span> <span class='ocrx_word' id='word_1_487' title='bbox 1352 2725 1402 2754; x_wconf 80' lang='lat' dir='ltr'>off</span> <span class='ocrx_word' id='word_1_488' title='bbox 1423 2727 1458 2755; x_wconf 88' lang='lat' dir='ltr'>to</span> <span class='ocrx_word' id='word_1_489' title='bbox 1476 2724 1552 2754; x_wconf 87' lang='lat' dir='ltr'>him</span> <span class='ocrx_word' id='word_1_490' title='bbox 1569 2724 1659 2755; x_wconf 85' lang='lat' dir='ltr'>from</span> 
     </span>
     <span class='ocr_line' id='line_1_67' title="bbox 894 2768 1659 2808; baseline 0 -9"><span class='ocrx_word' id='word_1_491' title='bbox 894 2769 1064 2799; x_wconf 82' lang='lat' dir='ltr'>Florence</span> <span class='ocrx_word' id='word_1_492' title='bbox 1084 2779 1104 2808; x_wconf 83' lang='lat'>3</span> <span class='ocrx_word' id='word_1_493' title='bbox 1122 2770 1211 2808; x_wconf 74' lang='lat' dir='ltr'>Aug.</span> <span class='ocrx_word' id='word_1_494' title='bbox 1242 2777 1334 2806; x_wconf 81' lang='grc'><strong>1521.</strong></span> <span class='ocrx_word' id='word_1_495' title='bbox 1381 2769 1442 2799; x_wconf 70' lang='grc' dir='ltr'>801Ι</span> <span class='ocrx_word' id='word_1_496' title='bbox 1466 2768 1577 2798; x_wconf 84' lang='lat' dir='ltr'>Balan</span> <span class='ocrx_word' id='word_1_497' title='bbox 1604 2778 1659 2808; x_wconf 88' lang='lat' dir='ltr'>pp.</span> 
     </span>
     <span class='ocr_line' id='line_1_68' title="bbox 892 2823 1058 2853; baseline 0.006 -2"><span class='ocrx_word' id='word_1_498' title='bbox 892 2823 967 2853; x_wconf 77' lang='lat'><strong>274,</strong></span> <span class='ocrx_word' id='word_1_499' title='bbox 985 2823 1058 2852; x_wconf 88' lang='lat'><strong>279·</strong></span> 
     </span>
    </p>

    <p class='ocr_par' dir='ltr' id='par_1_18' title="bbox 936 2855 1539 2896">
     <span class='ocr_line' id='line_1_69' title="bbox 936 2855 1539 2896; baseline -0.003 -10"><span class='ocrx_word' id='word_1_500' title='bbox 936 2867 963 2895; x_wconf 95' lang='lat'>7.</span> <span class='ocrx_word' id='word_1_501' title='bbox 992 2866 1011 2886; x_wconf 87' lang='grc'>3</span> <span class='ocrx_word' id='word_1_502' title='bbox 1027 2855 1266 2896; x_wconf 80' lang='lat' dir='ltr'>prouocando]</span> <span class='ocrx_word' id='word_1_503' title='bbox 1292 2855 1343 2885; x_wconf 91' lang='lat' dir='ltr'>Cf.</span> <span class='ocrx_word' id='word_1_504' title='bbox 1364 2855 1426 2894; x_wconf 89' lang='lat' dir='ltr'>Ep.</span> <span class='ocrx_word' id='word_1_505' title='bbox 1451 2865 1539 2893; x_wconf 85' lang='grc'><strong>1241.</strong></span> 
     </span>
    </p>

    <p class='ocr_par' dir='ltr' id='par_1_19' title="bbox 934 2898 1593 2940">
     <span class='ocr_line' id='line_1_70' title="bbox 934 2898 1593 2940; baseline -0.002 -11"><span class='ocrx_word' id='word_1_506' title='bbox 934 2910 984 2930; x_wconf 90' lang='grc'>22.</span> <span class='ocrx_word' id='word_1_507' title='bbox 1014 2900 1068 2930; x_wconf 85' lang='lat' dir='ltr'>vel</span> <span class='ocrx_word' id='word_1_508' title='bbox 1085 2898 1211 2940; x_wconf 79' lang='lat' dir='ltr'>armis]</span> <span class='ocrx_word' id='word_1_509' title='bbox 1245 2900 1297 2930; x_wconf 87' lang='lat' dir='ltr'>Cf.</span> <span class='ocrx_word' id='word_1_510' title='bbox 1317 2899 1375 2938; x_wconf 88' lang='lat' dir='ltr'>Ep.</span> <span class='ocrx_word' id='word_1_511' title='bbox 1402 2900 1491 2929; x_wconf 85' lang='lat'>1168.</span> <span class='ocrx_word' id='word_1_512' title='bbox 1516 2908 1593 2938; x_wconf 89' lang='grc'><strong>1911.</strong></span> 
     </span>
    </p>

    <p class='ocr_par' dir='ltr' id='par_1_20' title="bbox 935 2942 1654 2982">
     <span class='ocr_line' id='line_1_71' title="bbox 935 2942 1654 2982; baseline -0.001 -9"><span class='ocrx_word' id='word_1_513' title='bbox 935 2953 985 2982; x_wconf 86' lang='lat'>27.</span> <span class='ocrx_word' id='word_1_514' title='bbox 1011 2943 1290 2982; x_wconf 61' lang='lat' dir='ltr'>Praedicatores}</span> <span class='ocrx_word' id='word_1_515' title='bbox 1332 2942 1382 2973; x_wconf 81' lang='lat' dir='ltr'>Cf.</span> <span class='ocrx_word' id='word_1_516' title='bbox 1426 2942 1512 2981; x_wconf 76' lang='lat' dir='ltr'>Epp.</span> <span class='ocrx_word' id='word_1_517' title='bbox 1564 2943 1654 2973; x_wconf 84' lang='lat'>1166.</span> 
     </span>
    </p>
   </div>
   <div class='ocr_carea' id='block_1_17' title="bbox 895 2997 985 3026">
    <p class='ocr_par' dir='ltr' id='par_1_21' title="bbox 895 2997 985 3026">
     <span class='ocr_line' id='line_1_72' title="bbox 895 2997 985 3026; baseline 0 -10"><span class='ocrx_word' id='word_1_518' title='bbox 895 2997 985 3026; x_wconf 83' lang='lat'>1173.</span> 
     </span>
    </p>
   </div>
  </div>
 </body>
</html>
