1990 3353
619 118 774 158 FROM
810 118 962 158 JOHN
1001 117 1186 156 TURZO
1626 119 1702 157 135

104 120 226 174 1047]

101 242 185 267 non
215 231 430 267 momento
459 228 523 267 tui
552 227 748 277 ingerunt
780 228 1049 276 memoriam;
1093 229 1366 278 quantumuis
1396 227 1506 266 nihil
1535 241 1703 278 prorsus
1723 246 1763 274 30

101 283 185 321 mei
215 284 322 333 apud
356 286 398 321 te
429 284 485 322 sit
520 282 628 332 quod
663 281 790 319 huius
824 282 1016 320 mortalis
1049 282 1379 321 recordationem
1407 283 1596 320 vicissim
1626 282 1704 320 tibi

101 338 230 387 possit
250 338 406 376 afferre.
467 337 575 386 Ergo
595 336 724 385 igitur
743 337 790 373 vt
810 336 962 375 amoris
988 338 1029 374 et
1055 337 1317 375 obseruantie
1337 350 1453 375 meae
1479 335 1704 386 singularis

101 393 146 430 in
176 394 215 429 te
241 392 431 431 studium
457 391 535 429 tibi
560 390 688 428 etiam
717 391 841 440 atque
863 391 994 428 eciam
1021 392 1155 441 magis
1173 391 1246 430 fiat
1272 392 1497 441 cognitum,
1521 390 1706 429 interim-

101 459 180 496 que
210 446 261 484 ob
290 446 428 484 oculos
458 445 703 483 obuersetur
722 444 921 483 Tursonis
951 444 1013 483 tui
1041 445 1253 493 memoria,
1277 459 1433 484 munus
1462 444 1540 483 tibi
1567 445 1700 490 mitto,

102 514 186 539 non
217 501 359 550 magni
388 513 488 539 sane
518 499 669 548 precii:
705 501 882 549 quatuor
910 499 1122 549 horologia
1151 499 1334 550 inquam,
1358 499 1502 538 vitreis
1524 498 1704 538 vasculis
1723 506 1761 538 35

100 555 258 605 exigua,
276 554 592 604 puluisculoque
612 553 812 603 paulatim
833 552 1050 592 delabente
1070 554 1192 593 horas
1213 554 1495 599 dimetientia;
1526 566 1705 604 quorum

101 622 215 650 vsus.
250 609 406 659 opinor,
449 608 708 658 clepsydram
747 610 889 646 nostro
928 608 1067 646 seculo
1105 611 1237 659 equat.
1296 609 1386 647 Hec
1423 621 1522 646 sane
1562 608 1704 646 crebro

101 663 338 712 trac(ta>tu
373 666 496 713 atque
528 662 748 700 obuersatu
779 664 821 699 te
851 662 985 700 nostri
1013 663 1057 700 in
1085 662 1207 701 horas
1239 664 1437 712 poterunt
1466 663 1701 700 admonere.

100 717 290 756 Adiunxi
310 719 494 767 preterea
513 716 605 755 auri
625 717 719 766 puri
739 716 954 766 natiuique
973 719 1149 767 quatuor
1168 717 1389 766 particulas
1409 717 1498 755 siue
1519 719 1705 755 ramenta

101 785 123 810 e
143 772 424 810 subterraneis
452 771 654 821 specubus
679 771 860 821 adeoque
886 784 936 809 ex
961 771 1064 821 ipsis
1090 774 1199 810 terre
1219 771 1449 810 visceribus
1472 772 1517 809 in
1547 771 1704 809 ditione
1722 784 1765 813 40

101 839 192 865 mee
222 827 438 865 dioceseos.
471 826 608 876 qualia
637 826 764 872 vides,
798 838 930 875 nuper
958 828 1084 872 eruta,
1116 839 1267 875 nempe
1295 828 1343 864 vt
1371 826 1461 864 auri
1488 825 1610 864 viuax
1639 827 1704 863 vis

101 884 142 919 te
167 881 483 919 immortalitate
508 880 819 930 dignissumum
848 880 1053 918 declaret:
1087 881 1137 919 ad
1167 881 1242 919 hec
1266 882 1560 930 tegumentum
1590 893 1703 918 sacro

101 938 173 973 tuo
193 935 318 985 capiti
344 949 392 973 ex
419 934 605 973 murium
626 935 897 973 Ponticorum
925 935 1098 980 exuuiis,
1121 948 1223 984 quas
1249 936 1455 974 nostrates
1476 934 1703 973 Sebellinas

102 989 229 1038 pelles
259 991 387 1028 etiam
417 990 516 1027 dum
538 991 735 1039 vsurpata
759 1002 859 1027 voce
888 990 1197 1038 cognominant.
1257 989 1479 1028 Debebunt
1509 989 1702 1039 equidem

100 1045 177 1082 hee
197 1045 337 1093 pelles,
362 1044 463 1082 dum
490 1045 611 1093 caput
637 1046 757 1081 tuum
779 1045 819 1081 et
847 1046 963 1093 grata
990 1044 1169 1082 mollicie
1195 1043 1491 1082 demulcebunt
1522 1047 1563 1082 et
1595 1043 1703 1081 foue-
1723 1056 1762 1086 45

100 1099 206 1137 bunt
242 1099 388 1137 caloris
419 1099 629 1148 temperie,
664 1110 806 1135 meum
840 1099 883 1136 in
919 1101 960 1135 te
989 1112 1173 1137 amorem
1207 1101 1279 1136 aut
1311 1100 1453 1137 testari
1487 1100 1559 1137 aut
1598 1111 1704 1136 com-

99 1153 283 1202 probare.

156 1207 243 1257 Ego
271 1208 371 1246 adeo
396 1207 472 1245 hec
498 1207 577 1245 tibi
601 1207 736 1250 mitto,
760 1220 844 1244 non
870 1207 966 1256 quia
989 1209 1039 1253 te,
1063 1208 1133 1256 qui
1158 1220 1304 1257 regum
1328 1209 1369 1245 et
1398 1207 1703 1256 potentissimo-

100 1275 193 1300 rum
232 1263 471 1312 principum
505 1261 751 1299 muneribus
784 1262 995 1299 exornaris
1029 1261 1211 1309 cottidie,
1249 1262 1458 1300 similibus
1497 1261 1704 1311 longeque

100 1317 447 1366 prestantioribus
468 1329 603 1354 carere
626 1315 828 1362 arbitrer;
858 1316 928 1353 sed
951 1320 997 1353 vt
1025 1316 1178 1354 amoris
1204 1316 1286 1354 mei
1313 1318 1354 1354 et
1379 1315 1704 1365 propensissime
1723 1327 1759 1358 50

100 1371 360 1410 obseruantie
391 1371 588 1417 studium,
613 1369 963 1419 quemadmodum
990 1370 1220 1419 premonui,
1242 1370 1320 1409 tibi
1339 1370 1412 1409 fiat
1441 1371 1703 1420 compertius.

100 1426 259 1464 Verum
292 1425 484 1475 quicquid
520 1428 583 1463 est
615 1425 742 1462 huius
775 1425 882 1474 quod
918 1424 1051 1472 mitto,
1085 1427 1131 1462 vt
1165 1425 1314 1463 lubens
1348 1427 1388 1463 et
1421 1428 1538 1474 grato
1566 1424 1706 1463 animo

98 1480 273 1529 accipias
301 1480 571 1518 vehementer
600 1492 681 1517 oro.
742 1479 792 1517 Id
819 1480 927 1528 quod
962 1479 1153 1517 futurum
1188 1480 1362 1527 confido,
1395 1479 1430 1517 si
1459 1479 1591 1517 animi
1623 1479 1707 1517 mei

99 1534 391 1573 beneuolentia
434 1539 556 1583 atque
600 1534 888 1583 profusissima
933 1533 976 1571 in
1019 1536 1061 1571 te
1101 1534 1388 1583 propensione,
1430 1547 1517 1572 non
1554 1534 1702 1583 precio,

100 1589 398 1627 munusculum
422 1588 645 1627 estimabis.
707 1588 815 1626 Nam
839 1588 874 1626 si
896 1601 970 1636 pro
996 1588 1080 1626 tuis
1111 1588 1273 1626 meritis
1302 1588 1512 1626 ornandus
1541 1589 1609 1635 sis,
1634 1588 1705 1626 vix
1724 1601 1763 1632 55

100 1645 208 1681 certe
238 1644 366 1681 totius
395 1643 506 1681 orbis
534 1656 631 1692 opes
660 1644 701 1681 et
735 1645 861 1692 copie.
897 1643 1052 1680 nedum
1085 1642 1284 1690 dynastae
1318 1643 1549 1692 cuiuspiam
1583 1643 1704 1680 facul-

99 1699 214 1744 tates,
252 1701 321 1735 tue
356 1697 552 1746 dignitati
585 1697 686 1735 satis
720 1698 818 1734 sunt
852 1697 1018 1735 facture.
1077 1697 1195 1745 Quod
1232 1700 1429 1747 superest,
1466 1696 1706 1735 charissime

100 1752 281 1800 Erasme,
304 1753 485 1790 maxime
505 1752 696 1790 omnium
716 1754 823 1801 opto,
846 1764 923 1798 me,
940 1754 983 1789 vt
1005 1752 1161 1801 cepisti,
1185 1764 1324 1789 amare
1344 1765 1501 1802 pergas,
1519 1752 1705 1801 beneque

100 1820 145 1845 ac
165 1807 365 1845 foeliciter
384 1806 532 1845 valeas.

155 1861 311 1899 Datum
331 1860 517 1899 wratisl.
542 1860 611 1899 Kl.
635 1860 837 1899 decembr.
896 1861 1022 1898 Anno
1042 1860 1214 1899 mxxxix.
1724 1859 1766 1891 60

664 1915 874 1953 lohannes
892 1914 1068 1962 Thurzo,
1088 1915 1303 1964 episcopus
1322 1914 1649 1962 wratislauiefi„

1186 1982 1315 2008 manu
1334 1969 1509 2019 propria.

145 2077 197 2106 31.
224 2067 387 2098 mortalis
406 2069 472 2098 MS.
491 2078 498 2098 :
522 2067 682 2097 hominis
701 2070 733 2098 F.

102 2113 209 2150 atque
226 2111 374 2141 interim
392 2114 426 2141 F.

104 2157 173 2186 MS.
264 2158 416 2193 quatuor
432 2157 506 2185 add.
523 2157 559 2184 F.

101 2201 172 2230 MS.
192 2210 198 2229 ε

862 2076 913 2105 32.
940 2067 1031 2103 Ergo
1049 2078 1107 2098 om.
1127 2070 1161 2098 F.

575 2121 626 2150 34.
654 2111 827 2141 Tul-zonis
843 2113 879 2142 F.
983 2114 1031 2142 F:
1055 2111 1192 2141 muniis
1209 2113 1277 2141 MS.

667 2155 816 2193 inquam
834 2155 1014 2193 horologia
1031 2158 1066 2186 F.

1298 2077 1349 2106 33.
1375 2067 1594 2106 interimque
1610 2069 1678 2097 MS.
1698 2079 1705 2097 :

1428 2120 1480 2149 35.
1504 2114 1552 2141 F:
1577 2120 1705 2150 magne

1169 2155 1222 2193 38.
1246 2156 1364 2185 tractu
1388 2156 1492 2194 atque
1517 2155 1706 2185 obuersatu

230 2199 419 2229 obuersatu
451 2201 556 2237 atque
579 2200 737 2229 tractatu
760 2201 796 2229 F.
946 2202 994 2229 F:
1026 2199 1186 2238 poterint
1209 2201 1276 2229 MS.
1427 2208 1478 2237 41.
1507 2199 1707 2229 dioeceseos

101 2245 143 2273 H.
326 2252 441 2281 nuper
464 2242 539 2273 add.
566 2246 600 2273 F.
800 2252 850 2279 42.
879 2245 929 2272 F:
955 2242 1190 2273 imortalitate
1215 2244 1284 2272 MS.
1449 2242 1705 2281 dignissimum

101 2289 137 2318 F.
271 2288 496 2325 tegmentum
512 2289 547 2317 F.
722 2295 773 2324 43.
798 2288 846 2316 F:
869 2287 1001 2316 exiuiis
1018 2289 1084 2316 MS.
1222 2285 1423 2316 Sabellinas
1438 2288 1474 2316 F.
1649 2297 1701 2324 44.

102 2331 305 2361 etiamnum
323 2332 365 2360 H.
510 2340 562 2369 45.
589 2330 655 2360 hae
671 2332 705 2360 F.
811 2329 876 2360 hoc
888 2334 957 2366 pose
973 2332 1079 2369 caput
1096 2332 1170 2360 add.
1191 2332 1226 2360 F.
1377 2331 1428 2368 46.
1456 2332 1507 2360 F:
1531 2331 1706 2369 temporie

101 2377 169 2405 MS.
296 2374 348 2411 48.
375 2377 442 2404 MS.
458 2376 513 2404 H:
537 2373 798 2413 potentissimis
817 2376 849 2404 F.
984 2383 1035 2412 55.
1062 2374 1313 2404 aestimaueris
1329 2376 1363 2403 F.
1457 2374 1642 2404 ornandus
1658 2377 1706 2404 F:

102 2420 249 2449 ornatus
266 2420 335 2449 MS.
483 2419 535 2456 56.
562 2419 655 2448 certe
673 2420 746 2448 add.
768 2420 802 2447 F.
905 2420 933 2447 F
948 2428 955 2448 ε
981 2417 1137 2456 Dynoste
1154 2420 1221 2448 MS.

102 2463 156 2493 60.
185 2462 315 2492 Datum
334 2464 379 2492 F:
408 2461 501 2492 Vale.
521 2464 588 2492 MS.
681 2461 921 2491 Vratislauiae
938 2464 973 2492 F.
1079 2462 1131 2492 61.
1159 2462 1314 2492 Ioannes
1331 2461 1443 2491 Turzo
1458 2463 1493 2491 F.

102 2506 297 2537 slauiensis
314 2508 346 2535 F.
482 2505 535 2536 62.
562 2505 705 2545 scripsit
717 2508 785 2542 post
800 2506 942 2545 propria
959 2507 1032 2536 add.
1051 2507 1086 2536 F.

1367 2427 1419 2455 59.
1445 2416 1650 2448 felicissime
1667 2420 1701 2447 F.

1586 2461 1706 2491 Vl'ati-

146 2628 198 2657 41.
225 2626 340 2656 nuper
356 2616 472 2657 eruta]
504 2616 540 2646 It
572 2625 644 2646 was
672 2615 825 2655 perhaps
849 2625 867 2645 a

104 2661 214 2693 result
232 2662 269 2691 of
283 2661 356 2691 this
373 2660 558 2698 discovery
574 2660 654 2690 that
670 2659 782 2690 Turzo
799 2659 868 2689 had

104 2705 271 2736 obtained
291 2704 379 2735 from
399 2702 625 2734 Maximilian
645 2703 690 2743 by
710 2712 791 2741 1513
807 2703 869 2732 the

105 2749 200 2789 right
218 2751 253 2779 to
272 2749 366 2778 mint
380 2757 399 2777 a
411 2747 492 2787 gold
505 2747 648 2786 coinage
665 2758 672 2777 ι
688 2757 744 2777 see
756 2746 813 2776 W.
831 2746 870 2776 C.

104 2793 256 2832 Hazlitt,
275 2794 404 2829 Coz'nczye
414 2793 504 2827 oslhe
521 2791 686 2828 Europam
701 2793 869 2821 Continent.

104 2837 235 2876 suppl„
258 2835 348 2874 1897,
370 2845 404 2874 p.
422 2845 474 2865 20.

982 2623 1032 2651 43.
1062 2612 1278 2653 Sebellinas]
1326 2613 1393 2642 For
1430 2622 1450 2643 a
1489 2614 1634 2652 present
1672 2613 1710 2643 of

939 2658 1053 2687 sables·
1079 2656 1170 2686 from
1201 2657 1297 2686 John
1330 2656 1446 2695 Lasky
1470 2658 1506 2686 to
1537 2656 1706 2687 Boniface

940 2701 1154 2738 Amerbach,
1182 2702 1261 2731 sent
1287 2700 1378 2731 from
1404 2700 1518 2730 Poswn
1544 2701 1581 2730 in
1610 2702 1703 2738 1526,

940 2755 995 2775 sve
1009 2745 1066 2774 La.
1081 2744 1118 2775 E.
1134 2755 1165 2782 9,
1179 2744 1251 2774 aud
1263 2743 1372 2774 Lond.
1388 2754 1468 2774 xxx.
1482 2754 1533 2782 43,
1548 2743 1616 2774 LB.
1632 2744 1705 2782 827.

984 2798 1035 2827 45.
1063 2787 1143 2828 hee]
1164 2788 1232 2817 For
1248 2787 1388 2817 similar
1404 2788 1514 2817 forms
1531 2797 1586 2818 see
1604 2797 1635 2827 p.
1652 2796 1705 2827 97.

984 2841 1035 2870 5¹.
1063 2831 1268 2871 premonui]
1288 2831 1350 2871 Ep.
1370 2832 1444 2870 850.
1462 2840 1549 2870 44,5.
