1990 3353
138 158 154 182 1
166 157 181 181 1
192 158 210 183 2
219 143 262 198 7]
684 143 754 181 ΤΟ
792 142 964 181 LOUIS
1002 142 1185 180 PLATZ
1660 141 1739 179 319

133 254 299 302 faueas3
331 255 455 303 atque
481 252 633 291 horum
658 250 891 290 accessione
917 251 1273 302 Erphurdiensem
1298 251 1584 299 Academiam,
1607 251 1740 290 cuitu

132 308 325 346 felicibus
345 307 553 357 praesides
573 305 778 356 auspiciis,
797 306 1078 345 exornandam
1097 306 1469 356 expoliendamque
1490 319 1619 344 cures.
1659 305 1742 344 Illa

133 365 230 400 tuae
257 362 503 412 prudentiae
528 361 621 399 laus
646 363 709 399 est
736 359 967 410 peculiaris,
990 361 1100 410 quod
1128 361 1206 399 hoc
1233 361 1388 410 absque
1415 360 1603 399 tumultu
1623 359 1736 408 facis,

133 430 260 466 quem
277 416 379 455 alibi
398 417 590 455 videmus
611 414 779 454 excitari
800 414 1062 464 quorundam
1076 415 1369 466 imprudentia.
1420 415 1563 453 Bonae
1577 414 1741 453 litterae

135 472 194 509 sic
214 471 367 510 debent
387 471 565 521 irrepere
584 470 628 508 in
647 469 908 517 Academias,
932 483 1017 508 non
1043 471 1091 508 vt
1115 469 1257 508 hostes
1283 469 1423 508 omnia
1448 469 1741 519 depopulaturi

133 525 370 574 videantur,
402 526 472 563 sed
504 524 688 574 hospites
716 524 856 573 potius
884 523 1085 573 paulatim
1115 524 1160 562 in
1190 524 1358 562 ciuilem
1393 523 1742 562 consuetudinem

134 580 334 619 coalituri.
393 579 499 618 Mihi
545 591 761 629 nunquam
807 577 963 628 placuit
1006 578 1230 626 tumultus,
1270 581 1312 618 et
1356 580 1429 617 aut
1472 591 1546 628 ego
1591 592 1740 628 parum

133 634 348 684 perspicio,
378 636 450 672 aut
475 634 570 683 plus
595 633 770 671 efficitur
797 632 1024 672 moderatis
1051 632 1237 672 consiliis
1265 646 1391 682 quam
1421 633 1583 672 viribus
1613 633 1741 682 impo-

133 689 330 728 tentibus.
391 690 453 727 Ac
475 689 682 726 bonorum
702 687 890 725 virorum
909 700 999 726 esse
1018 701 1110 726 reor
1129 687 1189 726 sic
1209 688 1317 726 velle
1338 688 1530 737 prodesse
1548 690 1595 726 vt
1615 701 1741 738 quam

132 743 393 792 paucissimis
412 744 619 789 noceatur,
642 743 766 792 atque
785 742 886 780 adeo
905 741 1046 789 nullis,
1070 741 1106 780 si
1125 741 1250 780 modo
1268 742 1402 780 liceat.
1463 742 1524 781 Eo
1544 743 1744 781 vanitatis

132 799 388 847 processerat
421 797 571 846 frigida
603 797 677 835 illa
711 796 962 846 disputatrix
995 796 1205 844 theologia
1237 798 1285 835 vt
1324 809 1487 835 necesse
1526 797 1653 835 fuerit
1691 798 1741 835 ad

134 852 271 889 fontes
308 865 511 890 reuocare.
585 851 663 889 Sed
703 853 846 889 tamen
882 850 1000 889 illam
1039 864 1202 901 quoque
1242 851 1392 901 corrigi
1428 851 1577 890 malim
1617 864 1742 901 quam

132 906 310 955 explodi,
335 909 409 944 aut
428 908 537 944 certe
557 905 726 944 tolerari
746 906 875 944 donec
899 905 1037 954 potior
1056 905 1195 955 aliqua
1219 906 1455 956 theologiae
1481 906 1586 944 ratio
1614 905 1741 944 fuerit

132 963 284 1010 parata.
343 960 476 999 Multa
495 960 676 1010 preclare
695 960 860 998 monuit
879 960 1104 1008 Lutherus,
1128 960 1200 998 sed
1222 960 1384 999 vtinam
1411 960 1578 999 ciuilius
1604 960 1742 999 admo-

134 1014 317 1054 nuisset!
375 1015 523 1054 Plures
543 1014 714 1053 haberet
733 1016 774 1053 et
800 1015 984 1053 fautores
1010 1017 1051 1053 et
1078 1017 1418 1065 propugnatores,
1441 1017 1482 1053 et
1507 1015 1741 1054 vberiorem

132 1082 311 1108 messem
333 1070 562 1108 demeteret
582 1069 758 1108 Christo.
817 1070 872 1108 Et
893 1071 1036 1107 tamen
1056 1070 1236 1119 impium
1255 1070 1311 1108 sit
1331 1069 1453 1108 illum
1473 1069 1517 1108 in
1544 1070 1611 1108 his
1637 1083 1742 1120 quae

134 1125 244 1162 recte
264 1124 374 1163 dixit
394 1137 562 1174 prorsus
582 1124 849 1162 indefensum
870 1123 1125 1174 relinquere:
1155 1137 1209 1163 ne
1236 1124 1408 1174 posthac
1435 1138 1559 1163 nemo
1587 1125 1642 1163 sit
1669 1125 1742 1174 qui

131 1191 279 1216 verum
315 1179 425 1217 ausit
458 1179 660 1228 proloqui.
717 1178 812 1217 Non
845 1180 907 1216 est
942 1191 1016 1217 nec
1049 1178 1178 1217 huius
1215 1179 1466 1218 conditionis
1499 1192 1573 1218 nec
1612 1179 1741 1217 huius

134 1232 292 1283 ingenii
330 1233 379 1271 de
416 1232 533 1271 illius
577 1233 766 1271 doctrina
808 1233 1095 1283 pronunciare.
1167 1233 1384 1272 Hactenus
1428 1236 1538 1272 certe
1582 1234 1741 1284 profuit

133 1288 304 1327 mundo.
366 1287 571 1325 Nonnulli
591 1289 692 1327 sunt
714 1287 850 1326 adacti
873 1287 923 1325 ad
951 1288 1207 1326 euoluendos
1233 1291 1424 1326 veterum
1450 1289 1740 1338 theologorum

132 1341 272 1389 libros,
304 1342 378 1380 alii
406 1356 486 1392 quo
515 1342 595 1380 sibi
623 1343 900 1391 consulerent,
933 1342 1005 1380 alii
1035 1356 1116 1393 quo
1151 1343 1337 1381 Luthero
1366 1343 1587 1392 negocium
1617 1344 1739 1382 faces-

131 1399 279 1435 serent.

187 1450 421 1489 Draconem
449 1450 528 1489 tibi
556 1450 906 1499 commendarem,
938 1452 1020 1490 nisi
1048 1451 1100 1490 iis
1129 1453 1237 1490 esset
1266 1452 1469 1499 moribus,
1498 1465 1546 1491 ea
1579 1451 1741 1501 ingenii

131 1506 335 1543 suauitate
355 1505 628 1555 puritateque,
650 1508 698 1543 vt
717 1518 805 1543 non
825 1505 956 1555 possit
978 1519 1062 1545 non
1081 1519 1170 1544 esse
1196 1506 1356 1556 optimo
1381 1507 1530 1556 cuique
1555 1506 1739 1556 gratissi-

131 1572 237 1598 mus.
298 1560 462 1599 Scimus
491 1573 618 1610 quam
646 1560 754 1598 nihil
783 1573 1015 1610 possumus.
1076 1561 1235 1600 Tamen
1264 1562 1300 1599 si
1330 1560 1428 1611 quid
1464 1562 1543 1600 erit
1576 1561 1622 1600 in
1657 1575 1739 1611 quo

131 1627 282 1664 queam
316 1615 388 1653 isti
420 1614 667 1653 Academiae
700 1614 770 1654 vel
805 1614 896 1653 vsui
930 1628 1020 1654 esse
1052 1615 1122 1655 vel
1155 1619 1412 1662 ornamento,
1445 1616 1504 1654 sic
1538 1629 1658 1666 agam
1695 1618 1739 1654 vt

131 1668 344 1718 intelligas
382 1669 489 1707 mihi
528 1669 696 1719 quiduis
734 1669 914 1708 defuisse
953 1669 1094 1720 potius
1138 1683 1265 1720 quam
1309 1683 1561 1720 propensam
1606 1669 1740 1708 animi

131 1723 407 1763 voluntatem.
465 1724 581 1763 Bene
602 1724 707 1764 vale.
768 1724 946 1762 Louanii
965 1724 1070 1774 prid.
1099 1725 1181 1764 Cal.
1206 1725 1391 1774 Augusti
1414 1722 1664 1777 [M.n.xvn1],

1047 1779 1250 1818 Erasmus
1270 1780 1575 1818 Roterodamus

1161 1838 1326 1884 meapte
1346 1848 1475 1873 manu
1497 1835 1735 1885 subscripsi.

648 2062 772 2104 11:28.
835 2061 899 2104 To
931 2062 1059 2104 JOHN
1091 2063 1232 2105 LANG.

177 2147 498 2185 Wilhelmshafen
516 2148 594 2185 MS.
1415 2155 1595 2191 Louvain.

178 2207 369 2244 Horawitz
387 2208 411 2244 i.
431 2219 488 2254 23.
1327 2224 1346 2249 2
1365 2214 1512 2260 August
1533 2213 1690 2260 (1520).

177 2291 266 2331 [The
283 2292 508 2332 manuscript
520 2293 551 2323 is
562 2294 756 2334 autograph
770 2294 1003 2333 throughout,
1016 2295 1089 2326 and
1102 2295 1166 2327 has
1177 2297 1265 2326 been
1277 2296 1496 2335 reprodueed
1509 2296 1547 2326 in
1561 2296 1739 2327 facsimile

131 2335 258 2374 twice3
283 2335 321 2366 in
341 2344 362 2366 a
385 2335 574 2367 collection
591 2336 629 2368 of
645 2339 847 2378 specimens
863 2338 902 2369 of
918 2339 1178 2379 handwriting,
1197 2342 1254 2370 Die
1278 2343 1413 2371 Μᾶηηεν
1435 2343 1489 2371 der
1511 2343 1735 2380 Reformatz’on,

132 2378 285 2419 Leipzig,
307 2380 400 2414 1860.
421 2379 493 2410 and
509 2379 602 2411 from
619 2381 722 2412 there
739 2382 778 2412 in
801 2382 895 2414 Prof.
920 2382 1122 2414 Emerton's
1143 2386 1309 2421 Erasmus,
1331 2385 1425 2424 1899,
1445 2394 1476 2424 p.
1495 2394 1569 2422 342.
1616 2384 1738 2415 When

131 2422 317 2454 Horawitz
332 2423 515 2462 produced
532 2424 590 2454 his
607 2424 685 2457 first
702 2429 902 2457 Erasmiana
918 2427 956 2456 in
978 2428 1070 2465 1878,
1090 2428 1120 2458 it
1139 2437 1212 2458 was
1227 2428 1266 2458 in
1285 2428 1347 2458 the
1369 2429 1566 2468 possession
1586 2428 1624 2459 of
1643 2428 1738 2460 Prof.

132 2465 266 2496 Hohne
282 2466 321 2496 of
333 2466 493 2497 Dresden
510 2478 518 2506 3
536 2468 600 2499 but
612 2469 674 2500 the
689 2470 836 2510 writing
852 2470 925 2501 had
942 2471 1031 2502 been
1049 2472 1244 2502 somewhat
1263 2472 1469 2511 ‘improved
1481 2471 1500 2511 ',
1518 2473 1674 2513 perhaps
1691 2482 1739 2503 on

129 2512 282 2540 account
297 2510 335 2540 of
353 2509 480 2550 finding
496 2511 570 2550 ink,
590 2513 662 2543 and
686 2516 824 2544 Loucmii
847 2514 888 2552 (l.
911 2515 964 2553 14)
988 2514 1061 2545 had
1085 2516 1174 2545 been
1198 2515 1359 2555 changed
1384 2516 1462 2546 into
1485 2518 1642 2554 Lugduni.
1691 2517 1739 2547 In

129 2552 227 2583 June
246 2554 329 2592 1908
346 2553 438 2585 Fran
454 2554 546 2587 Prof.
566 2555 698 2588 Hohne
712 2567 784 2588 was
795 2558 883 2588 kind
901 2559 1045 2597 enough
1059 2560 1095 2589 to
1110 2559 1199 2589 have
1212 2569 1232 2590 a
1245 2560 1385 2599 tracing
1400 2560 1438 2591 of
1450 2561 1478 2590 it
1490 2560 1594 2592 made
1611 2560 1665 2591 for
1680 2571 1739 2592 me

130 2596 178 2636 by
195 2596 257 2627 the
281 2596 407 2627 skilful
430 2598 529 2629 hand
547 2599 585 2630 of
606 2599 698 2631 Prof.
726 2600 763 2633 C.
785 2602 829 2633 A.
856 2601 1015 2633 Rollfuss
1032 2602 1071 2633 of
1092 2602 1255 2633 Dresden
1315 2604 1361 2634 In
1385 2604 1464 2634 Jan.
1490 2614 1570 2643 1911
1595 2604 1660 2635 she
1683 2604 1739 2635 in-

132 2640 269 2670 formed
286 2650 349 2680 my
365 2641 494 2678 friend,
511 2642 569 2674 Sir
585 2644 697 2675 Aurel
714 2644 827 2686 Stein,
848 2646 928 2676 that
951 2646 1014 2677 she
1035 2646 1107 2676 had
1132 2647 1343 2678 committed
1368 2648 1429 2678 the
1453 2649 1679 2688 manuscript
1701 2650 1738 2680 to

130 2683 193 2714 the
209 2693 286 2714 care
303 2684 339 2715 of
354 2684 454 2725 eapt.
472 2686 615 2718 Meurer
632 2688 670 2719 of
683 2689 744 2719 the
761 2689 920 2720 German
937 2689 1049 2730 Navy,
1065 2689 1306 2723 Adalbertstr.
1323 2701 1355 2730 4,
1372 2691 1690 2725 W'ilhelmshafen.

178 2808 226 2838 17.
250 2801 287 2830 et
302 2800 503 2831 vberiorem
520 2811 671 2834 messem
689 2803 889 2836 demeteret
906 2804 1051 2836 Christo
1068 2808 1142 2836 add.
1159 2808 1196 2837 F.
1327 2807 1376 2837 18.
1402 2806 1442 2837 in
1461 2807 1518 2838 his
1534 2817 1623 2846 quae
1641 2810 1737 2838 reete

133 2842 228 2873 dixit
245 2845 321 2873 aclcl.
340 2842 385 2875 αἳ.
520 2854 572 2876 20.
598 2845 676 2877 Non
695 2849 749 2878 est
766 2871 775 2880 .
793 2871 801 2879 .
818 2874 824 2880 .
843 2858 894 2888 23.
924 2849 1139 2880 facesserent
1161 2851 1236 2880 add.
1254 2852 1290 2880 F.
1423 2860 1475 2889 27.
1501 2851 1681 2890 possimus
1696 2854 1731 2882 F.

131 2886 221 2925 quid
236 2897 256 2915 α
269 2889 324 2917 H:
347 2887 409 2926 qui
428 2887 465 2918 id
480 2890 517 2919 F.
620 2900 672 2929 3ο.
697 2900 871 2923 Μ.1).Χν1ᾙ
886 2895 960 2923 add.
982 2895 1024 2924 H.
1115 2903 1168 2932 31.
1195 2893 1365 2925 Erasmus
1382 2917 1390 2925 .
1411 2917 1418 2925 .
1436 2917 1444 2925 .
1464 2904 1518 2934 32.
1542 2895 1736 2935 subscripsi

132 2940 189 2960 om.
206 2933 237 2961 F
249 2931 314 2969 (32.
342 2933 482 2970 meapte
500 2941 610 2964 manu
626 2934 819 2975 subscripsi
836 2939 912 2968 add.
929 2935 990 2977 αἳ).

174 3039 204 3068 7.
231 3010 459 3072 Academias]
479 3030 528 3062 Cf.
549 3031 611 3071 Ep.
635 3041 727 3064 1021.
750 3043 846 3072 115n.
1120 3045 1168 3074 14.
1195 3036 1340 3077 corrigi]
1367 3036 1417 3068 Cf.
1438 3037 1499 3076 Ep.
1522 3046 1613 3068 1002.
1633 3037 1690 3067 8n.

1764 648 1802 669 10

1763 1194 1802 1215 20

1762 1462 1800 1493 25
