1990 3353
121 152 136 175 1
150 135 245 190 135]
576 136 730 175 FROM
769 135 989 174 ULRICH
1027 135 1265 176 HUTTEN
1640 135 1722 174 329

118 263 248 289 mum.
307 250 400 290 Hoc
438 251 542 289 illud
583 252 645 288 est
684 249 793 300 quod
832 248 1036 298 parturire
1075 249 1176 287 istos
1207 248 1490 296 audiebamus,
1527 247 1722 286 homines

116 307 270 344 acutos.
330 305 396 344 Me
416 306 586 356 quidem
608 305 728 344 valde
747 304 1006 343 arbitrantur
1024 303 1184 352 timere,
1207 316 1446 354 quanquam
1466 302 1600 341 auditi
1622 304 1721 341 sunt
1744 316 1784 340 10

118 373 251 409 nuper
279 372 368 398 esse
397 359 658 399 condiciones
685 358 911 397 admodum
939 356 1146 405 honestas,
1178 358 1214 396 si
1241 358 1292 396 de
1325 370 1423 408 pace
1456 357 1523 407 agi
1556 369 1721 395 mecum

116 414 261 464 patiar.
319 414 412 453 Hoc
445 415 613 453 tentant
645 415 740 464 post
772 425 896 463 quam
930 411 1076 451 vident
1104 412 1306 462 elapsum.
1367 412 1476 450 Nam
1506 411 1724 461 Moguntia

115 481 369 508 excesseram
398 469 522 519 paulo
556 469 654 506 ante
683 481 810 518 quam
838 467 945 505 forte
981 468 1259 506 constitutum
1292 468 1380 504 erat
1412 465 1499 505 illis
1533 465 1643 516 quod
1678 478 1722 503 se

116 522 294 572 dignum
326 525 434 562 esset
463 523 606 571 facere,
639 522 827 561 monitus
859 521 912 561 ab
940 521 1097 570 amicis,
1130 521 1258 559 simul
1286 521 1375 571 ipse
1404 520 1599 570 quiddam
1635 532 1720 558 sus-

113 590 267 626 picans.
1743 582 1780 615 ¹5

170 631 227 670 Te
254 632 376 671 iubeo
404 632 612 681 quiescere
637 631 807 682 penitus
833 644 878 669 ac
904 632 1002 671 stilo
1029 634 1274 681 temperare,
1294 632 1340 668 vt
1360 631 1402 668 te
1421 628 1542 668 nobis
1562 642 1714 668 serues.

114 686 254 736 Atque
286 686 354 725 hic
392 687 489 726 audi
522 686 619 736 quid
659 685 845 724 amicitia
877 685 1010 726 fretus
1047 688 1190 724 nostra
1227 697 1430 723 moneam.
1493 683 1719 734 Negocium

114 740 340 790 Capnionis
367 754 463 780 cum
483 741 656 788 arderet,
680 740 889 780 videbaris
912 739 1164 780 imbecillius
1191 752 1317 789 quam
1342 741 1383 777 te
1408 738 1585 788 dignum
1613 740 1721 776 esset

113 797 300 833 metuere
318 795 432 834 istos.
491 795 547 833 Et
566 795 610 833 in
638 795 823 834 Luthero
848 808 992 846 nuper,
1013 796 1219 846 quantum
1245 796 1451 843 potueras,
1474 792 1720 831 aduersariis

114 849 358 899 persuadere
392 851 565 889 conatus
598 862 642 888 es
673 863 698 888 a
736 850 952 888 communi
990 849 1241 900 reipublicae
1279 847 1540 887 Christianae
1577 859 1719 885 caussa
1741 856 1781 878 20

113 904 268 943 tuenda
294 904 539 955 longissime
568 904 790 943 abhorrere
819 906 861 943 te
877 919 887 952 ;
917 918 997 955 qua
1030 905 1080 943 de
1113 905 1256 941 tamen
1289 902 1476 941 sciebant
1509 901 1574 939 illi
1609 901 1719 951 quod

112 959 292 997 sentires
324 959 462 998 multo
494 959 624 998 aliter.
686 959 778 997 Hoc
812 972 896 997 non
929 959 1158 998 admodum
1192 958 1336 996 decore
1365 956 1482 995 visus
1515 968 1558 994 es
1587 969 1716 1005 agere.

112 1013 206 1052 Scio
225 1013 341 1052 enim
362 1013 428 1052 cui
447 1014 580 1052 amico
599 1013 789 1059 scribam,
811 1016 853 1052 et
878 1027 1004 1064 quam
1031 1016 1072 1052 te
1098 1026 1184 1051 non
1209 1012 1349 1050 deceat
1375 1010 1479 1049 mali
1505 1010 1719 1049 consulere

113 1067 221 1106 hanc
249 1069 526 1107 monitionem
554 1081 703 1106 meam.
762 1068 934 1107 Inuitus
962 1069 1184 1107 hominum
1214 1078 1428 1105 sermones
1457 1064 1613 1113 audiui,
1646 1065 1718 1103 sed

113 1125 214 1161 tunc
242 1122 410 1161 defendi
437 1122 563 1162 amici
591 1122 758 1170 famam,
789 1136 886 1161 cum
916 1121 1112 1161 nonnihil
1140 1121 1199 1160 ibi
1228 1120 1463 1172 displiceret
1489 1120 1570 1170 ipsi
1595 1118 1715 1158 mihi.
1740 1129 1778 1161 25

114 1176 237 1216 Nunc
259 1177 353 1227 quia
373 1178 510 1228 agitur
530 1190 622 1215 mea
642 1190 798 1225 caussa,
819 1178 927 1216 nihil
951 1180 992 1216 te
1019 1177 1140 1216 caelo.
1202 1177 1342 1225 Atque
1368 1175 1500 1225 igitur
1524 1174 1612 1212 sine
1639 1174 1718 1212 hoc

112 1231 186 1270 abs
213 1233 256 1271 te
284 1231 506 1282 impetrare
533 1245 630 1270 eum
660 1231 732 1282 qui
760 1234 802 1270 te
829 1231 1007 1271 maximi
1035 1244 1200 1282 semper
1229 1230 1340 1278 fecit,
1372 1233 1413 1268 et
1447 1242 1559 1267 nunc
1591 1229 1717 1266 etiam

112 1286 311 1325 demereri
346 1286 501 1336 optime
534 1287 649 1334 velit,
687 1286 806 1336 siqua
839 1287 944 1325 forte
981 1286 1124 1337 possit,
1166 1284 1322 1335 nequid
1360 1283 1568 1322 eiusmodi
1606 1282 1718 1321 sinas

111 1340 299 1379 excidere
343 1341 421 1379 tibi
466 1341 586 1391 quale
624 1342 669 1379 in
708 1341 894 1380 Luthero
931 1343 974 1379 et
1018 1340 1230 1390 Capnione
1267 1339 1566 1389 perspeximus.
1628 1337 1717 1376 Scis

112 1397 272 1443 quanto
302 1409 398 1434 cum
428 1395 644 1445 triumpho
673 1395 968 1434 circumferant
997 1395 1196 1445 epistolas
1225 1394 1424 1444 quasdam
1459 1394 1553 1431 tuas
1583 1391 1717 1430 adhuc
1738 1402 1779 1433 30

113 1449 189 1497 illi,
207 1449 252 1487 in
272 1450 424 1500 quibus
444 1462 541 1488 cum
560 1450 670 1499 fugis
689 1449 904 1496 inuidiam,
928 1452 993 1489 sat
1013 1449 1152 1488 odiose
1171 1448 1265 1488 aliis
1285 1461 1375 1486 eam
1396 1447 1601 1485 concilias.
1650 1446 1717 1485 Sic

113 1503 394 1543 Obscurorum
433 1503 640 1554 Epistolas
676 1504 887 1553 iugulasti,
923 1505 1024 1543 olim
1058 1504 1179 1542 valde
1213 1502 1406 1553 probatas
1444 1501 1550 1548 tibi3
1591 1503 1633 1539 et
1671 1500 1716 1538 in

112 1558 295 1597 Luthero
321 1559 431 1609 quod
457 1572 542 1597 non
565 1560 772 1598 mouenda
798 1559 979 1597 mouerit
1006 1559 1193 1606 damnas,
1224 1570 1319 1596 cum
1346 1559 1394 1595 tu
1424 1556 1513 1606 ipse
1541 1555 1718 1593 eandem

112 1612 375 1652 Camerinam
408 1615 650 1652 tractaueris
683 1613 727 1651 in
759 1614 846 1652 tuis
879 1614 1036 1663 passim
1070 1613 1198 1651 libris.
1262 1611 1408 1662 Neque
1436 1614 1577 1649 tamen
1608 1609 1718 1649 adse-

111 1667 250 1717 queris
279 1670 325 1707 vt
354 1668 426 1707 isti
455 1668 623 1707 credant
652 1681 736 1707 non
765 1681 928 1706 summe
958 1667 1198 1707 istiusmodi
1225 1666 1333 1705 velle
1362 1668 1413 1704 te.
1474 1665 1543 1703 Ita
1569 1666 1612 1702 et
1640 1677 1717 1703 nos
1736 1673 1777 1705 35

111 1721 218 1760 ledis
236 1725 277 1761 et
296 1722 394 1762 illos
414 1736 499 1761 non
518 1723 654 1773 placas
674 1722 753 1761 tibi
769 1737 777 1762 :
806 1723 892 1761 imo
913 1723 1052 1761 irritas
1072 1722 1206 1772 magis
1225 1723 1267 1760 et
1282 1720 1488 1759 inuidiam
1504 1732 1715 1770 prouocas,

110 1790 198 1815 rem
217 1779 306 1815 tam
326 1779 512 1828 apertam
533 1777 818 1816 dissimulans.

166 1831 300 1879 Quare
332 1832 383 1870 de
417 1845 509 1870 mea
542 1845 672 1879 causa,
704 1832 783 1870 etsi
812 1832 911 1870 huic
939 1832 1076 1882 posset
1105 1829 1442 1880 magnificentius
1475 1828 1717 1877 contingere

110 1885 221 1924 nihil
241 1900 365 1936 quam
385 1888 419 1925 si
440 1886 606 1936 scriptis
625 1886 711 1925 tuis
726 1886 934 1936 probetur,
954 1888 1098 1924 tamen
1117 1886 1238 1935 siqua
1257 1884 1420 1922 inuidia
1439 1896 1491 1921 ne
1510 1885 1551 1922 te
1571 1895 1717 1921 oneres

111 1940 277 1988 metuis,
296 1941 444 1980 saltem
463 1940 542 1980 hoc
560 1941 736 1979 concede
755 1941 876 1988 mihi,
893 1954 971 1991 quo
992 1953 1045 1979 ne
1065 1939 1312 1990 cuiusquam
1332 1941 1463 1977 terror
1478 1939 1717 1988 extorqueat
1734 1947 1777 1979 40

111 1995 189 2033 tibi
222 1997 268 2034 vt
299 2008 392 2034 eam
425 1995 574 2042 eleues,
610 1995 750 2045 potius
782 1995 988 2034 altissimo
1027 1994 1195 2033 silentio
1232 1993 1433 2043 praeteri:
1477 1992 1562 2030 scio
1601 1991 1716 2030 enim

110 2052 317 2099 quantum
350 2063 496 2089 nocere
530 2049 636 2088 mihi
671 2050 801 2100 possit
834 2063 967 2088 vnum
1000 2049 1177 2088 verbum
1206 2049 1280 2086 abs
1314 2050 1355 2086 te
1388 2046 1603 2096 scriptum,
1635 2059 1717 2096 quo

112 2104 291 2143 videaris
309 2106 381 2144 aut
399 2117 572 2154 arguere
590 2104 834 2144 institutum
854 2117 998 2143 meum
1018 2105 1091 2142 aut
1110 2105 1218 2142 certe
1238 2116 1324 2141 non
1345 2102 1533 2151 probare.

166 2159 281 2198 Haec
313 2161 361 2198 vt
394 2159 528 2197 amico
560 2158 687 2197 libere
720 2158 878 2209 scripsi.
938 2159 1001 2196 Tu
1035 2159 1192 2208 optime
1226 2157 1317 2196 vale
1354 2169 1402 2194 ex
1436 2154 1717 2206 propugnaclo

113 2214 341 2252 Huttenico
361 2226 482 2252 xvnI.
506 2212 644 2252 Galen.
663 2213 873 2264 Septemb.
902 2225 1016 2261 1520.
1735 2218 1775 2250 45

165 2285 260 2324 Des.
283 2285 456 2323 Erasmo
475 2284 763 2332 Roterodamo,
787 2284 991 2333 theologo,
1015 2283 1147 2322 amico
1167 2295 1345 2321 summo.

108 2415 147 2447 of
159 2415 222 2446 the
236 2415 320 2446 Bull
333 2415 474 2454 against
487 2414 635 2446 Luther.
676 2413 739 2445 See
753 2413 877 2444 Pastor
994 2423 1043 2454 19.
1070 2412 1109 2441 in
1127 2410 1300 2451 Luthero]
1315 2410 1418 2441 With
1430 2411 1519 2442 such
1536 2411 1662 2442 letters
1679 2421 1716 2442 as

109 2461 171 2491 vii.
190 2470 254 2498 404
271 2469 354 2499 seq„
372 2458 534 2497 Paquier,
561 2461 593 2490 J.
619 2460 786 2497 Ale'andre,
817 2466 877 2494 142
947 2458 1034 2498 Epp.
1056 2465 1132 2495 939,
1150 2455 1226 2494 961,
1249 2456 1326 2495 967,
1355 2465 1449 2495 1033.
1497 2455 1546 2486 To
1571 2455 1715 2486 Hutten

110 2514 180 2542 seq.
229 2503 304 2534 The
318 2503 555 2534 instructions
570 2504 608 2533 to
622 2501 803 2533 Aleander
817 2510 877 2532 are
947 2501 1083 2533 Luther
1120 2498 1220 2530 stood
1261 2499 1315 2529 for
1351 2498 1415 2529 the
1453 2499 1646 2530 liberation
1682 2500 1721 2529 of

110 2547 219 2580 dated
240 2547 280 2577 18
296 2546 406 2586 July:
429 2545 475 2576 he
492 2546 554 2577 left
572 2545 681 2576 Rome
697 2555 738 2584 27
755 2545 852 2584 July.
947 2544 1212 2581 Christend0m‚
1270 2542 1465 2583 especially
1518 2543 1716 2582 Germany,

160 2601 207 2623 12.
233 2590 418 2630 Moguntia
448 2589 683 2631 excesseram]
715 2590 779 2621 See
812 2589 874 2628 Ep.
945 2588 1039 2621 from
1058 2586 1177 2618 Rome.
1224 2588 1276 2620 Cf.
1295 2586 1382 2628 Epp.
1406 2596 1499 2626 1129.
1517 2597 1596 2626 2211,
1619 2587 1711 2617 1161.

114 2645 128 2667 1
136 2645 149 2666 1
158 2645 206 2674 13.
226 2636 307 2674 36n.
948 2644 992 2672 40
1003 2644 1076 2674 seq.

157 2679 208 2710 18.
231 2687 312 2709 cum
340 2675 498 2717 arderet]
532 2677 630 2708 Leo's
660 2675 874 2716 judgement
986 2679 1038 2709 26.
1065 2676 1175 2717 caelo]
1193 2679 1249 2709 iae.
1267 2675 1354 2707 celo.

111 2722 184 2754 had
198 2721 274 2761 just
291 2722 381 2753 been
404 2722 522 2762 given,
547 2730 593 2751 on
617 2730 660 2760 23
683 2720 801 2751 June:
827 2720 873 2751 cf.
985 2732 1039 2762 30.
1065 2720 1251 2762 epistolas]
1279 2721 1368 2760 Epp.
1400 2719 1476 2758 622,
1508 2727 1583 2758 939,
1617 2727 1710 2756 1033,

110 2766 173 2806 Ep-
191 2768 430 2850 6igak·›e:3c2ii¹l·ius]
471 2808 524 2840 Cf.
565 2808 628 2848 Ep.
670 2808 745 2847 636.
783 2808 849 2838 26n
866 2818 873 2845 3
948 2775 1040 2849 1032:
1066 2807 1253 2848 iugulasti]
1272 2807 1324 2839 Cf.
1343 2807 1430 2846 Epp.
1450 2806 1527 2845 622,
1543 2805 1618 2844 636.

110 2853 193 2891 and,
220 2854 273 2884 for
297 2863 422 2884 reason
446 2852 501 2883 for
523 2852 581 2883 his
603 2853 715 2883 alarm
739 2854 775 2883 at
799 2852 878 2885 that
1036 2851 1214 2893 probatas]
1232 2851 1282 2883 Of.
1303 2851 1367 2890 Ep.
1383 2851 1456 2890 363.
1477 2850 1553 2888 4—6.

110 2898 209 2937 time,
229 2897 292 2937 Ep-
315 2897 410 2928 1006.
431 2905 529 2936 15311.
991 2907 1043 2937 33.
1071 2895 1237 2936 damnas]
1258 2905 1322 2933 e.9.
1337 2895 1375 2925 in
1394 2894 1457 2933 Ep.
1480 2902 1573 2931 1033.
1592 2892 1687 2930 46-8.
