<?xml version="1.0" encoding="UTF-8"?>
<!DOCTYPE html PUBLIC "-//W3C//DTD XHTML 1.0 Transitional//EN"
    "http://www.w3.org/TR/xhtml1/DTD/xhtml1-transitional.dtd">
<html xmlns="http://www.w3.org/1999/xhtml" xml:lang="en" lang="en">
 <head>
  <title>
</title>
<meta http-equiv="Content-Type" content="text/html;charset=utf-8" />
  <meta name='ocr-system' content='tesseract 3.04.00' />
  <meta name='ocr-capabilities' content='ocr_page ocr_carea ocr_par ocr_line ocrx_word'/>
</head>
<body>
  <div class='ocr_page' id='page_1' title='image "./opusepistolarumd04erasuoft_0189.png"; bbox 0 0 1990 3353; ppageno 0'>
   <div class='ocr_carea' id='block_1_1' title="bbox 87 141 1690 196">
    <p class='ocr_par' dir='ltr' id='par_1_1' title="bbox 87 141 1690 196">
     <span class='ocr_line' id='line_1_1' title="bbox 87 141 1690 196; baseline 0.001 -16"><span class='ocrx_word' id='word_1_1' title='bbox 87 141 210 196; x_wconf 77' lang='lat'>1053]</span> <span class='ocrx_word' id='word_1_2' title='bbox 586 145 658 182; x_wconf 88' lang='grc' dir='ltr'>ΤΟ</span> <span class='ocrx_word' id='word_1_3' title='bbox 705 143 939 183; x_wconf 81' lang='lat' dir='ltr'>THOMAS</span> <span class='ocrx_word' id='word_1_4' title='bbox 979 144 1198 183; x_wconf 83' lang='lat' dir='ltr'>LUPSET</span> <span class='ocrx_word' id='word_1_5' title='bbox 1612 145 1690 183; x_wconf 86' lang='lat'>145</span> 
     </span>
    </p>
   </div>
   <div class='ocr_carea' id='block_1_2' title="bbox 16 252 1685 303">
    <p class='ocr_par' dir='ltr' id='par_1_2' title="bbox 16 252 1685 303">
     <span class='ocr_line' id='line_1_2' title="bbox 16 252 1685 303; baseline 0.001 -13"><span class='ocrx_word' id='word_1_6' title='bbox 16 264 29 277; x_wconf 82' lang='lat'><em>⁰</em></span> <span class='ocrx_word' id='word_1_7' title='bbox 76 252 197 290; x_wconf 90' lang='lat' dir='ltr'>aliter</span> <span class='ocrx_word' id='word_1_8' title='bbox 219 253 390 291; x_wconf 88' lang='lat' dir='ltr'>auidum</span> <span class='ocrx_word' id='word_1_9' title='bbox 413 253 569 303; x_wconf 88' lang='lat' dir='ltr'>gloriae</span> <span class='ocrx_word' id='word_1_10' title='bbox 591 266 717 302; x_wconf 84' lang='lat' dir='ltr'>quam</span> <span class='ocrx_word' id='word_1_11' title='bbox 743 252 931 302; x_wconf 80' lang='lat' dir='ltr'>naphtha</span> <span class='ocrx_word' id='word_1_12' title='bbox 954 252 1176 299; x_wconf 83' lang='lat' dir='ltr'>flammae3</span> <span class='ocrx_word' id='word_1_13' title='bbox 1204 265 1278 290; x_wconf 91' lang='lat' dir='ltr'>nec</span> <span class='ocrx_word' id='word_1_14' title='bbox 1302 253 1470 292; x_wconf 83' lang='lat' dir='ltr'>deerant</span> <span class='ocrx_word' id='word_1_15' title='bbox 1498 253 1685 302; x_wconf 81' lang='lat' dir='ltr'>exempla</span> 
     </span>
    </p>
   </div>
   <div class='ocr_carea' id='block_1_3' title="bbox 77 306 1775 1553">
    <p class='ocr_par' dir='ltr' id='par_1_3' title="bbox 77 306 1366 357">
     <span class='ocr_line' id='line_1_3' title="bbox 77 306 1366 357; baseline 0.001 -13"><span class='ocrx_word' id='word_1_16' title='bbox 77 320 192 356; x_wconf 83' lang='lat' dir='ltr'>quae,</span> <span class='ocrx_word' id='word_1_17' title='bbox 215 307 330 346; x_wconf 83' lang='lat' dir='ltr'>iuxta</span> <span class='ocrx_word' id='word_1_18' title='bbox 351 307 486 346; x_wconf 81' lang='lat' dir='ltr'>Flacci</span> <span class='ocrx_word' id='word_1_19' title='bbox 506 307 787 357; x_wconf 89' lang='lat' dir='ltr'>prouerbium,</span> <span class='ocrx_word' id='word_1_20' title='bbox 813 307 951 344; x_wconf 90' lang='lat' dir='ltr'>oleum</span> <span class='ocrx_word' id='word_1_21' title='bbox 971 306 1170 344; x_wconf 84' lang='lat' dir='ltr'>adderent</span> <span class='ocrx_word' id='word_1_22' title='bbox 1189 307 1366 345; x_wconf 88' lang='lat' dir='ltr'>camino.</span> 
     </span>
    </p>

    <p class='ocr_par' dir='ltr' id='par_1_4' title="bbox 78 360 1775 1553">
     <span class='ocr_line' id='line_1_4' title="bbox 133 360 1686 410; baseline 0 -12"><span class='ocrx_word' id='word_1_23' title='bbox 133 360 242 399; x_wconf 89' lang='lat' dir='ltr'>Nam</span> <span class='ocrx_word' id='word_1_24' title='bbox 260 365 308 399; x_wconf 88' lang='lat' dir='ltr'>vt</span> <span class='ocrx_word' id='word_1_25' title='bbox 337 375 390 400; x_wconf 91' lang='lat' dir='ltr'>ne</span> <span class='ocrx_word' id='word_1_26' title='bbox 414 374 738 400; x_wconf 82' lang='lat' dir='ltr'>commemorem</span> <span class='ocrx_word' id='word_1_27' title='bbox 757 362 908 408; x_wconf 79' lang='lat' dir='ltr'>vetera,</span> <span class='ocrx_word' id='word_1_28' title='bbox 932 360 1099 399; x_wconf 87' lang='lat' dir='ltr'>videbat</span> <span class='ocrx_word' id='word_1_29' title='bbox 1118 362 1324 410; x_wconf 89' lang='lat' dir='ltr'>quantum</span> <span class='ocrx_word' id='word_1_30' title='bbox 1354 362 1390 399; x_wconf 90' lang='lat' dir='ltr'>si</span> <span class='ocrx_word' id='word_1_31' title='bbox 1418 374 1502 400; x_wconf 90' lang='lat' dir='ltr'>non</span> <span class='ocrx_word' id='word_1_32' title='bbox 1532 361 1686 406; x_wconf 81' lang='lat' dir='ltr'>laudis,</span> 
     </span>
     <span class='ocr_line' id='line_1_5' title="bbox 78 414 1691 465; baseline 0.001 -13"><span class='ocrx_word' id='word_1_33' title='bbox 78 417 188 453; x_wconf 89' lang='lat' dir='ltr'>certe</span> <span class='ocrx_word' id='word_1_34' title='bbox 209 416 354 463; x_wconf 86' lang='lat' dir='ltr'>famae,</span> <span class='ocrx_word' id='word_1_35' title='bbox 377 415 457 454; x_wconf 84' lang='lat' dir='ltr'>sibi</span> <span class='ocrx_word' id='word_1_36' title='bbox 486 429 620 465; x_wconf 84' lang='lat' dir='ltr'>nuper</span> <span class='ocrx_word' id='word_1_37' title='bbox 648 418 832 465; x_wconf 87' lang='lat' dir='ltr'>parasset</span> <span class='ocrx_word' id='word_1_38' title='bbox 852 415 1056 453; x_wconf 92' lang='lat' dir='ltr'>Ortuinus</span> <span class='ocrx_word' id='word_1_39' title='bbox 1077 414 1248 453; x_wconf 87' lang='lat' dir='ltr'>Gratius</span> <span class='ocrx_word' id='word_1_40' title='bbox 1276 429 1327 453; x_wconf 85' lang='lat' dir='ltr'>ex</span> <span class='ocrx_word' id='word_1_41' title='bbox 1346 429 1429 455; x_wconf 89' lang='lat' dir='ltr'>vna</span> <span class='ocrx_word' id='word_1_42' title='bbox 1457 417 1528 454; x_wconf 89' lang='lat' dir='ltr'>aut</span> <span class='ocrx_word' id='word_1_43' title='bbox 1557 415 1691 453; x_wconf 84' lang='lat' dir='ltr'>altera</span> 
     </span>
     <span class='ocr_line' id='line_1_6' title="bbox 79 468 1775 520; baseline 0 -13"><span class='ocrx_word' id='word_1_44' title='bbox 79 469 351 520; x_wconf 86' lang='lat' dir='ltr'>qualicunque</span> <span class='ocrx_word' id='word_1_45' title='bbox 387 469 780 509; x_wconf 88' lang='lat' dir='ltr'>conflictatiuncula.</span> <span class='ocrx_word' id='word_1_46' title='bbox 853 468 1124 518; x_wconf 85' lang='lat' dir='ltr'>Intelligebat</span> <span class='ocrx_word' id='word_1_47' title='bbox 1154 482 1242 508; x_wconf 87' lang='lat' dir='ltr'>esse</span> <span class='ocrx_word' id='word_1_48' title='bbox 1273 483 1421 509; x_wconf 88' lang='lat' dir='ltr'>verum</span> <span class='ocrx_word' id='word_1_49' title='bbox 1450 469 1559 520; x_wconf 91' lang='lat' dir='ltr'>quod</span> <span class='ocrx_word' id='word_1_50' title='bbox 1590 470 1689 508; x_wconf 87' lang='lat' dir='ltr'>scri-</span> <span class='ocrx_word' id='word_1_51' title='bbox 1712 486 1775 507; x_wconf 84' lang='lat'>210</span> 
     </span>
     <span class='ocr_line' id='line_1_7' title="bbox 78 523 1688 573; baseline 0.001 -12"><span class='ocrx_word' id='word_1_52' title='bbox 78 524 163 572; x_wconf 90' lang='lat' dir='ltr'>psit</span> <span class='ocrx_word' id='word_1_53' title='bbox 188 523 408 571; x_wconf 79' lang='lat' dir='ltr'>Pindarus,</span> <span class='ocrx_word' id='word_1_54' title='bbox 433 524 542 563; x_wconf 92' lang='lat' dir='ltr'>bello</span> <span class='ocrx_word' id='word_1_55' title='bbox 573 523 787 562; x_wconf 89' lang='lat' dir='ltr'>nobilitari</span> <span class='ocrx_word' id='word_1_56' title='bbox 809 523 938 571; x_wconf 89' lang='lat' dir='ltr'>viros,</span> <span class='ocrx_word' id='word_1_57' title='bbox 963 525 1005 561; x_wconf 90' lang='lat' dir='ltr'>et</span> <span class='ocrx_word' id='word_1_58' title='bbox 1033 536 1137 573; x_wconf 91' lang='lat' dir='ltr'>quos</span> <span class='ocrx_word' id='word_1_59' title='bbox 1164 524 1450 573; x_wconf 88' lang='lat' dir='ltr'>tranquillitas</span> <span class='ocrx_word' id='word_1_60' title='bbox 1481 524 1688 570; x_wconf 87' lang='lat' dir='ltr'>obscurat,</span> 
     </span>
     <span class='ocr_line' id='line_1_8' title="bbox 78 577 1693 628; baseline 0.001 -13"><span class='ocrx_word' id='word_1_61' title='bbox 78 578 290 617; x_wconf 88' lang='lat' dir='ltr'>tumultus</span> <span class='ocrx_word' id='word_1_62' title='bbox 317 578 526 617; x_wconf 88' lang='lat' dir='ltr'>illustrat:</span> <span class='ocrx_word' id='word_1_63' title='bbox 559 592 635 617; x_wconf 90' lang='lat' dir='ltr'>nec</span> <span class='ocrx_word' id='word_1_64' title='bbox 662 579 826 628; x_wconf 76' lang='lat' dir='ltr'>fugerat</span> <span class='ocrx_word' id='word_1_65' title='bbox 854 578 988 622; x_wconf 89' lang='lat' dir='ltr'>illum,</span> <span class='ocrx_word' id='word_1_66' title='bbox 1011 578 1168 627; x_wconf 88' lang='lat' dir='ltr'>opinor,</span> <span class='ocrx_word' id='word_1_67' title='bbox 1187 577 1293 616; x_wconf 91' lang='lat' dir='ltr'>illud</span> <span class='ocrx_word' id='word_1_68' title='bbox 1313 579 1567 617; x_wconf 83' lang='lat' dir='ltr'>Graecorum</span> <span class='ocrx_word' id='word_1_69' title='bbox 1595 592 1693 628; x_wconf 89' lang='lat' dir='ltr'>pro-</span> 
     </span>
     <span class='ocr_line' id='line_1_9' title="bbox 80 632 1691 684; baseline -0.001 -14"><span class='ocrx_word' id='word_1_70' title='bbox 80 632 287 680; x_wconf 85' lang='lat' dir='ltr'>uerbium,</span> <span class='ocrx_word' id='word_1_71' title='bbox 326 632 388 671; x_wconf 88' lang='grc' dir='ltr'>Ἐν</span> <span class='ocrx_word' id='word_1_72' title='bbox 430 633 469 671; x_wconf 85' lang='grc' dir='ltr'>δὲ</span> <span class='ocrx_word' id='word_1_73' title='bbox 509 633 736 684; x_wconf 81' lang='grc' dir='ltr'>διχοστασίῃ</span> <span class='ocrx_word' id='word_1_74' title='bbox 769 632 1054 682; x_wconf 80' lang='grc' dir='ltr'>κάνδροκλείδης</span> <span class='ocrx_word' id='word_1_75' title='bbox 1092 635 1335 684; x_wconf 84' lang='grc' dir='ltr'>πολεμαρχεῖ.</span> <span class='ocrx_word' id='word_1_76' title='bbox 1406 633 1691 683; x_wconf 79' lang='lat' dir='ltr'>Perspiciebat</span> 
     </span>
     <span class='ocr_line' id='line_1_10' title="bbox 79 686 1692 736; baseline 0.001 -12"><span class='ocrx_word' id='word_1_77' title='bbox 79 688 120 724; x_wconf 93' lang='lat' dir='ltr'>et</span> <span class='ocrx_word' id='word_1_78' title='bbox 149 686 316 736; x_wconf 89' lang='lat' dir='ltr'>longam</span> <span class='ocrx_word' id='word_1_79' title='bbox 345 690 386 726; x_wconf 90' lang='lat' dir='ltr'>et</span> <span class='ocrx_word' id='word_1_80' title='bbox 416 687 626 726; x_wconf 87' lang='lat' dir='ltr'>difficilem</span> <span class='ocrx_word' id='word_1_81' title='bbox 656 700 743 726; x_wconf 85' lang='lat' dir='ltr'>esse</span> <span class='ocrx_word' id='word_1_82' title='bbox 765 687 878 726; x_wconf 86' lang='lat' dir='ltr'>viam</span> <span class='ocrx_word' id='word_1_83' title='bbox 906 687 955 725; x_wconf 86' lang='lat' dir='ltr'>ad</span> <span class='ocrx_word' id='word_1_84' title='bbox 985 687 1211 736; x_wconf 88' lang='lat' dir='ltr'>parandam</span> <span class='ocrx_word' id='word_1_85' title='bbox 1239 687 1426 736; x_wconf 85' lang='lat' dir='ltr'>gloriam,</span> <span class='ocrx_word' id='word_1_86' title='bbox 1459 687 1692 726; x_wconf 78' lang='lat' dir='ltr'>scribendis</span> 
     </span>
     <span class='ocr_line' id='line_1_11' title="bbox 79 740 1773 789; baseline 0.003 -12"><span class='ocrx_word' id='word_1_87' title='bbox 79 740 200 779; x_wconf 90' lang='lat' dir='ltr'>libris</span> <span class='ocrx_word' id='word_1_88' title='bbox 228 741 486 780; x_wconf 79' lang='lat' dir='ltr'>innotescere</span> <span class='ocrx_word' id='word_1_89' title='bbox 515 742 684 789; x_wconf 83' lang='lat' dir='ltr'>mundo,</span> <span class='ocrx_word' id='word_1_90' title='bbox 718 753 791 779; x_wconf 90' lang='lat' dir='ltr'>nec</span> <span class='ocrx_word' id='word_1_91' title='bbox 821 741 1050 780; x_wconf 85' lang='lat' dir='ltr'>admodum</span> <span class='ocrx_word' id='word_1_92' title='bbox 1078 741 1327 779; x_wconf 85' lang='lat' dir='ltr'>dissimilem</span> <span class='ocrx_word' id='word_1_93' title='bbox 1358 742 1582 780; x_wconf 91' lang='lat' dir='ltr'>Hesiodiae</span> <span class='ocrx_word' id='word_1_94' title='bbox 1612 741 1690 780; x_wconf 88' lang='lat' dir='ltr'>illi.</span> <span class='ocrx_word' id='word_1_95' title='bbox 1713 752 1773 783; x_wconf 82' lang='lat'>2¹5</span> 
     </span>
     <span class='ocr_line' id='line_1_12' title="bbox 79 794 1687 846; baseline 0.001 -14"><span class='ocrx_word' id='word_1_96' title='bbox 79 794 199 833; x_wconf 85' lang='lat' dir='ltr'>Vidit</span> <span class='ocrx_word' id='word_1_97' title='bbox 217 796 344 834; x_wconf 90' lang='lat' dir='ltr'>aliam</span> <span class='ocrx_word' id='word_1_98' title='bbox 371 795 505 846; x_wconf 89' lang='lat' dir='ltr'>magis</span> <span class='ocrx_word' id='word_1_99' title='bbox 531 797 661 834; x_wconf 90' lang='lat' dir='ltr'>etiam</span> <span class='ocrx_word' id='word_1_100' title='bbox 691 795 1045 845; x_wconf 86' lang='lat' dir='ltr'>compendiariam</span> <span class='ocrx_word' id='word_1_101' title='bbox 1073 809 1121 834; x_wconf 90' lang='lat' dir='ltr'>ea</span> <span class='ocrx_word' id='word_1_102' title='bbox 1140 809 1265 845; x_wconf 90' lang='lat' dir='ltr'>quam</span> <span class='ocrx_word' id='word_1_103' title='bbox 1295 795 1450 835; x_wconf 81' lang='lat' dir='ltr'>tibicen</span> <span class='ocrx_word' id='word_1_104' title='bbox 1474 796 1547 834; x_wconf 92' lang='lat' dir='ltr'>ille</span> <span class='ocrx_word' id='word_1_105' title='bbox 1578 796 1687 845; x_wconf 90' lang='lat' dir='ltr'>apud</span> 
     </span>
     <span class='ocr_line' id='line_1_13' title="bbox 80 848 1690 901; baseline 0.001 -15"><span class='ocrx_word' id='word_1_106' title='bbox 80 848 314 888; x_wconf 88' lang='lat' dir='ltr'>Lucianum</span> <span class='ocrx_word' id='word_1_107' title='bbox 343 850 502 888; x_wconf 90' lang='lat' dir='ltr'>indicat</span> <span class='ocrx_word' id='word_1_108' title='bbox 530 850 744 900; x_wconf 88' lang='lat' dir='ltr'>discipulo,</span> <span class='ocrx_word' id='word_1_109' title='bbox 772 850 977 888; x_wconf 90' lang='lat' dir='ltr'>nimirum</span> <span class='ocrx_word' id='word_1_110' title='bbox 1003 851 1050 888; x_wconf 90' lang='lat' dir='ltr'>vt</span> <span class='ocrx_word' id='word_1_111' title='bbox 1079 850 1180 887; x_wconf 91' lang='lat' dir='ltr'>artis</span> <span class='ocrx_word' id='word_1_112' title='bbox 1209 863 1308 889; x_wconf 88' lang='lat' dir='ltr'>suae</span> <span class='ocrx_word' id='word_1_113' title='bbox 1336 851 1548 901; x_wconf 84' lang='lat' dir='ltr'>specimen</span> <span class='ocrx_word' id='word_1_114' title='bbox 1577 864 1690 900; x_wconf 91' lang='lat' dir='ltr'>prae-</span> 
     </span>
     <span class='ocr_line' id='line_1_14' title="bbox 80 903 1689 954; baseline 0.001 -14"><span class='ocrx_word' id='word_1_115' title='bbox 80 903 195 941; x_wconf 88' lang='lat' dir='ltr'>beret</span> <span class='ocrx_word' id='word_1_116' title='bbox 224 904 291 943; x_wconf 94' lang='lat' dir='ltr'>his</span> <span class='ocrx_word' id='word_1_117' title='bbox 312 905 385 954; x_wconf 90' lang='lat' dir='ltr'>qui</span> <span class='ocrx_word' id='word_1_118' title='bbox 418 905 504 943; x_wconf 92' lang='lat' dir='ltr'>iam</span> <span class='ocrx_word' id='word_1_119' title='bbox 528 905 720 943; x_wconf 88' lang='lat' dir='ltr'>omnium</span> <span class='ocrx_word' id='word_1_120' title='bbox 747 904 901 943; x_wconf 89' lang='lat' dir='ltr'>iudicio</span> <span class='ocrx_word' id='word_1_121' title='bbox 927 904 1089 954; x_wconf 90' lang='lat' dir='ltr'>probati</span> <span class='ocrx_word' id='word_1_122' title='bbox 1111 904 1303 942; x_wconf 87' lang='lat' dir='ltr'>tibicines</span> <span class='ocrx_word' id='word_1_123' title='bbox 1323 905 1604 943; x_wconf 85' lang='lat' dir='ltr'>haberentur:</span> <span class='ocrx_word' id='word_1_124' title='bbox 1630 905 1689 942; x_wconf 90' lang='lat' dir='ltr'>sic</span> 
     </span>
     <span class='ocr_line' id='line_1_15' title="bbox 80 958 1688 1008; baseline 0.001 -13"><span class='ocrx_word' id='word_1_125' title='bbox 80 958 195 996; x_wconf 90' lang='lat' dir='ltr'>enim</span> <span class='ocrx_word' id='word_1_126' title='bbox 233 960 481 1008; x_wconf 91' lang='lat' dir='ltr'>compendio</span> <span class='ocrx_word' id='word_1_127' title='bbox 520 960 606 998; x_wconf 87' lang='lat' dir='ltr'>fore</span> <span class='ocrx_word' id='word_1_128' title='bbox 635 962 681 998; x_wconf 88' lang='lat' dir='ltr'>vt</span> <span class='ocrx_word' id='word_1_129' title='bbox 719 959 871 997; x_wconf 89' lang='lat' dir='ltr'>horum</span> <span class='ocrx_word' id='word_1_130' title='bbox 909 958 1119 1008; x_wconf 84' lang='lat' dir='ltr'>suffragiis</span> <span class='ocrx_word' id='word_1_131' title='bbox 1157 960 1476 998; x_wconf 89' lang='lat' dir='ltr'>commendatus</span> <span class='ocrx_word' id='word_1_132' title='bbox 1508 972 1688 1008; x_wconf 87' lang='lat' dir='ltr'>quorum</span> 
     </span>
     <span class='ocr_line' id='line_1_16' title="bbox 80 1012 1773 1063; baseline 0.002 -14"><span class='ocrx_word' id='word_1_133' title='bbox 80 1012 234 1050; x_wconf 91' lang='lat' dir='ltr'>iudicio</span> <span class='ocrx_word' id='word_1_134' title='bbox 254 1012 487 1063; x_wconf 90' lang='lat' dir='ltr'>plurimum</span> <span class='ocrx_word' id='word_1_135' title='bbox 507 1014 708 1052; x_wconf 84' lang='lat' dir='ltr'>tribueret</span> <span class='ocrx_word' id='word_1_136' title='bbox 727 1013 890 1063; x_wconf 90' lang='lat' dir='ltr'>vulgus,</span> <span class='ocrx_word' id='word_1_137' title='bbox 915 1026 988 1062; x_wconf 91' lang='lat' dir='ltr'>per</span> <span class='ocrx_word' id='word_1_138' title='bbox 1009 1013 1248 1052; x_wconf 88' lang='lat' dir='ltr'>vniuersam</span> <span class='ocrx_word' id='word_1_139' title='bbox 1269 1013 1485 1052; x_wconf 81' lang='lat' dir='ltr'>Graeciam</span> <span class='ocrx_word' id='word_1_140' title='bbox 1505 1013 1689 1052; x_wconf 82' lang='lat' dir='ltr'>illustris</span> <span class='ocrx_word' id='word_1_141' title='bbox 1710 1027 1773 1048; x_wconf 82' lang='lat'>220</span> 
     </span>
     <span class='ocr_line' id='line_1_17' title="bbox 80 1067 1688 1118; baseline 0.001 -14"><span class='ocrx_word' id='word_1_142' title='bbox 80 1067 283 1106; x_wconf 85' lang='lat' dir='ltr'>euaderet.</span> <span class='ocrx_word' id='word_1_143' title='bbox 343 1068 576 1107; x_wconf 83' lang='lat' dir='ltr'>Honestam</span> <span class='ocrx_word' id='word_1_144' title='bbox 596 1081 693 1107; x_wconf 87' lang='lat' dir='ltr'>sane</span> <span class='ocrx_word' id='word_1_145' title='bbox 714 1068 828 1106; x_wconf 89' lang='lat' dir='ltr'>viam</span> <span class='ocrx_word' id='word_1_146' title='bbox 849 1067 1050 1106; x_wconf 88' lang='lat' dir='ltr'>indicauit</span> <span class='ocrx_word' id='word_1_147' title='bbox 1075 1067 1146 1106; x_wconf 92' lang='lat' dir='ltr'>ille</span> <span class='ocrx_word' id='word_1_148' title='bbox 1174 1068 1339 1117; x_wconf 87' lang='lat' dir='ltr'>tibicen,</span> <span class='ocrx_word' id='word_1_149' title='bbox 1362 1068 1432 1106; x_wconf 91' lang='lat' dir='ltr'>sed</span> <span class='ocrx_word' id='word_1_150' title='bbox 1454 1081 1557 1118; x_wconf 92' lang='lat' dir='ltr'>quae</span> <span class='ocrx_word' id='word_1_151' title='bbox 1587 1081 1688 1106; x_wconf 91' lang='lat' dir='ltr'>non-</span> 
     </span>
     <span class='ocr_line' id='line_1_18' title="bbox 82 1121 1688 1172; baseline 0.002 -14"><span class='ocrx_word' id='word_1_152' title='bbox 82 1121 210 1160; x_wconf 90' lang='lat' dir='ltr'>nullis</span> <span class='ocrx_word' id='word_1_153' title='bbox 244 1123 435 1160; x_wconf 90' lang='lat' dir='ltr'>nondum</span> <span class='ocrx_word' id='word_1_154' title='bbox 468 1124 570 1161; x_wconf 90' lang='lat' dir='ltr'>satis</span> <span class='ocrx_word' id='word_1_155' title='bbox 601 1121 911 1172; x_wconf 88' lang='lat' dir='ltr'>compendiaria</span> <span class='ocrx_word' id='word_1_156' title='bbox 943 1121 1119 1160; x_wconf 88' lang='lat' dir='ltr'>videtur.</span> <span class='ocrx_word' id='word_1_157' title='bbox 1180 1123 1392 1161; x_wconf 88' lang='lat' dir='ltr'>Malumus</span> <span class='ocrx_word' id='word_1_158' title='bbox 1422 1123 1688 1172; x_wconf 87' lang='lat' dir='ltr'>insynceram</span> 
     </span>
     <span class='ocr_line' id='line_1_19' title="bbox 80 1175 1688 1227; baseline 0.002 -15"><span class='ocrx_word' id='word_1_159' title='bbox 80 1175 257 1225; x_wconf 85' lang='lat' dir='ltr'>gloriam</span> <span class='ocrx_word' id='word_1_160' title='bbox 288 1190 411 1226; x_wconf 89' lang='lat' dir='ltr'>quam</span> <span class='ocrx_word' id='word_1_161' title='bbox 433 1191 537 1227; x_wconf 90' lang='lat' dir='ltr'>quae</span> <span class='ocrx_word' id='word_1_162' title='bbox 564 1177 710 1224; x_wconf 89' lang='lat' dir='ltr'>verior,</span> <span class='ocrx_word' id='word_1_163' title='bbox 743 1177 815 1215; x_wconf 90' lang='lat' dir='ltr'>sed</span> <span class='ocrx_word' id='word_1_164' title='bbox 845 1177 986 1222; x_wconf 90' lang='lat' dir='ltr'>serius,</span> <span class='ocrx_word' id='word_1_165' title='bbox 1015 1177 1239 1226; x_wconf 89' lang='lat' dir='ltr'>contingat.</span> <span class='ocrx_word' id='word_1_166' title='bbox 1299 1177 1381 1225; x_wconf 82' lang='lat' dir='ltr'>Qui</span> <span class='ocrx_word' id='word_1_167' title='bbox 1409 1179 1522 1215; x_wconf 83' lang='lat' dir='ltr'>taxat</span> <span class='ocrx_word' id='word_1_168' title='bbox 1549 1177 1688 1215; x_wconf 91' lang='lat' dir='ltr'>aliena</span> 
     </span>
     <span class='ocr_line' id='line_1_20' title="bbox 81 1230 1689 1282; baseline 0.001 -15"><span class='ocrx_word' id='word_1_169' title='bbox 81 1230 243 1280; x_wconf 87' lang='lat' dir='ltr'>scripta,</span> <span class='ocrx_word' id='word_1_170' title='bbox 280 1231 466 1281; x_wconf 90' lang='lat' dir='ltr'>primum</span> <span class='ocrx_word' id='word_1_171' title='bbox 503 1245 588 1270; x_wconf 89' lang='lat' dir='ltr'>vno</span> <span class='ocrx_word' id='word_1_172' title='bbox 626 1231 771 1270; x_wconf 86' lang='lat' dir='ltr'>statim</span> <span class='ocrx_word' id='word_1_173' title='bbox 804 1245 913 1270; x_wconf 90' lang='lat' dir='ltr'>anno</span> <span class='ocrx_word' id='word_1_174' title='bbox 944 1231 1194 1269; x_wconf 89' lang='lat' dir='ltr'>tantundem</span> <span class='ocrx_word' id='word_1_175' title='bbox 1232 1231 1417 1269; x_wconf 91' lang='lat' dir='ltr'>nominis</span> <span class='ocrx_word' id='word_1_176' title='bbox 1454 1232 1689 1282; x_wconf 89' lang='lat' dir='ltr'>assequitur</span> 
     </span>
     <span class='ocr_line' id='line_1_21' title="bbox 83 1285 1768 1335; baseline 0.001 -13"><span class='ocrx_word' id='word_1_177' title='bbox 83 1286 287 1333; x_wconf 87' lang='lat' dir='ltr'>quantum</span> <span class='ocrx_word' id='word_1_178' title='bbox 324 1286 395 1324; x_wconf 93' lang='lat' dir='ltr'>ille</span> <span class='ocrx_word' id='word_1_179' title='bbox 433 1286 666 1325; x_wconf 89' lang='lat' dir='ltr'>multorum</span> <span class='ocrx_word' id='word_1_180' title='bbox 709 1299 915 1324; x_wconf 89' lang='lat' dir='ltr'>annorum</span> <span class='ocrx_word' id='word_1_181' title='bbox 953 1285 1110 1335; x_wconf 85' lang='lat' dir='ltr'>vigiliis</span> <span class='ocrx_word' id='word_1_182' title='bbox 1147 1285 1229 1323; x_wconf 89' lang='lat' dir='ltr'>sibi</span> <span class='ocrx_word' id='word_1_183' title='bbox 1276 1286 1449 1335; x_wconf 89' lang='lat' dir='ltr'>parauit.</span> <span class='ocrx_word' id='word_1_184' title='bbox 1526 1286 1688 1324; x_wconf 86' lang='lat' dir='ltr'>Deinde</span> <span class='ocrx_word' id='word_1_185' title='bbox 1709 1298 1768 1329; x_wconf 76' lang='lat'>225</span> 
     </span>
     <span class='ocr_line' id='line_1_22' title="bbox 82 1339 1687 1390; baseline 0.001 -14"><span class='ocrx_word' id='word_1_186' title='bbox 82 1339 208 1388; x_wconf 86' lang='lat' dir='ltr'>vulgo</span> <span class='ocrx_word' id='word_1_187' title='bbox 237 1339 398 1378; x_wconf 90' lang='lat' dir='ltr'>doctior</span> <span class='ocrx_word' id='word_1_188' title='bbox 425 1340 602 1379; x_wconf 88' lang='lat' dir='ltr'>habetur</span> <span class='ocrx_word' id='word_1_189' title='bbox 631 1340 704 1390; x_wconf 84' lang='lat' dir='ltr'>qui</span> <span class='ocrx_word' id='word_1_190' title='bbox 736 1340 1014 1390; x_wconf 87' lang='lat' dir='ltr'>reprehendit.</span> <span class='ocrx_word' id='word_1_191' title='bbox 1077 1340 1294 1378; x_wconf 90' lang='lat' dir='ltr'>Postremo</span> <span class='ocrx_word' id='word_1_192' title='bbox 1324 1353 1409 1379; x_wconf 92' lang='lat' dir='ltr'>non</span> <span class='ocrx_word' id='word_1_193' title='bbox 1439 1340 1589 1379; x_wconf 85' lang='lat' dir='ltr'>desunt</span> <span class='ocrx_word' id='word_1_194' title='bbox 1614 1340 1687 1390; x_wconf 90' lang='lat' dir='ltr'>qui</span> 
     </span>
     <span class='ocr_line' id='line_1_23' title="bbox 81 1392 1687 1444; baseline 0.001 -14"><span class='ocrx_word' id='word_1_195' title='bbox 81 1392 264 1431; x_wconf 84' lang='lat' dir='ltr'>admisso</span> <span class='ocrx_word' id='word_1_196' title='bbox 293 1394 474 1433; x_wconf 89' lang='lat' dir='ltr'>subdant</span> <span class='ocrx_word' id='word_1_197' title='bbox 501 1395 642 1441; x_wconf 89' lang='lat' dir='ltr'>calcar,</span> <span class='ocrx_word' id='word_1_198' title='bbox 666 1395 738 1444; x_wconf 89' lang='lat' dir='ltr'>qui</span> <span class='ocrx_word' id='word_1_199' title='bbox 766 1396 1005 1433; x_wconf 88' lang='lat' dir='ltr'>currentem</span> <span class='ocrx_word' id='word_1_200' title='bbox 1034 1394 1221 1439; x_wconf 88' lang='lat' dir='ltr'>incitent,</span> <span class='ocrx_word' id='word_1_201' title='bbox 1246 1395 1319 1444; x_wconf 94' lang='lat' dir='ltr'>qui</span> <span class='ocrx_word' id='word_1_202' title='bbox 1349 1395 1588 1441; x_wconf 85' lang='lat' dir='ltr'>acclament,</span> <span class='ocrx_word' id='word_1_203' title='bbox 1614 1395 1687 1444; x_wconf 90' lang='lat' dir='ltr'>qui</span> 
     </span>
     <span class='ocr_line' id='line_1_24' title="bbox 82 1447 1684 1500; baseline 0.001 -15"><span class='ocrx_word' id='word_1_204' title='bbox 82 1447 412 1487; x_wconf 89' lang='lat' dir='ltr'>mellitissimum</span> <span class='ocrx_word' id='word_1_205' title='bbox 446 1449 554 1488; x_wconf 88' lang='lat' dir='ltr'>illud</span> <span class='ocrx_word' id='word_1_206' title='bbox 588 1449 648 1487; x_wconf 61' lang='grc' dir='ltr'>ίεὖ</span> <span class='ocrx_word' id='word_1_207' title='bbox 678 1449 744 1500; x_wconf 80' lang='grc' dir='ltr'>γε’</span> <span class='ocrx_word' id='word_1_208' title='bbox 774 1448 1004 1496; x_wconf 86' lang='lat' dir='ltr'>succinant,</span> <span class='ocrx_word' id='word_1_209' title='bbox 1037 1449 1109 1498; x_wconf 89' lang='lat' dir='ltr'>qui</span> <span class='ocrx_word' id='word_1_210' title='bbox 1141 1449 1412 1499; x_wconf 87' lang='lat' dir='ltr'>applaudant,</span> <span class='ocrx_word' id='word_1_211' title='bbox 1442 1450 1512 1499; x_wconf 87' lang='lat' dir='ltr'>qui</span> <span class='ocrx_word' id='word_1_212' title='bbox 1548 1449 1684 1487; x_wconf 92' lang='lat' dir='ltr'>medio</span> 
     </span>
     <span class='ocr_line' id='line_1_25' title="bbox 83 1502 859 1553; baseline 0.003 -14"><span class='ocrx_word' id='word_1_213' title='bbox 83 1502 126 1539; x_wconf 89' lang='lat' dir='ltr'>in</span> <span class='ocrx_word' id='word_1_214' title='bbox 147 1515 271 1541; x_wconf 88' lang='lat' dir='ltr'>cursu</span> <span class='ocrx_word' id='word_1_215' title='bbox 291 1503 488 1552; x_wconf 84' lang='lat' dir='ltr'>frigidam</span> <span class='ocrx_word' id='word_1_216' title='bbox 506 1503 763 1551; x_wconf 85' lang='lat' dir='ltr'>suffundant,</span> <span class='ocrx_word' id='word_1_217' title='bbox 786 1504 859 1553; x_wconf 89' lang='lat' dir='ltr'>qui</span> 
     </span>
    </p>
   </div>
   <div class='ocr_carea' id='block_1_4' title="bbox 325 1578 1774 1623">
    <p class='ocr_par' dir='ltr' id='par_1_5' title="bbox 325 1578 1774 1623">
     <span class='ocr_line' id='line_1_26' title="bbox 325 1578 1774 1623; baseline -0.003 -5"><span class='ocrx_word' id='word_1_218' title='bbox 325 1579 590 1619; x_wconf 83' lang='lat' dir='ltr'>Crescentem</span> <span class='ocrx_word' id='word_1_219' title='bbox 618 1580 793 1619; x_wconf 89' lang='lat' dir='ltr'>tumidis</span> <span class='ocrx_word' id='word_1_220' title='bbox 822 1579 972 1618; x_wconf 89' lang='lat' dir='ltr'>inflent</span> <span class='ocrx_word' id='word_1_221' title='bbox 1000 1578 1262 1618; x_wconf 87' lang='lat' dir='ltr'>sermonibus</span> <span class='ocrx_word' id='word_1_222' title='bbox 1290 1581 1439 1617; x_wconf 82' lang='lat' dir='ltr'>vtrem.</span> <span class='ocrx_word' id='word_1_223' title='bbox 1710 1592 1774 1623; x_wconf 80' lang='lat'>230</span> 
     </span>
    </p>
   </div>
   <div class='ocr_carea' id='block_1_5' title="bbox 78 1655 1771 2578">
    <p class='ocr_par' dir='ltr' id='par_1_6' title="bbox 78 1655 1771 2578">
     <span class='ocr_line' id='line_1_27' title="bbox 138 1655 1686 1707; baseline 0 -13"><span class='ocrx_word' id='word_1_224' title='bbox 138 1655 253 1696; x_wconf 89' lang='lat' dir='ltr'>Haec</span> <span class='ocrx_word' id='word_1_225' title='bbox 271 1657 431 1696; x_wconf 88' lang='lat' dir='ltr'>faciunt</span> <span class='ocrx_word' id='word_1_226' title='bbox 449 1659 506 1705; x_wconf 88' lang='lat' dir='ltr'>vt,</span> <span class='ocrx_word' id='word_1_227' title='bbox 530 1657 658 1696; x_wconf 90' lang='lat' dir='ltr'>etiam</span> <span class='ocrx_word' id='word_1_228' title='bbox 677 1658 713 1696; x_wconf 90' lang='lat' dir='ltr'>si</span> <span class='ocrx_word' id='word_1_229' title='bbox 733 1657 832 1707; x_wconf 91' lang='lat' dir='ltr'>quid</span> <span class='ocrx_word' id='word_1_230' title='bbox 854 1656 1084 1695; x_wconf 87' lang='lat' dir='ltr'>iuuenilius</span> <span class='ocrx_word' id='word_1_231' title='bbox 1101 1656 1303 1706; x_wconf 87' lang='lat' dir='ltr'>scriptum</span> <span class='ocrx_word' id='word_1_232' title='bbox 1324 1659 1433 1695; x_wconf 90' lang='lat' dir='ltr'>esset</span> <span class='ocrx_word' id='word_1_233' title='bbox 1453 1670 1476 1694; x_wconf 89' lang='lat' dir='ltr'>a</span> <span class='ocrx_word' id='word_1_234' title='bbox 1490 1656 1584 1703; x_wconf 90' lang='lat' dir='ltr'>Leo,</span> <span class='ocrx_word' id='word_1_235' title='bbox 1602 1669 1686 1694; x_wconf 89' lang='lat' dir='ltr'>non</span> 
     </span>
     <span class='ocr_line' id='line_1_28' title="bbox 82 1711 1687 1762; baseline -0.001 -13"><span class='ocrx_word' id='word_1_236' title='bbox 82 1711 309 1750; x_wconf 87' lang='lat' dir='ltr'>admodum</span> <span class='ocrx_word' id='word_1_237' title='bbox 332 1725 452 1762; x_wconf 84' lang='lat' dir='ltr'>aegre</span> <span class='ocrx_word' id='word_1_238' title='bbox 475 1713 639 1751; x_wconf 90' lang='lat' dir='ltr'>laturus</span> <span class='ocrx_word' id='word_1_239' title='bbox 662 1713 756 1759; x_wconf 90' lang='lat' dir='ltr'>sim,</span> <span class='ocrx_word' id='word_1_240' title='bbox 778 1711 901 1751; x_wconf 89' lang='lat' dir='ltr'>modo</span> <span class='ocrx_word' id='word_1_241' title='bbox 921 1725 973 1749; x_wconf 91' lang='lat' dir='ltr'>ne</span> <span class='ocrx_word' id='word_1_242' title='bbox 993 1711 1172 1749; x_wconf 88' lang='lat' dir='ltr'>nimium</span> <span class='ocrx_word' id='word_1_243' title='bbox 1195 1711 1265 1749; x_wconf 92' lang='lat' dir='ltr'>diu</span> <span class='ocrx_word' id='word_1_244' title='bbox 1291 1713 1478 1761; x_wconf 87' lang='lat' dir='ltr'>torqueat</span> <span class='ocrx_word' id='word_1_245' title='bbox 1505 1724 1581 1749; x_wconf 90' lang='lat' dir='ltr'>nos</span> <span class='ocrx_word' id='word_1_246' title='bbox 1607 1711 1687 1749; x_wconf 87' lang='lat' dir='ltr'>ista</span> 
     </span>
     <span class='ocr_line' id='line_1_29' title="bbox 82 1765 1684 1816; baseline 0.001 -14"><span class='ocrx_word' id='word_1_247' title='bbox 82 1766 334 1814; x_wconf 85' lang='lat' dir='ltr'>parturiens,</span> <span class='ocrx_word' id='word_1_248' title='bbox 361 1766 609 1816; x_wconf 86' lang='lat' dir='ltr'>pollicitans,</span> <span class='ocrx_word' id='word_1_249' title='bbox 639 1767 841 1814; x_wconf 83' lang='lat' dir='ltr'>iactitans,</span> <span class='ocrx_word' id='word_1_250' title='bbox 874 1765 1091 1813; x_wconf 87' lang='lat' dir='ltr'>minitans,</span> <span class='ocrx_word' id='word_1_251' title='bbox 1126 1765 1410 1812; x_wconf 85' lang='lat' dir='ltr'>obtrectitans‚</span> <span class='ocrx_word' id='word_1_252' title='bbox 1445 1768 1484 1803; x_wconf 88' lang='lat' dir='ltr'>et</span> <span class='ocrx_word' id='word_1_253' title='bbox 1515 1778 1604 1803; x_wconf 90' lang='lat' dir='ltr'>rem</span> <span class='ocrx_word' id='word_1_254' title='bbox 1633 1765 1684 1804; x_wconf 89' lang='lat' dir='ltr'>ad</span> 
     </span>
     <span class='ocr_line' id='line_1_30' title="bbox 83 1819 1685 1870; baseline 0 -13"><span class='ocrx_word' id='word_1_255' title='bbox 83 1819 330 1859; x_wconf 87' lang='lat' dir='ltr'>seditionem</span> <span class='ocrx_word' id='word_1_256' title='bbox 350 1834 512 1860; x_wconf 90' lang='lat' dir='ltr'>vocans.</span> <span class='ocrx_word' id='word_1_257' title='bbox 572 1822 690 1870; x_wconf 77' lang='lat' dir='ltr'>Quod</span> <span class='ocrx_word' id='word_1_258' title='bbox 717 1821 755 1859; x_wconf 90' lang='lat' dir='ltr'>si</span> <span class='ocrx_word' id='word_1_259' title='bbox 776 1834 869 1859; x_wconf 91' lang='lat' dir='ltr'>meo</span> <span class='ocrx_word' id='word_1_260' title='bbox 899 1820 1072 1859; x_wconf 90' lang='lat' dir='ltr'>consilio</span> <span class='ocrx_word' id='word_1_261' title='bbox 1102 1832 1251 1869; x_wconf 87' lang='lat' dir='ltr'>parens</span> <span class='ocrx_word' id='word_1_262' title='bbox 1278 1820 1518 1858; x_wconf 88' lang='lat' dir='ltr'>meminerit</span> <span class='ocrx_word' id='word_1_263' title='bbox 1535 1819 1685 1869; x_wconf 90' lang='lat' dir='ltr'>vbique</span> 
     </span>
     <span class='ocr_line' id='line_1_31' title="bbox 84 1873 1768 1926; baseline 0 -14"><span class='ocrx_word' id='word_1_264' title='bbox 84 1875 310 1913; x_wconf 86' lang='lat' dir='ltr'>modestiae</span> <span class='ocrx_word' id='word_1_265' title='bbox 329 1875 596 1922; x_wconf 85' lang='lat' dir='ltr'>Christianae,</span> <span class='ocrx_word' id='word_1_266' title='bbox 622 1876 834 1926; x_wconf 83' lang='lat' dir='ltr'>magisque</span> <span class='ocrx_word' id='word_1_267' title='bbox 853 1874 1049 1924; x_wconf 88' lang='lat' dir='ltr'>spectarit</span> <span class='ocrx_word' id='word_1_268' title='bbox 1068 1874 1167 1924; x_wconf 91' lang='lat' dir='ltr'>quid</span> <span class='ocrx_word' id='word_1_269' title='bbox 1190 1874 1279 1923; x_wconf 92' lang='lat' dir='ltr'>ipso</span> <span class='ocrx_word' id='word_1_270' title='bbox 1299 1874 1475 1924; x_wconf 86' lang='lat' dir='ltr'>dignum</span> <span class='ocrx_word' id='word_1_271' title='bbox 1491 1873 1545 1912; x_wconf 89' lang='lat' dir='ltr'>sit</span> <span class='ocrx_word' id='word_1_272' title='bbox 1561 1887 1686 1924; x_wconf 88' lang='lat' dir='ltr'>quam</span> <span class='ocrx_word' id='word_1_273' title='bbox 1709 1887 1768 1919; x_wconf 79' lang='lat'>235</span> 
     </span>
     <span class='ocr_line' id='line_1_32' title="bbox 78 1928 1685 1980; baseline 0 -14"><span class='ocrx_word' id='word_1_274' title='bbox 78 1928 183 1978; x_wconf 85' lang='lat' dir='ltr'>&#39;quid</span> <span class='ocrx_word' id='word_1_275' title='bbox 213 1930 383 1978; x_wconf 87' lang='lat' dir='ltr'>cupiant</span> <span class='ocrx_word' id='word_1_276' title='bbox 413 1930 584 1980; x_wconf 90' lang='lat' dir='ltr'>quidam</span> <span class='ocrx_word' id='word_1_277' title='bbox 614 1931 685 1980; x_wconf 93' lang='lat' dir='ltr'>qui</span> <span class='ocrx_word' id='word_1_278' title='bbox 714 1930 861 1969; x_wconf 88' lang='lat' dir='ltr'>alienis</span> <span class='ocrx_word' id='word_1_279' title='bbox 887 1928 1071 1978; x_wconf 89' lang='lat' dir='ltr'>ingeniis</span> <span class='ocrx_word' id='word_1_280' title='bbox 1097 1929 1329 1967; x_wconf 88' lang='lat' dir='ltr'>abutuntur</span> <span class='ocrx_word' id='word_1_281' title='bbox 1357 1928 1408 1967; x_wconf 88' lang='lat' dir='ltr'>ad</span> <span class='ocrx_word' id='word_1_282' title='bbox 1437 1928 1685 1966; x_wconf 89' lang='lat' dir='ltr'>laedendum</span> 
     </span>
     <span class='ocr_line' id='line_1_33' title="bbox 85 1982 1686 2032; baseline -0.001 -11"><span class='ocrx_word' id='word_1_283' title='bbox 85 1983 386 2022; x_wconf 88' lang='lat' dir='ltr'>subolescentia</span> <span class='ocrx_word' id='word_1_284' title='bbox 406 1984 577 2023; x_wconf 85' lang='lat' dir='ltr'>meliora</span> <span class='ocrx_word' id='word_1_285' title='bbox 596 1984 750 2031; x_wconf 89' lang='lat' dir='ltr'>studia,</span> <span class='ocrx_word' id='word_1_286' title='bbox 770 1997 855 2022; x_wconf 90' lang='lat' dir='ltr'>non</span> <span class='ocrx_word' id='word_1_287' title='bbox 875 1984 1013 2022; x_wconf 88' lang='lat' dir='ltr'>solum</span> <span class='ocrx_word' id='word_1_288' title='bbox 1035 1983 1145 2032; x_wconf 88' lang='lat' dir='ltr'>apud</span> <span class='ocrx_word' id='word_1_289' title='bbox 1171 1983 1379 2021; x_wconf 85' lang='lat' dir='ltr'>studiosos</span> <span class='ocrx_word' id='word_1_290' title='bbox 1399 1996 1545 2021; x_wconf 86' lang='lat' dir='ltr'>verum</span> <span class='ocrx_word' id='word_1_291' title='bbox 1575 1982 1686 2032; x_wconf 87' lang='lat' dir='ltr'>apud</span> 
     </span>
     <span class='ocr_line' id='line_1_34' title="bbox 84 2037 1686 2088; baseline 0 -13"><span class='ocrx_word' id='word_1_292' title='bbox 84 2050 151 2075; x_wconf 90' lang='lat' dir='ltr'>me</span> <span class='ocrx_word' id='word_1_293' title='bbox 171 2051 333 2088; x_wconf 91' lang='lat' dir='ltr'>quoque</span> <span class='ocrx_word' id='word_1_294' title='bbox 361 2039 540 2088; x_wconf 86' lang='lat' dir='ltr'>gratiam</span> <span class='ocrx_word' id='word_1_295' title='bbox 568 2052 655 2078; x_wconf 92' lang='lat' dir='ltr'>non</span> <span class='ocrx_word' id='word_1_296' title='bbox 685 2038 936 2077; x_wconf 86' lang='lat' dir='ltr'>mediocrem</span> <span class='ocrx_word' id='word_1_297' title='bbox 966 2037 1101 2075; x_wconf 88' lang='lat' dir='ltr'>inibit.</span> <span class='ocrx_word' id='word_1_298' title='bbox 1177 2037 1260 2076; x_wconf 89' lang='lat' dir='ltr'>Cur</span> <span class='ocrx_word' id='word_1_299' title='bbox 1288 2039 1401 2075; x_wconf 87' lang='lat' dir='ltr'>enim</span> <span class='ocrx_word' id='word_1_300' title='bbox 1430 2037 1536 2075; x_wconf 91' lang='lat' dir='ltr'>mihi</span> <span class='ocrx_word' id='word_1_301' title='bbox 1567 2038 1686 2086; x_wconf 90' lang='lat' dir='ltr'>turpe</span> 
     </span>
     <span class='ocr_line' id='line_1_35' title="bbox 85 2091 1687 2142; baseline 0 -12"><span class='ocrx_word' id='word_1_302' title='bbox 85 2092 233 2131; x_wconf 79' lang='lat' dir='ltr'>ducam</span> <span class='ocrx_word' id='word_1_303' title='bbox 253 2093 289 2131; x_wconf 90' lang='lat' dir='ltr'>si</span> <span class='ocrx_word' id='word_1_304' title='bbox 308 2093 352 2131; x_wconf 91' lang='lat' dir='ltr'>in</span> <span class='ocrx_word' id='word_1_305' title='bbox 373 2095 435 2131; x_wconf 94' lang='lat' dir='ltr'>tot</span> <span class='ocrx_word' id='word_1_306' title='bbox 453 2093 628 2132; x_wconf 88' lang='lat' dir='ltr'>milibus</span> <span class='ocrx_word' id='word_1_307' title='bbox 646 2093 844 2140; x_wconf 80' lang='lat' dir='ltr'>locorum,</span> <span class='ocrx_word' id='word_1_308' title='bbox 870 2106 973 2142; x_wconf 87' lang='lat' dir='ltr'>quae</span> <span class='ocrx_word' id='word_1_309' title='bbox 991 2092 1058 2130; x_wconf 89' lang='lat' dir='ltr'>vel</span> <span class='ocrx_word' id='word_1_310' title='bbox 1078 2091 1240 2130; x_wconf 85' lang='lat' dir='ltr'>restitui</span> <span class='ocrx_word' id='word_1_311' title='bbox 1256 2092 1320 2129; x_wconf 92' lang='lat' dir='ltr'>vel</span> <span class='ocrx_word' id='word_1_312' title='bbox 1338 2091 1529 2141; x_wconf 80' lang='lat' dir='ltr'>explicui,</span> <span class='ocrx_word' id='word_1_313' title='bbox 1549 2093 1687 2130; x_wconf 86' lang='lat' dir='ltr'>cernat</span> 
     </span>
     <span class='ocr_line' id='line_1_36' title="bbox 84 2145 1771 2198; baseline 0 -15"><span class='ocrx_word' id='word_1_314' title='bbox 84 2145 241 2196; x_wconf 89' lang='lat' dir='ltr'>aliquid</span> <span class='ocrx_word' id='word_1_315' title='bbox 263 2148 372 2198; x_wconf 92' lang='lat' dir='ltr'>quod</span> <span class='ocrx_word' id='word_1_316' title='bbox 393 2161 508 2186; x_wconf 90' lang='lat' dir='ltr'>meos</span> <span class='ocrx_word' id='word_1_317' title='bbox 529 2148 669 2187; x_wconf 92' lang='lat' dir='ltr'>oculos</span> <span class='ocrx_word' id='word_1_318' title='bbox 689 2147 770 2186; x_wconf 90' lang='lat' dir='ltr'>alio</span> <span class='ocrx_word' id='word_1_319' title='bbox 797 2148 1064 2196; x_wconf 83' lang='lat' dir='ltr'>properantes</span> <span class='ocrx_word' id='word_1_320' title='bbox 1094 2146 1344 2195; x_wconf 86' lang='lat' dir='ltr'>suffugisset‚</span> <span class='ocrx_word' id='word_1_321' title='bbox 1368 2148 1439 2184; x_wconf 90' lang='lat' dir='ltr'>aut</span> <span class='ocrx_word' id='word_1_322' title='bbox 1466 2145 1688 2195; x_wconf 89' lang='lat' dir='ltr'>deprehen·</span> <span class='ocrx_word' id='word_1_323' title='bbox 1709 2161 1771 2192; x_wconf 90' lang='lat'>240</span> 
     </span>
     <span class='ocr_line' id='line_1_37' title="bbox 85 2199 1687 2251; baseline 0 -14"><span class='ocrx_word' id='word_1_324' title='bbox 85 2199 156 2238; x_wconf 88' lang='lat' dir='ltr'>dat</span> <span class='ocrx_word' id='word_1_325' title='bbox 186 2203 230 2238; x_wconf 88' lang='lat' dir='ltr'>in</span> <span class='ocrx_word' id='word_1_326' title='bbox 259 2215 341 2251; x_wconf 93' lang='lat' dir='ltr'>quo</span> <span class='ocrx_word' id='word_1_327' title='bbox 371 2215 394 2240; x_wconf 89' lang='lat' dir='ltr'>a</span> <span class='ocrx_word' id='word_1_328' title='bbox 423 2215 490 2240; x_wconf 92' lang='lat' dir='ltr'>me</span> <span class='ocrx_word' id='word_1_329' title='bbox 519 2202 850 2241; x_wconf 88' lang='lat' dir='ltr'>dissentiendum</span> <span class='ocrx_word' id='word_1_330' title='bbox 880 2202 1034 2251; x_wconf 76' lang='lat' dir='ltr'>putet?</span> <span class='ocrx_word' id='word_1_331' title='bbox 1089 2200 1185 2239; x_wconf 89' lang='lat' dir='ltr'>Non</span> <span class='ocrx_word' id='word_1_332' title='bbox 1218 2201 1293 2238; x_wconf 90' lang='lat' dir='ltr'>hac</span> <span class='ocrx_word' id='word_1_333' title='bbox 1328 2200 1416 2249; x_wconf 86' lang='lat' dir='ltr'>lege</span> <span class='ocrx_word' id='word_1_334' title='bbox 1445 2199 1687 2249; x_wconf 89' lang='lat' dir='ltr'>scripsimus</span> 
     </span>
     <span class='ocr_line' id='line_1_38' title="bbox 85 2253 1686 2304; baseline -0.001 -11"><span class='ocrx_word' id='word_1_335' title='bbox 85 2256 404 2302; x_wconf 88' lang='lat' dir='ltr'>Annotationes‚</span> <span class='ocrx_word' id='word_1_336' title='bbox 431 2259 477 2295; x_wconf 88' lang='lat' dir='ltr'>vt</span> <span class='ocrx_word' id='word_1_337' title='bbox 505 2257 677 2296; x_wconf 89' lang='lat' dir='ltr'>caeteris</span> <span class='ocrx_word' id='word_1_338' title='bbox 706 2256 772 2294; x_wconf 90' lang='lat' dir='ltr'>ius</span> <span class='ocrx_word' id='word_1_339' title='bbox 800 2258 908 2294; x_wconf 90' lang='lat' dir='ltr'>esset</span> <span class='ocrx_word' id='word_1_340' title='bbox 939 2255 1180 2304; x_wconf 75' lang='lat' dir='ltr'>ademptum</span> <span class='ocrx_word' id='word_1_341' title='bbox 1208 2254 1275 2293; x_wconf 82' lang='lat' dir='ltr'>vel</span> <span class='ocrx_word' id='word_1_342' title='bbox 1303 2253 1490 2300; x_wconf 89' lang='lat' dir='ltr'>addendi,</span> <span class='ocrx_word' id='word_1_343' title='bbox 1525 2254 1559 2292; x_wconf 93' lang='lat' dir='ltr'>si</span> <span class='ocrx_word' id='word_1_344' title='bbox 1588 2254 1686 2304; x_wconf 89' lang='lat' dir='ltr'>quid</span> 
     </span>
     <span class='ocr_line' id='line_1_39' title="bbox 86 2308 1688 2362; baseline -0.001 -15"><span class='ocrx_word' id='word_1_345' title='bbox 86 2311 294 2359; x_wconf 87' lang='lat' dir='ltr'>praeterea</span> <span class='ocrx_word' id='word_1_346' title='bbox 326 2312 448 2361; x_wconf 89' lang='lat' dir='ltr'>queat</span> <span class='ocrx_word' id='word_1_347' title='bbox 478 2311 630 2362; x_wconf 85' lang='lat' dir='ltr'>aliquis</span> <span class='ocrx_word' id='word_1_348' title='bbox 667 2310 1010 2357; x_wconf 86' lang='lat' dir='ltr'>animaduertere,</span> <span class='ocrx_word' id='word_1_349' title='bbox 1048 2310 1115 2347; x_wconf 89' lang='lat' dir='ltr'>vel</span> <span class='ocrx_word' id='word_1_350' title='bbox 1154 2309 1399 2359; x_wconf 86' lang='lat' dir='ltr'>corrigendi,</span> <span class='ocrx_word' id='word_1_351' title='bbox 1441 2308 1573 2347; x_wconf 91' lang='lat' dir='ltr'>sicubi</span> <span class='ocrx_word' id='word_1_352' title='bbox 1612 2321 1688 2346; x_wconf 91' lang='lat' dir='ltr'>nos</span> 
     </span>
     <span class='ocr_line' id='line_1_40' title="bbox 85 2363 1688 2413; baseline -0.001 -12"><span class='ocrx_word' id='word_1_353' title='bbox 85 2376 269 2403; x_wconf 83' lang='lat' dir='ltr'>essemus</span> <span class='ocrx_word' id='word_1_354' title='bbox 298 2364 556 2409; x_wconf 74' lang='lat' dir='ltr'>hallucinati,</span> <span class='ocrx_word' id='word_1_355' title='bbox 581 2379 667 2404; x_wconf 89' lang='lat' dir='ltr'>non</span> <span class='ocrx_word' id='word_1_356' title='bbox 698 2365 834 2404; x_wconf 89' lang='lat' dir='ltr'>solum</span> <span class='ocrx_word' id='word_1_357' title='bbox 869 2364 1074 2409; x_wconf 86' lang='lat' dir='ltr'>homines,</span> <span class='ocrx_word' id='word_1_358' title='bbox 1108 2377 1252 2402; x_wconf 85' lang='lat' dir='ltr'>verum</span> <span class='ocrx_word' id='word_1_359' title='bbox 1285 2363 1413 2402; x_wconf 90' lang='lat' dir='ltr'>etiam</span> <span class='ocrx_word' id='word_1_360' title='bbox 1446 2365 1487 2401; x_wconf 88' lang='lat' dir='ltr'>et</span> <span class='ocrx_word' id='word_1_361' title='bbox 1521 2363 1688 2413; x_wconf 90' lang='lat' dir='ltr'>ingenio</span> 
     </span>
     <span class='ocr_line' id='line_1_41' title="bbox 85 2417 1771 2469; baseline -0.002 -13"><span class='ocrx_word' id='word_1_362' title='bbox 85 2431 285 2468; x_wconf 88' lang='lat' dir='ltr'>perquam</span> <span class='ocrx_word' id='word_1_363' title='bbox 306 2419 452 2469; x_wconf 86' lang='lat' dir='ltr'>exiguo</span> <span class='ocrx_word' id='word_1_364' title='bbox 472 2423 513 2458; x_wconf 90' lang='lat' dir='ltr'>et</span> <span class='ocrx_word' id='word_1_365' title='bbox 533 2419 767 2458; x_wconf 88' lang='lat' dir='ltr'>eruditione</span> <span class='ocrx_word' id='word_1_366' title='bbox 787 2419 858 2457; x_wconf 85' lang='lat' dir='ltr'>vix</span> <span class='ocrx_word' id='word_1_367' title='bbox 878 2417 1086 2456; x_wconf 88' lang='lat' dir='ltr'>mediocri.</span> <span class='ocrx_word' id='word_1_368' title='bbox 1149 2418 1199 2456; x_wconf 91' lang='lat' dir='ltr'>Id</span> <span class='ocrx_word' id='word_1_369' title='bbox 1227 2417 1354 2456; x_wconf 88' lang='lat' dir='ltr'>etiam</span> <span class='ocrx_word' id='word_1_370' title='bbox 1381 2417 1417 2455; x_wconf 92' lang='lat' dir='ltr'>si</span> <span class='ocrx_word' id='word_1_371' title='bbox 1445 2431 1528 2455; x_wconf 90' lang='lat' dir='ltr'>non</span> <span class='ocrx_word' id='word_1_372' title='bbox 1554 2430 1688 2456; x_wconf 86' lang='lat' dir='ltr'>essem</span> <span class='ocrx_word' id='word_1_373' title='bbox 1710 2432 1748 2463; x_wconf 88' lang='lat'>24</span> <span class='ocrx_word' id='word_1_374' title='bbox 1754 2433 1771 2464; x_wconf 78' lang='lat'><strong><em>5</em></strong></span> 
     </span>
     <span class='ocr_line' id='line_1_42' title="bbox 87 2472 1688 2522; baseline 0 -12"><span class='ocrx_word' id='word_1_375' title='bbox 87 2473 271 2520; x_wconf 86' lang='lat' dir='ltr'>testatus,</span> <span class='ocrx_word' id='word_1_376' title='bbox 296 2475 439 2512; x_wconf 86' lang='lat' dir='ltr'>tamen</span> <span class='ocrx_word' id='word_1_377' title='bbox 462 2474 623 2512; x_wconf 89' lang='lat' dir='ltr'>nemini</span> <span class='ocrx_word' id='word_1_378' title='bbox 643 2474 844 2513; x_wconf 88' lang='lat' dir='ltr'>debebam</span> <span class='ocrx_word' id='word_1_379' title='bbox 863 2486 992 2522; x_wconf 88' lang='lat' dir='ltr'>vsque</span> <span class='ocrx_word' id='word_1_380' title='bbox 1022 2472 1121 2510; x_wconf 79' lang='lat' dir='ltr'>adeo</span> <span class='ocrx_word' id='word_1_381' title='bbox 1141 2472 1273 2510; x_wconf 90' lang='lat' dir='ltr'>videri</span> <span class='ocrx_word' id='word_1_382' title='bbox 1293 2484 1492 2522; x_wconf 89' lang='lat' dir='ltr'>arrogans</span> <span class='ocrx_word' id='word_1_383' title='bbox 1512 2473 1570 2519; x_wconf 86' lang='lat' dir='ltr'>vt,</span> <span class='ocrx_word' id='word_1_384' title='bbox 1594 2484 1688 2510; x_wconf 90' lang='lat' dir='ltr'>cum</span> 
     </span>
     <span class='ocr_line' id='line_1_43' title="bbox 86 2525 1691 2578; baseline 0 -14"><span class='ocrx_word' id='word_1_385' title='bbox 86 2527 173 2576; x_wconf 91' lang='lat' dir='ltr'>ipse</span> <span class='ocrx_word' id='word_1_386' title='bbox 192 2540 277 2566; x_wconf 92' lang='lat' dir='ltr'>non</span> <span class='ocrx_word' id='word_1_387' title='bbox 299 2527 488 2567; x_wconf 86' lang='lat' dir='ltr'>dubitem</span> <span class='ocrx_word' id='word_1_388' title='bbox 508 2528 610 2567; x_wconf 91' lang='lat' dir='ltr'>locis</span> <span class='ocrx_word' id='word_1_389' title='bbox 628 2528 785 2578; x_wconf 86' lang='lat' dir='ltr'>aliquot</span> <span class='ocrx_word' id='word_1_390' title='bbox 805 2541 828 2566; x_wconf 90' lang='lat' dir='ltr'>a</span> <span class='ocrx_word' id='word_1_391' title='bbox 847 2526 1150 2577; x_wconf 85' lang='lat' dir='ltr'>probatissimis</span> <span class='ocrx_word' id='word_1_392' title='bbox 1177 2526 1424 2574; x_wconf 84' lang='lat' dir='ltr'>doctoribus,</span> <span class='ocrx_word' id='word_1_393' title='bbox 1447 2525 1691 2573; x_wconf 71' lang='lat' dir='ltr'>Ambrosio,</span> 
     </span>
    </p>
   </div>
   <div class='ocr_carea' id='block_1_6' title="bbox 87 2623 1688 2705">
    <p class='ocr_par' dir='ltr' id='par_1_7' title="bbox 87 2623 1688 2705">
     <span class='ocr_line' id='line_1_44' title="bbox 131 2623 1688 2661; baseline -0.002 -8"><span class='ocrx_word' id='word_1_394' title='bbox 131 2633 202 2654; x_wconf 88' lang='lat'>212.</span> <span class='ocrx_word' id='word_1_395' title='bbox 228 2623 388 2655; x_wconf 71' lang='lat' dir='ltr'>illustrat</span> <span class='ocrx_word' id='word_1_396' title='bbox 406 2636 426 2654; x_wconf 89' lang='grc' dir='ltr'><em>α</em></span> <span class='ocrx_word' id='word_1_397' title='bbox 444 2635 451 2655; x_wconf 87' lang='lat'>:</span> <span class='ocrx_word' id='word_1_398' title='bbox 474 2626 491 2655; x_wconf 71' lang='grc' dir='ltr'>ἵ)</span> <span class='ocrx_word' id='word_1_399' title='bbox 504 2625 698 2656; x_wconf 62' lang='lat' dir='ltr'>illustr-arv.</span> <span class='ocrx_word' id='word_1_400' title='bbox 814 2625 887 2655; x_wconf 84' lang='lat'>218.</span> <span class='ocrx_word' id='word_1_401' title='bbox 915 2623 973 2654; x_wconf 86' lang='lat' dir='ltr'>his</span> <span class='ocrx_word' id='word_1_402' title='bbox 989 2634 1032 2653; x_wconf 83' lang='lat' dir='ltr'>a:</span> <span class='ocrx_word' id='word_1_403' title='bbox 1057 2623 1101 2652; x_wconf 83' lang='lat' dir='ltr'>iis</span> <span class='ocrx_word' id='word_1_404' title='bbox 1118 2625 1152 2654; x_wconf 80' lang='lat' dir='ltr'>F.</span> <span class='ocrx_word' id='word_1_405' title='bbox 1265 2632 1338 2661; x_wconf 83' lang='lat'>227.</span> <span class='ocrx_word' id='word_1_406' title='bbox 1367 2625 1414 2654; x_wconf 81' lang='lat' dir='ltr'>F:</span> <span class='ocrx_word' id='word_1_407' title='bbox 1439 2623 1643 2654; x_wconf 76' lang='lat' dir='ltr'>acclamant</span> <span class='ocrx_word' id='word_1_408' title='bbox 1657 2633 1688 2651; x_wconf 79' lang='lat' dir='ltr'>a.</span> 
     </span>
     <span class='ocr_line' id='line_1_45' title="bbox 87 2667 485 2705; baseline 0.008 -9"><span class='ocrx_word' id='word_1_409' title='bbox 87 2667 160 2705; x_wconf 83' lang='lat'><strong>236.</strong></span> <span class='ocrx_word' id='word_1_410' title='bbox 186 2669 240 2697; x_wconf 85' lang='lat' dir='ltr'>H:</span> <span class='ocrx_word' id='word_1_411' title='bbox 264 2667 438 2699; x_wconf 80' lang='lat' dir='ltr'>laedenda</span> <span class='ocrx_word' id='word_1_412' title='bbox 454 2680 485 2699; x_wconf 87' lang='grc' dir='ltr'>α.</span> 
     </span>
    </p>
   </div>
   <div class='ocr_carea' id='block_1_7' title="bbox 88 2763 1691 3068">
    <p class='ocr_par' dir='ltr' id='par_1_8' title="bbox 131 2763 1586 2807">
     <span class='ocr_line' id='line_1_46' title="bbox 131 2763 1586 2807; baseline -0.001 -10"><span class='ocrx_word' id='word_1_413' title='bbox 131 2777 204 2805; x_wconf 85' lang='grc'>207.</span> <span class='ocrx_word' id='word_1_414' title='bbox 233 2766 365 2807; x_wconf 84' lang='lat' dir='ltr'>Flacci]</span> <span class='ocrx_word' id='word_1_415' title='bbox 391 2768 422 2797; x_wconf 80' lang='lat' dir='ltr'>S.</span> <span class='ocrx_word' id='word_1_416' title='bbox 443 2776 474 2797; x_wconf 84' lang='lat'>2.</span> <span class='ocrx_word' id='word_1_417' title='bbox 490 2775 522 2804; x_wconf 84' lang='lat'>3.</span> <span class='ocrx_word' id='word_1_418' title='bbox 541 2775 613 2805; x_wconf 87' lang='lat'><strong>321.</strong></span> <span class='ocrx_word' id='word_1_419' title='bbox 967 2773 1041 2802; x_wconf 90' lang='lat'>217.</span> <span class='ocrx_word' id='word_1_420' title='bbox 1067 2764 1282 2806; x_wconf 79' lang='lat' dir='ltr'>Lucianuin]</span> <span class='ocrx_word' id='word_1_421' title='bbox 1307 2767 1421 2796; x_wconf 85' lang='lat' dir='ltr'>Harm.</span> <span class='ocrx_word' id='word_1_422' title='bbox 1442 2775 1461 2795; x_wconf 87' lang='lat'><strong>2</strong></span> <span class='ocrx_word' id='word_1_423' title='bbox 1480 2763 1586 2806; x_wconf 85' lang='lat'>(853).</span> 
     </span>
    </p>

    <p class='ocr_par' dir='ltr' id='par_1_9' title="bbox 131 2807 1687 2850">
     <span class='ocr_line' id='line_1_47' title="bbox 131 2807 1687 2850; baseline -0.003 -10"><span class='ocrx_word' id='word_1_424' title='bbox 131 2820 205 2850; x_wconf 88' lang='lat'><strong>209.</strong></span> <span class='ocrx_word' id='word_1_425' title='bbox 232 2809 393 2850; x_wconf 78' lang='lat' dir='ltr'>Gratius]</span> <span class='ocrx_word' id='word_1_426' title='bbox 418 2809 471 2841; x_wconf 88' lang='lat' dir='ltr'>Cf.</span> <span class='ocrx_word' id='word_1_427' title='bbox 493 2810 582 2849; x_wconf 87' lang='lat' dir='ltr'>Epp.</span> <span class='ocrx_word' id='word_1_428' title='bbox 601 2810 675 2848; x_wconf 86' lang='lat'><strong>526.</strong></span> <span class='ocrx_word' id='word_1_429' title='bbox 699 2810 757 2847; x_wconf 86' lang='lat'>811,</span> <span class='ocrx_word' id='word_1_430' title='bbox 776 2810 851 2839; x_wconf 87' lang='lat'><strong>622.</strong></span> <span class='ocrx_word' id='word_1_431' title='bbox 967 2818 1041 2846; x_wconf 85' lang='lat'><strong>230.</strong></span> <span class='ocrx_word' id='word_1_432' title='bbox 1064 2808 1307 2849; x_wconf 78' lang='lat' dir='ltr'>Crescentem]</span> <span class='ocrx_word' id='word_1_433' title='bbox 1327 2809 1377 2840; x_wconf 87' lang='lat' dir='ltr'>Cf.</span> <span class='ocrx_word' id='word_1_434' title='bbox 1393 2809 1479 2839; x_wconf 83' lang='lat' dir='ltr'>Hor.</span> <span class='ocrx_word' id='word_1_435' title='bbox 1496 2812 1527 2840; x_wconf 84' lang='lat' dir='ltr'>S.</span> <span class='ocrx_word' id='word_1_436' title='bbox 1546 2817 1575 2839; x_wconf 88' lang='lat'>2.</span> <span class='ocrx_word' id='word_1_437' title='bbox 1591 2816 1620 2845; x_wconf 88' lang='lat'>5.</span> <span class='ocrx_word' id='word_1_438' title='bbox 1634 2807 1687 2847; x_wconf 88' lang='lat'>98.</span> 
     </span>
    </p>

    <p class='ocr_par' dir='ltr' id='par_1_10' title="bbox 132 2850 1691 2894">
     <span class='ocr_line' id='line_1_48' title="bbox 132 2850 1691 2894; baseline -0.003 -10"><span class='ocrx_word' id='word_1_439' title='bbox 132 2863 206 2885; x_wconf 85' lang='grc'>211.</span> <span class='ocrx_word' id='word_1_440' title='bbox 233 2851 427 2894; x_wconf 81' lang='lat' dir='ltr'>Pindarus]</span> <span class='ocrx_word' id='word_1_441' title='bbox 452 2855 507 2890; x_wconf 74' lang='lat' dir='ltr'>Py.</span> <span class='ocrx_word' id='word_1_442' title='bbox 525 2862 554 2884; x_wconf 82' lang='lat'>2.</span> <span class='ocrx_word' id='word_1_443' title='bbox 577 2862 712 2892; x_wconf 85' lang='lat'>115-21.</span> <span class='ocrx_word' id='word_1_444' title='bbox 967 2852 1039 2889; x_wconf 85' lang='lat'><strong>246.</strong></span> <span class='ocrx_word' id='word_1_445' title='bbox 1068 2851 1236 2892; x_wconf 83' lang='lat' dir='ltr'>testatus]</span> <span class='ocrx_word' id='word_1_446' title='bbox 1250 2851 1524 2890; x_wconf 75' lang='lat' dir='ltr'>IntheApoloyia</span> <span class='ocrx_word' id='word_1_447' title='bbox 1534 2850 1691 2891; x_wconf 86' lang='lat' dir='ltr'>prefixed</span> 
     </span>
    </p>

    <p class='ocr_par' dir='ltr' id='par_1_11' title="bbox 88 2893 1690 3024">
     <span class='ocr_line' id='line_1_49' title="bbox 132 2893 1687 2938; baseline -0.003 -11"><span class='ocrx_word' id='word_1_448' title='bbox 132 2907 205 2929; x_wconf 82' lang='lat'>212.</span> <span class='ocrx_word' id='word_1_449' title='bbox 230 2896 477 2938; x_wconf 80' lang='lat' dir='ltr'>prouerbium]</span> <span class='ocrx_word' id='word_1_450' title='bbox 517 2896 567 2927; x_wconf 88' lang='lat' dir='ltr'>Cf.</span> <span class='ocrx_word' id='word_1_451' title='bbox 608 2899 711 2933; x_wconf 64' lang='lat' dir='ltr'>Adaq.</span> <span class='ocrx_word' id='word_1_452' title='bbox 747 2906 854 2935; x_wconf 78' lang='lat'>11913</span> <span class='ocrx_word' id='word_1_453' title='bbox 924 2897 959 2926; x_wconf 90' lang='lat' dir='ltr'>to</span> <span class='ocrx_word' id='word_1_454' title='bbox 975 2896 1037 2926; x_wconf 82' lang='lat' dir='ltr'>tho</span> <span class='ocrx_word' id='word_1_455' title='bbox 1063 2895 1148 2925; x_wconf 90' lang='lat' dir='ltr'>New</span> <span class='ocrx_word' id='word_1_456' title='bbox 1171 2894 1377 2927; x_wconf 83' lang='lat' dir='ltr'>Testament</span> <span class='ocrx_word' id='word_1_457' title='bbox 1403 2896 1514 2936; x_wconf 84' lang='lat'>(1516,</span> <span class='ocrx_word' id='word_1_458' title='bbox 1533 2895 1572 2926; x_wconf 83' lang='lat' dir='ltr'>f0.</span> <span class='ocrx_word' id='word_1_459' title='bbox 1593 2893 1687 2925; x_wconf 83' lang='lat' dir='ltr'>bbb⁶.</span> 
     </span>
     <span class='ocr_line' id='line_1_50' title="bbox 88 2936 1690 2982; baseline -0.004 -9"><span class='ocrx_word' id='word_1_460' title='bbox 88 2941 237 2982; x_wconf 84' lang='lat' dir='ltr'>quoting</span> <span class='ocrx_word' id='word_1_461' title='bbox 268 2939 364 2972; x_wconf 88' lang='lat' dir='ltr'>Plut.</span> <span class='ocrx_word' id='word_1_462' title='bbox 402 2942 459 2971; x_wconf 77' lang='lat' dir='ltr'>Vit.</span> <span class='ocrx_word' id='word_1_463' title='bbox 493 2942 564 2971; x_wconf 87' lang='lat' dir='ltr'>Nic.</span> <span class='ocrx_word' id='word_1_464' title='bbox 594 2949 628 2970; x_wconf 92' lang='lat'>11</span> <span class='ocrx_word' id='word_1_465' title='bbox 660 2940 753 2980; x_wconf 59' lang='lat'>(530)</span> <span class='ocrx_word' id='word_1_466' title='bbox 783 2939 854 2970; x_wconf 79' lang='lat' dir='ltr'>and</span> <span class='ocrx_word' id='word_1_467' title='bbox 929 2958 943 2978; x_wconf 73' lang='lat'><strong>⁷</strong></span> <span class='ocrx_word' id='word_1_468' title='bbox 974 2957 994 2961; x_wconf 96' lang='lat'>-</span> <span class='ocrx_word' id='word_1_469' title='bbox 1028 2941 1078 2969; x_wconf 65' lang='grc' dir='ltr'>νο.</span> <span class='ocrx_word' id='word_1_470' title='bbox 1104 2949 1144 2977; x_wconf 88' lang='lat'>4:</span> <span class='ocrx_word' id='word_1_471' title='bbox 1179 2948 1271 2979; x_wconf 86' lang='lat'>1519,</span> <span class='ocrx_word' id='word_1_472' title='bbox 1301 2949 1335 2979; x_wconf 92' lang='lat' dir='ltr'>p.</span> <span class='ocrx_word' id='word_1_473' title='bbox 1366 2940 1443 2979; x_wconf 82' lang='lat'>64);</span> <span class='ocrx_word' id='word_1_474' title='bbox 1470 2939 1544 2970; x_wconf 80' lang='lat' dir='ltr'>also</span> <span class='ocrx_word' id='word_1_475' title='bbox 1565 2939 1604 2968; x_wconf 90' lang='lat' dir='ltr'>in</span> <span class='ocrx_word' id='word_1_476' title='bbox 1629 2936 1690 2967; x_wconf 81' lang='lat' dir='ltr'>the</span> 
     </span>
     <span class='ocr_line' id='line_1_51' title="bbox 89 2983 1688 3024; baseline -0.004 -8"><span class='ocrx_word' id='word_1_477' title='bbox 89 2987 168 3017; x_wconf 79' lang='lat' dir='ltr'>Phil.</span> <span class='ocrx_word' id='word_1_478' title='bbox 188 2993 286 3024; x_wconf 73' lang='lat' dir='ltr'><strong>479A.</strong></span> <span class='ocrx_word' id='word_1_479' title='bbox 927 2985 1034 3019; x_wconf 70' lang='lat' dir='ltr'>Capita</span> <span class='ocrx_word' id='word_1_480' title='bbox 1068 2985 1332 3021; x_wconf 67' lang='lat' dir='ltr'>Aryumencorum</span> <span class='ocrx_word' id='word_1_481' title='bbox 1363 2983 1480 3014; x_wconf 84' lang='lat' dir='ltr'>added</span> <span class='ocrx_word' id='word_1_482' title='bbox 1518 2983 1555 3012; x_wconf 88' lang='lat' dir='ltr'>in</span> <span class='ocrx_word' id='word_1_483' title='bbox 1596 2989 1688 3019; x_wconf 70' lang='lat'>1519,</span> 
     </span>
    </p>

    <p class='ocr_par' dir='ltr' id='par_1_12' title="bbox 134 3026 1181 3068">
     <span class='ocr_line' id='line_1_52' title="bbox 134 3026 1181 3068; baseline -0.001 -10"><span class='ocrx_word' id='word_1_484' title='bbox 134 3038 207 3068; x_wconf 85' lang='lat'><strong>²15·</strong></span> <span class='ocrx_word' id='word_1_485' title='bbox 234 3026 441 3068; x_wconf 78' lang='lat' dir='ltr'>Hesiodi-ae]</span> <span class='ocrx_word' id='word_1_486' title='bbox 469 3029 520 3064; x_wconf 80' lang='lat' dir='ltr'>Op.</span> <span class='ocrx_word' id='word_1_487' title='bbox 542 3026 681 3066; x_wconf 85' lang='lat'>289—91.</span> <span class='ocrx_word' id='word_1_488' title='bbox 927 3036 958 3065; x_wconf 82' lang='lat' dir='ltr'>p.</span> <span class='ocrx_word' id='word_1_489' title='bbox 979 3026 1031 3065; x_wconf 80' lang='lat'>69,</span> <span class='ocrx_word' id='word_1_490' title='bbox 1052 3028 1087 3064; x_wconf 63' lang='lat'>§5</span> <span class='ocrx_word' id='word_1_491' title='bbox 1104 3036 1130 3065; x_wconf 88' lang='lat'>1,</span> <span class='ocrx_word' id='word_1_492' title='bbox 1151 3036 1181 3057; x_wconf 87' lang='lat'>2.</span> 
     </span>
    </p>
   </div>
   <div class='ocr_carea' id='block_1_8' title="bbox 155 3095 898 3126">
    <p class='ocr_par' dir='ltr' id='par_1_13' title="bbox 155 3095 898 3126">
     <span class='ocr_line' id='line_1_53' title="bbox 155 3095 898 3126; baseline -0.003 -10"><span class='ocrx_word' id='word_1_493' title='bbox 155 3095 228 3116; x_wconf 61' lang='lat'>452⁴</span> <span class='ocrx_word' id='word_1_494' title='bbox 875 3100 898 3126; x_wconf 72' lang='lat' dir='ltr'>L</span> 
     </span>
    </p>
   </div>
  </div>
 </body>
</html>
