<?xml version="1.0" encoding="UTF-8"?>
<!DOCTYPE html PUBLIC "-//W3C//DTD XHTML 1.0 Transitional//EN"
    "http://www.w3.org/TR/xhtml1/DTD/xhtml1-transitional.dtd">
<html xmlns="http://www.w3.org/1999/xhtml" xml:lang="en" lang="en">
 <head>
  <title>
</title>
<meta http-equiv="Content-Type" content="text/html;charset=utf-8" />
  <meta name='ocr-system' content='tesseract 3.04.00' />
  <meta name='ocr-capabilities' content='ocr_page ocr_carea ocr_par ocr_line ocrx_word'/>
</head>
<body>
  <div class='ocr_page' id='page_1' title='image "./opusepistolarumd04erasuoft_0250.png"; bbox 0 0 1990 3353; ppageno 0'>
   <div class='ocr_carea' id='block_1_1' title="bbox 276 143 1936 522">
    <p class='ocr_par' dir='ltr' id='par_1_1' title="bbox 334 143 1936 415">
     <span class='ocr_line' id='line_1_1' title="bbox 334 143 1936 201; baseline 0.003 -19"><span class='ocrx_word' id='word_1_1' title='bbox 334 143 417 183; x_wconf 84' lang='lat'>206</span> <span class='ocrx_word' id='word_1_2' title='bbox 802 146 1053 186; x_wconf 83' lang='lat' dir='ltr'><strong>LETTERS</strong></span> <span class='ocrx_word' id='word_1_3' title='bbox 1093 147 1162 186; x_wconf 81' lang='lat' dir='ltr'>OF</span> <span class='ocrx_word' id='word_1_4' title='bbox 1202 148 1466 187; x_wconf 84' lang='lat' dir='ltr'>ERASMUS</span> <span class='ocrx_word' id='word_1_5' title='bbox 1811 147 1936 201; x_wconf 87' lang='lat'>[1520</span> 
     </span>
     <span class='ocr_line' id='line_1_2' title="bbox 335 254 1932 309; baseline 0.003 -16"><span class='ocrx_word' id='word_1_6' title='bbox 335 254 624 304; x_wconf 74' lang='lat' dir='ltr'><strong>gratissimam.</strong></span> <span class='ocrx_word' id='word_1_7' title='bbox 684 255 843 294; x_wconf 87' lang='lat' dir='ltr'>Fauent</span> <span class='ocrx_word' id='word_1_8' title='bbox 887 256 964 294; x_wconf 89' lang='lat' dir='ltr'>tibi</span> <span class='ocrx_word' id='word_1_9' title='bbox 1010 256 1056 295; x_wconf 93' lang='lat' dir='ltr'>in</span> <span class='ocrx_word' id='word_1_10' title='bbox 1099 257 1215 296; x_wconf 89' lang='lat' dir='ltr'>illius</span> <span class='ocrx_word' id='word_1_11' title='bbox 1257 258 1350 297; x_wconf 91' lang='lat' dir='ltr'>aula</span> <span class='ocrx_word' id='word_1_12' title='bbox 1393 258 1595 308; x_wconf 87' lang='lat' dir='ltr'>primarii,</span> <span class='ocrx_word' id='word_1_13' title='bbox 1637 258 1725 308; x_wconf 91' lang='lat' dir='ltr'>ipse</span> <span class='ocrx_word' id='word_1_14' title='bbox 1770 272 1932 309; x_wconf 91' lang='lat' dir='ltr'>quoque</span> 
     </span>
     <span class='ocr_line' id='line_1_3' title="bbox 335 309 1933 359; baseline 0.004 -13"><span class='ocrx_word' id='word_1_15' title='bbox 335 309 536 359; x_wconf 84' lang='lat' dir='ltr'>Princeps</span> <span class='ocrx_word' id='word_1_16' title='bbox 565 310 615 348; x_wconf 90' lang='lat' dir='ltr'>de</span> <span class='ocrx_word' id='word_1_17' title='bbox 644 311 683 348; x_wconf 91' lang='lat' dir='ltr'>te</span> <span class='ocrx_word' id='word_1_18' title='bbox 712 309 1131 350; x_wconf 86' lang='lat' dir='ltr'>honorificentissime</span> <span class='ocrx_word' id='word_1_19' title='bbox 1164 312 1301 359; x_wconf 89' lang='lat' dir='ltr'>sentit,</span> <span class='ocrx_word' id='word_1_20' title='bbox 1334 325 1380 350; x_wconf 89' lang='lat' dir='ltr'>ac</span> <span class='ocrx_word' id='word_1_21' title='bbox 1414 312 1559 351; x_wconf 91' lang='lat' dir='ltr'>itidem</span> <span class='ocrx_word' id='word_1_22' title='bbox 1595 312 1785 351; x_wconf 88' lang='lat' dir='ltr'>factitant</span> <span class='ocrx_word' id='word_1_23' title='bbox 1818 313 1933 352; x_wconf 91' lang='lat' dir='ltr'>illius</span> 
     </span>
     <span class='ocr_line' id='line_1_4' title="bbox 334 364 1930 415; baseline 0.003 -14"><span class='ocrx_word' id='word_1_24' title='bbox 334 364 523 412; x_wconf 84' lang='lat' dir='ltr'>germani</span> <span class='ocrx_word' id='word_1_25' title='bbox 555 364 713 403; x_wconf 82' lang='lat' dir='ltr'>fratres.</span> <span class='ocrx_word' id='word_1_26' title='bbox 772 364 963 403; x_wconf 87' lang='lat' dir='ltr'>Breuiter</span> <span class='ocrx_word' id='word_1_27' title='bbox 994 365 1190 405; x_wconf 74' lang='lat' dir='ltr'>nobilitas</span> <span class='ocrx_word' id='word_1_28' title='bbox 1225 366 1474 405; x_wconf 81' lang='lat' dir='ltr'>Germaniae</span> <span class='ocrx_word' id='word_1_29' title='bbox 1508 368 1559 405; x_wconf 87' lang='lat' dir='ltr'>ad</span> <span class='ocrx_word' id='word_1_30' title='bbox 1594 370 1778 405; x_wconf 80' lang='lat' dir='ltr'>mentem</span> <span class='ocrx_word' id='word_1_31' title='bbox 1812 367 1930 415; x_wconf 86' lang='lat' dir='ltr'>redit,</span> 
     </span>
    </p>

    <p class='ocr_par' dir='ltr' id='par_1_2' title="bbox 276 417 1932 522">
     <span class='ocr_line' id='line_1_5' title="bbox 276 417 1932 469; baseline 0.004 -15"><span class='ocrx_word' id='word_1_32' title='bbox 276 427 316 460; x_wconf 80' lang='lat'>70</span> <span class='ocrx_word' id='word_1_33' title='bbox 333 417 483 467; x_wconf 89' lang='lat' dir='ltr'>incipit</span> <span class='ocrx_word' id='word_1_34' title='bbox 504 431 616 457; x_wconf 91' lang='lat' dir='ltr'>nunc</span> <span class='ocrx_word' id='word_1_35' title='bbox 637 418 772 457; x_wconf 87' lang='lat' dir='ltr'>odisse</span> <span class='ocrx_word' id='word_1_36' title='bbox 790 418 1032 466; x_wconf 81' lang='lat' dir='ltr'>barbariem,</span> <span class='ocrx_word' id='word_1_37' title='bbox 1054 420 1249 469; x_wconf 77' lang='lat' dir='ltr'>amplecti</span> <span class='ocrx_word' id='word_1_38' title='bbox 1269 421 1500 459; x_wconf 87' lang='lat' dir='ltr'>candorem.</span> <span class='ocrx_word' id='word_1_39' title='bbox 1555 421 1670 459; x_wconf 91' lang='lat' dir='ltr'>Meus</span> <span class='ocrx_word' id='word_1_40' title='bbox 1689 421 1816 460; x_wconf 85' lang='lat' dir='ltr'>frater</span> <span class='ocrx_word' id='word_1_41' title='bbox 1835 435 1932 461; x_wconf 91' lang='lat' dir='ltr'>cum</span> 
     </span>
     <span class='ocr_line' id='line_1_6' title="bbox 333 472 1606 522; baseline 0.002 -13"><span class='ocrx_word' id='word_1_42' title='bbox 333 473 420 510; x_wconf 87' lang='lat' dir='ltr'>tota</span> <span class='ocrx_word' id='word_1_43' title='bbox 439 472 598 511; x_wconf 84' lang='lat' dir='ltr'>familia</span> <span class='ocrx_word' id='word_1_44' title='bbox 615 475 657 511; x_wconf 92' lang='lat' dir='ltr'>et</span> <span class='ocrx_word' id='word_1_45' title='bbox 676 473 919 522; x_wconf 73' lang='lat' dir='ltr'>cognatione</span> <span class='ocrx_word' id='word_1_46' title='bbox 939 475 980 511; x_wconf 89' lang='lat' dir='ltr'>te</span> <span class='ocrx_word' id='word_1_47' title='bbox 1003 473 1238 514; x_wconf 85' lang='lat' dir='ltr'>obseruant.</span> <span class='ocrx_word' id='word_1_48' title='bbox 1297 474 1398 513; x_wconf 89' lang='lat' dir='ltr'>Vale</span> <span class='ocrx_word' id='word_1_49' title='bbox 1418 475 1606 513; x_wconf 81' lang='lat' dir='ltr'>feliciter.</span> 
     </span>
    </p>
   </div>
   <div class='ocr_carea' id='block_1_2' title="bbox 387 525 1294 568">
    <p class='ocr_par' dir='ltr' id='par_1_3' title="bbox 387 525 1294 568">
     <span class='ocr_line' id='line_1_7' title="bbox 387 525 1294 568; baseline 0.003 -4"><span class='ocrx_word' id='word_1_50' title='bbox 387 525 592 566; x_wconf 87' lang='lat' dir='ltr'>Coloniae.</span> <span class='ocrx_word' id='word_1_51' title='bbox 615 527 716 566; x_wconf 82' lang='lat' dir='ltr'>xiiii.</span> <span class='ocrx_word' id='word_1_52' title='bbox 741 527 892 566; x_wconf 88' lang='lat' dir='ltr'>Martii.</span> <span class='ocrx_word' id='word_1_53' title='bbox 951 528 1088 566; x_wconf 90' lang='lat' dir='ltr'>Anno.</span> <span class='ocrx_word' id='word_1_54' title='bbox 1112 528 1294 568; x_wconf 85' lang='lat' dir='ltr'>M.D.xx.</span> 
     </span>
    </p>
   </div>
   <div class='ocr_carea' id='block_1_3' title="bbox 768 715 1492 758">
    <p class='ocr_par' dir='ltr' id='par_1_4' title="bbox 768 715 1492 758">
     <span class='ocr_line' id='line_1_8' title="bbox 768 715 1492 758; baseline 0.006 -4"><span class='ocrx_word' id='word_1_55' title='bbox 768 716 886 757; x_wconf 84' lang='lat'>1079.</span> <span class='ocrx_word' id='word_1_56' title='bbox 949 716 1013 757; x_wconf 90' lang='lat' dir='ltr'>To</span> <span class='ocrx_word' id='word_1_57' title='bbox 1044 715 1309 757; x_wconf 77' lang='lat' dir='ltr'><strong>SYLVESTER</strong></span> <span class='ocrx_word' id='word_1_58' title='bbox 1341 715 1492 758; x_wconf 82' lang='lat' dir='ltr'>G1GL1.</span> 
     </span>
    </p>
   </div>
   <div class='ocr_carea' id='block_1_4' title="bbox 1570 840 1883 943">
    <p class='ocr_par' dir='ltr' id='par_1_5' title="bbox 1570 840 1883 943">
     <span class='ocr_line' id='line_1_9' title="bbox 1622 840 1812 884; baseline 0.011 -10"><span class='ocrx_word' id='word_1_59' title='bbox 1622 840 1812 884; x_wconf 87' lang='lat' dir='ltr'>Antwerp.</span> 
     </span>
     <span class='ocr_line' id='line_1_10' title="bbox 1570 897 1883 943; baseline 0 -10"><span class='ocrx_word' id='word_1_60' title='bbox 1570 908 1607 942; x_wconf 83' lang='lat'>15</span> <span class='ocrx_word' id='word_1_61' title='bbox 1628 897 1760 933; x_wconf 84' lang='lat' dir='ltr'>March</span> <span class='ocrx_word' id='word_1_62' title='bbox 1781 908 1883 943; x_wconf 80' lang='lat'>1520.</span> 
     </span>
    </p>
   </div>
   <div class='ocr_carea' id='block_1_5' title="bbox 375 837 975 943">
    <p class='ocr_par' dir='ltr' id='par_1_6' title="bbox 375 837 975 943">
     <span class='ocr_line' id='line_1_11' title="bbox 376 837 975 884; baseline 0 -11"><span class='ocrx_word' id='word_1_63' title='bbox 376 837 572 883; x_wconf 83' lang='lat' dir='ltr'>Epistolae</span> <span class='ocrx_word' id='word_1_64' title='bbox 589 838 636 873; x_wconf 82' lang='lat' dir='ltr'>ad</span> <span class='ocrx_word' id='word_1_65' title='bbox 654 838 821 874; x_wconf 86' lang='lat' dir='ltr'>diuersos</span> <span class='ocrx_word' id='word_1_66' title='bbox 839 851 874 884; x_wconf 90' lang='lat' dir='ltr'>p.</span> <span class='ocrx_word' id='word_1_67' title='bbox 895 850 975 884; x_wconf 81' lang='lat'>500.</span> 
     </span>
     <span class='ocr_line' id='line_1_12' title="bbox 375 896 969 943; baseline 0 -11"><span class='ocrx_word' id='word_1_68' title='bbox 375 896 464 932; x_wconf 88' lang='lat' dir='ltr'>HN:</span> <span class='ocrx_word' id='word_1_69' title='bbox 494 896 606 932; x_wconf 90' lang='lat' dir='ltr'>Lond.</span> <span class='ocrx_word' id='word_1_70' title='bbox 625 896 688 932; x_wconf 87' lang='lat' dir='ltr'>xii.</span> <span class='ocrx_word' id='word_1_71' title='bbox 707 908 775 943; x_wconf 85' lang='lat'>34:</span> <span class='ocrx_word' id='word_1_72' title='bbox 802 897 875 934; x_wconf 88' lang='lat' dir='ltr'>LB.</span> <span class='ocrx_word' id='word_1_73' title='bbox 890 907 969 942; x_wconf 81' lang='lat'>499.</span> 
     </span>
    </p>
   </div>
   <div class='ocr_carea' id='block_1_6' title="bbox 329 1004 1931 1090">
    <p class='ocr_par' dir='ltr' id='par_1_7' title="bbox 329 1004 1931 1090">
     <span class='ocr_line' id='line_1_13' title="bbox 373 1004 1931 1048; baseline -0.001 -11"><span class='ocrx_word' id='word_1_74' title='bbox 373 1007 671 1048; x_wconf 85' lang='lat' dir='ltr'>[Contemporary</span> <span class='ocrx_word' id='word_1_75' title='bbox 686 1007 776 1037; x_wconf 85' lang='lat' dir='ltr'>with</span> <span class='ocrx_word' id='word_1_76' title='bbox 794 1006 856 1045; x_wconf 87' lang='lat' dir='ltr'>Ep.</span> <span class='ocrx_word' id='word_1_77' title='bbox 881 1006 965 1036; x_wconf 90' lang='lat'><em>1080</em></span> <span class='ocrx_word' id='word_1_78' title='bbox 982 1006 1127 1036; x_wconf 76' lang='lat' dir='ltr'>because</span> <span class='ocrx_word' id='word_1_79' title='bbox 1144 1006 1181 1037; x_wconf 78' lang='lat' dir='ltr'>of</span> <span class='ocrx_word' id='word_1_80' title='bbox 1200 1006 1262 1036; x_wconf 81' lang='lat' dir='ltr'>the</span> <span class='ocrx_word' id='word_1_81' title='bbox 1283 1004 1465 1045; x_wconf 87' lang='lat' dir='ltr'>diploma;</span> <span class='ocrx_word' id='word_1_82' title='bbox 1491 1006 1579 1036; x_wconf 89' lang='lat' dir='ltr'>with</span> <span class='ocrx_word' id='word_1_83' title='bbox 1599 1006 1663 1047; x_wconf 91' lang='lat' dir='ltr'>Ep.</span> <span class='ocrx_word' id='word_1_84' title='bbox 1684 1007 1761 1037; x_wconf 90' lang='lat'>1081</span> <span class='ocrx_word' id='word_1_85' title='bbox 1781 1006 1931 1037; x_wconf 82' lang='lat' dir='ltr'>because</span> 
     </span>
     <span class='ocr_line' id='line_1_14' title="bbox 329 1048 1131 1090; baseline -0.001 -9"><span class='ocrx_word' id='word_1_86' title='bbox 329 1051 366 1081; x_wconf 90' lang='lat' dir='ltr'>of</span> <span class='ocrx_word' id='word_1_87' title='bbox 379 1050 537 1082; x_wconf 78' lang='lat' dir='ltr'>Charles&#39;</span> <span class='ocrx_word' id='word_1_88' title='bbox 555 1050 724 1090; x_wconf 78' lang='lat' dir='ltr'>expected</span> <span class='ocrx_word' id='word_1_89' title='bbox 741 1052 865 1081; x_wconf 86' lang='lat' dir='ltr'>return</span> <span class='ocrx_word' id='word_1_90' title='bbox 884 1049 974 1080; x_wconf 83' lang='lat' dir='ltr'>from</span> <span class='ocrx_word' id='word_1_91' title='bbox 993 1048 1131 1090; x_wconf 76' lang='lat' dir='ltr'>Spain.]</span> 
     </span>
    </p>
   </div>
   <div class='ocr_carea' id='block_1_7' title="bbox 516 1171 1756 1281">
    <p class='ocr_par' dir='ltr' id='par_1_8' title="bbox 516 1171 1756 1281">
     <span class='ocr_line' id='line_1_15' title="bbox 516 1171 1756 1212; baseline 0.002 -12"><span class='ocrx_word' id='word_1_92' title='bbox 516 1171 723 1202; x_wconf 69' lang='lat' dir='ltr'><strong>ERASMVS</strong></span> <span class='ocrx_word' id='word_1_93' title='bbox 753 1171 1092 1202; x_wconf 75' lang='lat' dir='ltr'>ROTERODAMVS</span> <span class='ocrx_word' id='word_1_94' title='bbox 1124 1172 1164 1203; x_wconf 83' lang='lat' dir='ltr'>R.</span> <span class='ocrx_word' id='word_1_95' title='bbox 1188 1172 1226 1200; x_wconf 86' lang='lat' dir='ltr'>P.</span> <span class='ocrx_word' id='word_1_96' title='bbox 1250 1171 1511 1212; x_wconf 59' lang='lat' dir='ltr'>SILvi-TSTRO,</span> <span class='ocrx_word' id='word_1_97' title='bbox 1543 1171 1756 1202; x_wconf 83' lang='lat' dir='ltr'>EPISCOPO</span> 
     </span>
     <span class='ocr_line' id='line_1_16' title="bbox 878 1240 1385 1281; baseline 0.004 -12"><span class='ocrx_word' id='word_1_98' title='bbox 878 1240 1254 1281; x_wconf 62' lang='lat' dir='ltr'>VYINGORNIENSL</span> <span class='ocrx_word' id='word_1_99' title='bbox 1286 1240 1320 1271; x_wconf 81' lang='lat' dir='ltr'>S.</span> <span class='ocrx_word' id='word_1_100' title='bbox 1344 1241 1385 1271; x_wconf 89' lang='lat' dir='ltr'>D.</span> 
     </span>
    </p>
   </div>
   <div class='ocr_carea' id='block_1_8' title="bbox 290 1340 1928 2098">
    <p class='ocr_par' dir='ltr' id='par_1_9' title="bbox 290 1340 1928 2098">
     <span class='ocr_line' id='line_1_17' title="bbox 383 1340 1928 1391; baseline 0 -11"><span class='ocrx_word' id='word_1_101' title='bbox 383 1342 753 1381; x_wconf 66' lang='lat' dir='ltr'>anmmmssmss</span> <span class='ocrx_word' id='word_1_102' title='bbox 791 1341 975 1389; x_wconf 86' lang='lat' dir='ltr'>Praesul,</span> <span class='ocrx_word' id='word_1_103' title='bbox 1018 1340 1282 1391; x_wconf 75' lang='lat' dir='ltr'>expectabam</span> <span class='ocrx_word' id='word_1_104' title='bbox 1321 1344 1366 1379; x_wconf 84' lang='lat' dir='ltr'>vt</span> <span class='ocrx_word' id='word_1_105' title='bbox 1403 1341 1448 1379; x_wconf 89' lang='lat' dir='ltr'>T.</span> <span class='ocrx_word' id='word_1_106' title='bbox 1483 1341 1532 1380; x_wconf 89' lang='lat' dir='ltr'>R.</span> <span class='ocrx_word' id='word_1_107' title='bbox 1570 1341 1617 1381; x_wconf 92' lang='lat' dir='ltr'>D.</span> <span class='ocrx_word' id='word_1_108' title='bbox 1660 1354 1728 1379; x_wconf 87' lang='lat' dir='ltr'>me</span> <span class='ocrx_word' id='word_1_109' title='bbox 1764 1344 1928 1380; x_wconf 83' lang='lat' dir='ltr'>vocaret</span> 
     </span>
     <span class='ocr_line' id='line_1_18' title="bbox 327 1395 1927 1447; baseline -0.001 -11"><span class='ocrx_word' id='word_1_110' title='bbox 327 1397 674 1447; x_wconf 89' lang='lat' dir='ltr'>ingratissimum,</span> <span class='ocrx_word' id='word_1_111' title='bbox 691 1396 801 1446; x_wconf 88' lang='lat' dir='ltr'>quod</span> <span class='ocrx_word' id='word_1_112' title='bbox 818 1409 891 1445; x_wconf 88' lang='lat' dir='ltr'>pro</span> <span class='ocrx_word' id='word_1_113' title='bbox 906 1395 1113 1434; x_wconf 87' lang='lat' dir='ltr'>veteribus</span> <span class='ocrx_word' id='word_1_114' title='bbox 1127 1395 1212 1433; x_wconf 91' lang='lat' dir='ltr'>tuis</span> <span class='ocrx_word' id='word_1_115' title='bbox 1226 1395 1271 1433; x_wconf 87' lang='lat' dir='ltr'>in</span> <span class='ocrx_word' id='word_1_116' title='bbox 1287 1408 1355 1433; x_wconf 90' lang='lat' dir='ltr'>me</span> <span class='ocrx_word' id='word_1_117' title='bbox 1376 1395 1519 1434; x_wconf 90' lang='lat' dir='ltr'>officiis</span> <span class='ocrx_word' id='word_1_118' title='bbox 1534 1395 1695 1434; x_wconf 86' lang='lat' dir='ltr'>nullam</span> <span class='ocrx_word' id='word_1_119' title='bbox 1711 1395 1927 1434; x_wconf 87' lang='lat' dir='ltr'>retulerim</span> 
     </span>
     <span class='ocr_line' id='line_1_19' title="bbox 327 1449 1925 1502; baseline -0.001 -13"><span class='ocrx_word' id='word_1_120' title='bbox 327 1452 516 1502; x_wconf 85' lang='lat' dir='ltr'>gratiam.</span> <span class='ocrx_word' id='word_1_121' title='bbox 574 1451 707 1499; x_wconf 84' lang='lat' dir='ltr'>Nunc,</span> <span class='ocrx_word' id='word_1_122' title='bbox 742 1465 765 1489; x_wconf 93' lang='lat' dir='ltr'>o</span> <span class='ocrx_word' id='word_1_123' title='bbox 793 1450 1025 1489; x_wconf 88' lang='lat' dir='ltr'>inauditam</span> <span class='ocrx_word' id='word_1_124' title='bbox 1054 1449 1375 1493; x_wconf 82' lang='lat' dir='ltr'>humanitatem,</span> <span class='ocrx_word' id='word_1_125' title='bbox 1399 1450 1527 1488; x_wconf 88' lang='lat' dir='ltr'>etiam</span> <span class='ocrx_word' id='word_1_126' title='bbox 1556 1449 1743 1499; x_wconf 76' lang='lat' dir='ltr'>pristinis</span> <span class='ocrx_word' id='word_1_127' title='bbox 1769 1450 1854 1488; x_wconf 91' lang='lat' dir='ltr'>tuis</span> <span class='ocrx_word' id='word_1_128' title='bbox 1881 1450 1925 1488; x_wconf 90' lang='lat' dir='ltr'>in</span> 
     </span>
     <span class='ocr_line' id='line_1_20' title="bbox 328 1503 1926 1544; baseline -0.001 0"><span class='ocrx_word' id='word_1_129' title='bbox 328 1519 396 1544; x_wconf 88' lang='lat' dir='ltr'>me</span> <span class='ocrx_word' id='word_1_130' title='bbox 421 1505 583 1544; x_wconf 89' lang='lat' dir='ltr'>meritis</span> <span class='ocrx_word' id='word_1_131' title='bbox 608 1519 707 1544; x_wconf 89' lang='lat' dir='ltr'>sane</span> <span class='ocrx_word' id='word_1_132' title='bbox 735 1504 1080 1543; x_wconf 81' lang='lat' dir='ltr'>cumulatissimis</span> <span class='ocrx_word' id='word_1_133' title='bbox 1106 1517 1237 1542; x_wconf 91' lang='lat' dir='ltr'>nouos</span> <span class='ocrx_word' id='word_1_134' title='bbox 1265 1503 1410 1542; x_wconf 88' lang='lat' dir='ltr'>adiicis</span> <span class='ocrx_word' id='word_1_135' title='bbox 1438 1504 1637 1543; x_wconf 87' lang='lat' dir='ltr'>cumulos.</span> <span class='ocrx_word' id='word_1_136' title='bbox 1697 1503 1926 1542; x_wconf 85' lang='lat' dir='ltr'>Redditum</span> 
     </span>
     <span class='ocr_line' id='line_1_21' title="bbox 290 1558 1926 1609; baseline -0.001 -11"><span class='ocrx_word' id='word_1_137' title='bbox 290 1577 307 1608; x_wconf 86' lang='lat'>5</span> <span class='ocrx_word' id='word_1_138' title='bbox 328 1563 390 1599; x_wconf 92' lang='lat' dir='ltr'>est</span> <span class='ocrx_word' id='word_1_139' title='bbox 426 1560 533 1599; x_wconf 90' lang='lat' dir='ltr'>mihi</span> <span class='ocrx_word' id='word_1_140' title='bbox 570 1559 781 1609; x_wconf 86' lang='lat' dir='ltr'>exemplar</span> <span class='ocrx_word' id='word_1_141' title='bbox 819 1558 1070 1608; x_wconf 85' lang='lat' dir='ltr'>diplomatis.</span> <span class='ocrx_word' id='word_1_142' title='bbox 1140 1558 1387 1607; x_wconf 85' lang='lat' dir='ltr'>Magnopere</span> <span class='ocrx_word' id='word_1_143' title='bbox 1426 1558 1592 1608; x_wconf 85' lang='lat' dir='ltr'>placuit.</span> <span class='ocrx_word' id='word_1_144' title='bbox 1665 1558 1782 1596; x_wconf 88' lang='lat' dir='ltr'>Nihil</span> <span class='ocrx_word' id='word_1_145' title='bbox 1822 1559 1926 1608; x_wconf 89' lang='lat' dir='ltr'>fingi</span> 
     </span>
     <span class='ocr_line' id='line_1_22' title="bbox 327 1612 1926 1664; baseline -0.001 -11"><span class='ocrx_word' id='word_1_146' title='bbox 327 1615 464 1664; x_wconf 88' lang='lat' dir='ltr'>potuit</span> <span class='ocrx_word' id='word_1_147' title='bbox 483 1614 694 1653; x_wconf 87' lang='lat' dir='ltr'>amantius</span> <span class='ocrx_word' id='word_1_148' title='bbox 718 1615 790 1652; x_wconf 89' lang='lat' dir='ltr'>aut</span> <span class='ocrx_word' id='word_1_149' title='bbox 810 1613 942 1663; x_wconf 87' lang='lat' dir='ltr'>magis</span> <span class='ocrx_word' id='word_1_150' title='bbox 968 1626 1018 1651; x_wconf 86' lang='lat' dir='ltr'>ex</span> <span class='ocrx_word' id='word_1_151' title='bbox 1044 1612 1173 1651; x_wconf 87' lang='lat' dir='ltr'>animi</span> <span class='ocrx_word' id='word_1_152' title='bbox 1199 1612 1282 1650; x_wconf 89' lang='lat' dir='ltr'>mei</span> <span class='ocrx_word' id='word_1_153' title='bbox 1309 1613 1528 1651; x_wconf 86' lang='lat' dir='ltr'>sententia.</span> <span class='ocrx_word' id='word_1_154' title='bbox 1589 1612 1668 1651; x_wconf 84' lang='lat' dir='ltr'>Sed</span> <span class='ocrx_word' id='word_1_155' title='bbox 1699 1612 1774 1651; x_wconf 87' lang='lat' dir='ltr'>hac</span> <span class='ocrx_word' id='word_1_156' title='bbox 1805 1613 1853 1651; x_wconf 89' lang='lat' dir='ltr'>de</span> <span class='ocrx_word' id='word_1_157' title='bbox 1883 1626 1926 1651; x_wconf 88' lang='lat' dir='ltr'>re</span> 
     </span>
     <span class='ocr_line' id='line_1_23' title="bbox 326 1666 1925 1719; baseline -0.001 -12"><span class='ocrx_word' id='word_1_158' title='bbox 326 1682 379 1707; x_wconf 88' lang='lat' dir='ltr'>ne</span> <span class='ocrx_word' id='word_1_159' title='bbox 405 1668 504 1719; x_wconf 89' lang='lat' dir='ltr'>quid</span> <span class='ocrx_word' id='word_1_160' title='bbox 531 1668 581 1707; x_wconf 88' lang='lat' dir='ltr'>ad</span> <span class='ocrx_word' id='word_1_161' title='bbox 608 1682 675 1706; x_wconf 91' lang='lat' dir='ltr'>me</span> <span class='ocrx_word' id='word_1_162' title='bbox 702 1668 894 1706; x_wconf 88' lang='lat' dir='ltr'>mittatur</span> <span class='ocrx_word' id='word_1_163' title='bbox 921 1667 1113 1716; x_wconf 84' lang='lat' dir='ltr'>amplius,</span> <span class='ocrx_word' id='word_1_164' title='bbox 1144 1667 1274 1705; x_wconf 88' lang='lat' dir='ltr'>donec</span> <span class='ocrx_word' id='word_1_165' title='bbox 1301 1667 1499 1716; x_wconf 81' lang='lat' dir='ltr'>scripsero</span> <span class='ocrx_word' id='word_1_166' title='bbox 1529 1680 1609 1716; x_wconf 87' lang='lat' dir='ltr'>quo</span> <span class='ocrx_word' id='word_1_167' title='bbox 1629 1666 1757 1705; x_wconf 86' lang='lat' dir='ltr'>velim</span> <span class='ocrx_word' id='word_1_168' title='bbox 1784 1667 1925 1706; x_wconf 78' lang='lat' dir='ltr'>mitti:</span> 
     </span>
     <span class='ocr_line' id='line_1_24' title="bbox 326 1721 1922 1773; baseline -0.001 -12"><span class='ocrx_word' id='word_1_169' title='bbox 326 1736 422 1761; x_wconf 89' lang='lat' dir='ltr'>nam</span> <span class='ocrx_word' id='word_1_170' title='bbox 443 1736 560 1773; x_wconf 90' lang='lat' dir='ltr'>spero</span> <span class='ocrx_word' id='word_1_171' title='bbox 580 1724 770 1762; x_wconf 83' lang='lat' dir='ltr'>futurum</span> <span class='ocrx_word' id='word_1_172' title='bbox 790 1724 835 1760; x_wconf 88' lang='lat' dir='ltr'>vt</span> <span class='ocrx_word' id='word_1_173' title='bbox 854 1723 941 1770; x_wconf 89' lang='lat' dir='ltr'>ipse</span> <span class='ocrx_word' id='word_1_174' title='bbox 962 1722 1119 1760; x_wconf 89' lang='lat' dir='ltr'>Romae</span> <span class='ocrx_word' id='word_1_175' title='bbox 1138 1734 1272 1759; x_wconf 84' lang='lat' dir='ltr'>sacras</span> <span class='ocrx_word' id='word_1_176' title='bbox 1292 1721 1391 1759; x_wconf 84' lang='lat' dir='ltr'>istas</span> <span class='ocrx_word' id='word_1_177' title='bbox 1411 1734 1561 1759; x_wconf 88' lang='lat' dir='ltr'>manus</span> <span class='ocrx_word' id='word_1_178' title='bbox 1586 1724 1679 1760; x_wconf 86' lang='lat' dir='ltr'>tuas</span> <span class='ocrx_word' id='word_1_179' title='bbox 1699 1721 1922 1767; x_wconf 85' lang='lat' dir='ltr'>deosculer,</span> 
     </span>
     <span class='ocr_line' id='line_1_25' title="bbox 325 1775 1922 1827; baseline -0.001 -11"><span class='ocrx_word' id='word_1_180' title='bbox 325 1777 450 1827; x_wconf 82' lang='lat' dir='ltr'>idque</span> <span class='ocrx_word' id='word_1_181' title='bbox 478 1777 606 1825; x_wconf 85' lang='lat' dir='ltr'>breui,</span> <span class='ocrx_word' id='word_1_182' title='bbox 638 1777 721 1815; x_wconf 90' lang='lat' dir='ltr'>nisi</span> <span class='ocrx_word' id='word_1_183' title='bbox 751 1776 886 1814; x_wconf 85' lang='lat' dir='ltr'>Caroli</span> <span class='ocrx_word' id='word_1_184' title='bbox 915 1776 1049 1814; x_wconf 81' lang='lat' dir='ltr'>nostri</span> <span class='ocrx_word' id='word_1_185' title='bbox 1075 1775 1234 1814; x_wconf 90' lang='lat' dir='ltr'>reditus</span> <span class='ocrx_word' id='word_1_186' title='bbox 1263 1775 1420 1813; x_wconf 88' lang='lat' dir='ltr'>adferat</span> <span class='ocrx_word' id='word_1_187' title='bbox 1451 1775 1569 1814; x_wconf 85' lang='lat' dir='ltr'>nobis</span> <span class='ocrx_word' id='word_1_188' title='bbox 1599 1788 1709 1814; x_wconf 86' lang='lat' dir='ltr'>noua</span> <span class='ocrx_word' id='word_1_189' title='bbox 1737 1775 1922 1814; x_wconf 88' lang='lat' dir='ltr'>consilia.</span> 
     </span>
     <span class='ocr_line' id='line_1_26' title="bbox 326 1829 1925 1880; baseline -0.002 -9"><span class='ocrx_word' id='word_1_190' title='bbox 326 1831 383 1870; x_wconf 89' lang='lat' dir='ltr'>Et</span> <span class='ocrx_word' id='word_1_191' title='bbox 409 1832 493 1871; x_wconf 88' lang='lat' dir='ltr'>scio</span> <span class='ocrx_word' id='word_1_192' title='bbox 520 1834 562 1870; x_wconf 92' lang='lat' dir='ltr'>et</span> <span class='ocrx_word' id='word_1_193' title='bbox 587 1831 761 1870; x_wconf 90' lang='lat' dir='ltr'>memini</span> <span class='ocrx_word' id='word_1_194' title='bbox 788 1830 888 1880; x_wconf 90' lang='lat' dir='ltr'>quid</span> <span class='ocrx_word' id='word_1_195' title='bbox 915 1829 1086 1868; x_wconf 88' lang='lat' dir='ltr'>debeam</span> <span class='ocrx_word' id='word_1_196' title='bbox 1114 1829 1353 1868; x_wconf 89' lang='lat' dir='ltr'>celsitudini</span> <span class='ocrx_word' id='word_1_197' title='bbox 1378 1831 1482 1868; x_wconf 88' lang='lat' dir='ltr'>tuae.</span> <span class='ocrx_word' id='word_1_198' title='bbox 1543 1829 1624 1868; x_wconf 85' lang='lat' dir='ltr'>Sed</span> <span class='ocrx_word' id='word_1_199' title='bbox 1651 1829 1687 1868; x_wconf 92' lang='lat' dir='ltr'>si</span> <span class='ocrx_word' id='word_1_200' title='bbox 1713 1843 1761 1868; x_wconf 88' lang='lat' dir='ltr'>ea</span> <span class='ocrx_word' id='word_1_201' title='bbox 1786 1832 1925 1868; x_wconf 87' lang='lat' dir='ltr'>nosset</span> 
     </span>
     <span class='ocr_line' id='line_1_27' title="bbox 327 1884 1922 1936; baseline -0.003 -11"><span class='ocrx_word' id='word_1_202' title='bbox 327 1886 477 1935; x_wconf 90' lang='lat' dir='ltr'>quibus</span> <span class='ocrx_word' id='word_1_203' title='bbox 496 1899 637 1924; x_wconf 91' lang='lat' dir='ltr'>rerum</span> <span class='ocrx_word' id='word_1_204' title='bbox 657 1884 848 1936; x_wconf 89' lang='lat' dir='ltr'>procellis</span> <span class='ocrx_word' id='word_1_205' title='bbox 867 1884 1029 1932; x_wconf 86' lang='lat' dir='ltr'>obruar,</span> <span class='ocrx_word' id='word_1_206' title='bbox 1052 1898 1138 1923; x_wconf 88' lang='lat' dir='ltr'>non</span> <span class='ocrx_word' id='word_1_207' title='bbox 1157 1884 1293 1922; x_wconf 87' lang='lat' dir='ltr'>solum</span> <span class='ocrx_word' id='word_1_208' title='bbox 1317 1884 1432 1922; x_wconf 88' lang='lat' dir='ltr'>daret</span> <span class='ocrx_word' id='word_1_209' title='bbox 1457 1884 1624 1923; x_wconf 87' lang='lat' dir='ltr'>veniam</span> <span class='ocrx_word' id='word_1_210' title='bbox 1650 1884 1922 1923; x_wconf 88' lang='lat' dir='ltr'>verumetiam</span> 
     </span>
     <span class='ocr_line' id='line_1_28' title="bbox 325 1937 1925 1983; baseline -0.002 -4"><span class='ocrx_word' id='word_1_211' title='bbox 325 1941 589 1979; x_wconf 86' lang='lat' dir='ltr'>misereretur</span> <span class='ocrx_word' id='word_1_212' title='bbox 631 1939 774 1978; x_wconf 89' lang='lat' dir='ltr'>nostri.</span> <span class='ocrx_word' id='word_1_213' title='bbox 834 1938 879 1977; x_wconf 84' lang='lat' dir='ltr'>Si</span> <span class='ocrx_word' id='word_1_214' title='bbox 916 1938 1058 1977; x_wconf 79' lang='lat' dir='ltr'>vixero</span> <span class='ocrx_word' id='word_1_215' title='bbox 1096 1938 1231 1978; x_wconf 88' lang='lat' dir='ltr'>adhuc</span> <span class='ocrx_word' id='word_1_216' title='bbox 1274 1951 1444 1983; x_wconf 88' lang='lat' dir='ltr'>annum,</span> <span class='ocrx_word' id='word_1_217' title='bbox 1488 1938 1669 1977; x_wconf 77' lang='lat' dir='ltr'>testabor</span> <span class='ocrx_word' id='word_1_218' title='bbox 1713 1951 1779 1976; x_wconf 85' lang='lat' dir='ltr'>me</span> <span class='ocrx_word' id='word_1_219' title='bbox 1823 1937 1925 1977; x_wconf 89' lang='lat' dir='ltr'>scire</span> 
     </span>
     <span class='ocr_line' id='line_1_29' title="bbox 325 1992 1920 2045; baseline -0.001 -12"><span class='ocrx_word' id='word_1_220' title='bbox 325 1997 580 2045; x_wconf 85' lang='lat' dir='ltr'>quantopere</span> <span class='ocrx_word' id='word_1_221' title='bbox 600 1994 677 2033; x_wconf 84' lang='lat' dir='ltr'>tibi</span> <span class='ocrx_word' id='word_1_222' title='bbox 697 1995 777 2032; x_wconf 90' lang='lat' dir='ltr'>sim</span> <span class='ocrx_word' id='word_1_223' title='bbox 798 1993 1030 2032; x_wconf 88' lang='lat' dir='ltr'>deuinctus.</span> <span class='ocrx_word' id='word_1_224' title='bbox 1071 1993 1185 2031; x_wconf 87' lang='lat' dir='ltr'>Bene</span> <span class='ocrx_word' id='word_1_225' title='bbox 1205 1992 1339 2031; x_wconf 87' lang='lat' dir='ltr'>valeat</span> <span class='ocrx_word' id='word_1_226' title='bbox 1368 1992 1416 2031; x_wconf 87' lang='lat' dir='ltr'>R.</span> <span class='ocrx_word' id='word_1_227' title='bbox 1435 1993 1480 2031; x_wconf 87' lang='grc' dir='ltr'>Τ.</span> <span class='ocrx_word' id='word_1_228' title='bbox 1498 1992 1545 2030; x_wconf 81' lang='lat' dir='ltr'>D.</span> <span class='ocrx_word' id='word_1_229' title='bbox 1568 2007 1577 2040; x_wconf 78' lang='lat'><em>3</em></span> <span class='ocrx_word' id='word_1_230' title='bbox 1607 1992 1673 2030; x_wconf 90' lang='lat' dir='ltr'>cui</span> <span class='ocrx_word' id='word_1_231' title='bbox 1688 2005 1756 2030; x_wconf 88' lang='lat' dir='ltr'>me</span> <span class='ocrx_word' id='word_1_232' title='bbox 1770 1994 1920 2036; x_wconf 79' lang='lat' dir='ltr'>totum.</span> 
     </span>
     <span class='ocr_line' id='line_1_30' title="bbox 323 2046 1790 2098; baseline -0.002 -10"><span class='ocrx_word' id='word_1_233' title='bbox 323 2052 370 2088; x_wconf 89' lang='lat' dir='ltr'>vt</span> <span class='ocrx_word' id='word_1_234' title='bbox 391 2049 528 2097; x_wconf 82' lang='lat' dir='ltr'>debeo,</span> <span class='ocrx_word' id='word_1_235' title='bbox 551 2049 610 2088; x_wconf 90' lang='lat' dir='ltr'>ita</span> <span class='ocrx_word' id='word_1_236' title='bbox 630 2049 732 2087; x_wconf 87' lang='lat' dir='ltr'>dedo</span> <span class='ocrx_word' id='word_1_237' title='bbox 753 2048 935 2098; x_wconf 89' lang='lat' dir='ltr'>dicoque.</span> <span class='ocrx_word' id='word_1_238' title='bbox 995 2047 1277 2097; x_wconf 87' lang='lat' dir='ltr'>Antuuerpiae</span> <span class='ocrx_word' id='word_1_239' title='bbox 1297 2047 1358 2085; x_wconf 88' lang='lat' dir='ltr'>Id.</span> <span class='ocrx_word' id='word_1_240' title='bbox 1384 2046 1503 2085; x_wconf 81' lang='lat' dir='ltr'>Mart.</span> <span class='ocrx_word' id='word_1_241' title='bbox 1527 2048 1608 2085; x_wconf 90' lang='lat' dir='ltr'>An.</span> <span class='ocrx_word' id='word_1_242' title='bbox 1631 2060 1790 2085; x_wconf 80' lang='lat' dir='ltr'>M.1›.xx.</span> 
     </span>
    </p>
   </div>
   <div class='ocr_carea' id='block_1_9' title="bbox 268 1847 307 1870">
    <p class='ocr_par' dir='ltr' id='par_1_10' title="bbox 268 1847 307 1870">
     <span class='ocr_line' id='line_1_31' title="bbox 268 1847 307 1870; baseline 0.026 -1"><span class='ocrx_word' id='word_1_243' title='bbox 268 1847 307 1870; x_wconf 91' lang='lat'>10</span> 
     </span>
    </p>
   </div>
   <div class='ocr_carea' id='block_1_10' title="bbox 1188 2179 1922 2263">
    <p class='ocr_par' dir='ltr' id='par_1_11' title="bbox 1188 2179 1922 2263">
     <span class='ocr_line' id='line_1_32' title="bbox 1232 2179 1922 2211; baseline 0 -1"><span class='ocrx_word' id='word_1_244' title='bbox 1232 2189 1479 2211; x_wconf 71' lang='lat' dir='ltr'>vvmoamENSI</span> <span class='ocrx_word' id='word_1_245' title='bbox 1494 2179 1573 2210; x_wconf 54' lang='lat' dir='ltr'>Hm</span> <span class='ocrx_word' id='word_1_246' title='bbox 1589 2192 1594 2210; x_wconf 82' lang='lat'>2</span> <span class='ocrx_word' id='word_1_247' title='bbox 1618 2188 1852 2211; x_wconf 68' lang='lat' dir='ltr'>vvmomumffl</span> <span class='ocrx_word' id='word_1_248' title='bbox 1866 2179 1922 2210; x_wconf 71' lang='lat' dir='ltr'>Nl.</span> 
     </span>
     <span class='ocr_line' id='line_1_33' title="bbox 1188 2223 1840 2263; baseline 0 -9"><span class='ocrx_word' id='word_1_249' title='bbox 1188 2234 1237 2263; x_wconf 88' lang='lat'>13.</span> <span class='ocrx_word' id='word_1_250' title='bbox 1264 2225 1302 2256; x_wconf 92' lang='lat' dir='ltr'>R.</span> <span class='ocrx_word' id='word_1_251' title='bbox 1318 2224 1353 2254; x_wconf 90' lang='lat' dir='ltr'>T.</span> <span class='ocrx_word' id='word_1_252' title='bbox 1367 2225 1407 2254; x_wconf 92' lang='lat' dir='ltr'>D.</span> <span class='ocrx_word' id='word_1_253' title='bbox 1427 2226 1477 2253; x_wconf 88' lang='lat' dir='ltr'>F:</span> <span class='ocrx_word' id='word_1_254' title='bbox 1501 2225 1563 2253; x_wconf 86' lang='lat' dir='ltr'>tua</span> <span class='ocrx_word' id='word_1_255' title='bbox 1581 2223 1784 2254; x_wconf 83' lang='lat' dir='ltr'>sublimitas</span> <span class='ocrx_word' id='word_1_256' title='bbox 1799 2225 1840 2254; x_wconf 89' lang='lat' dir='ltr'>H.</span> 
     </span>
    </p>
   </div>
   <div class='ocr_carea' id='block_1_11' title="bbox 797 2184 1132 2256">
    <p class='ocr_par' dir='ltr' id='par_1_12' title="bbox 797 2184 1132 2256">
     <span class='ocr_line' id='line_1_34' title="bbox 885 2184 1132 2213; baseline 0.004 -1"><span class='ocrx_word' id='word_1_257' title='bbox 885 2191 1075 2213; x_wconf 64' lang='lat' dir='ltr'>srLVESTRo</span> <span class='ocrx_word' id='word_1_258' title='bbox 1090 2184 1132 2213; x_wconf 88' lang='lat' dir='ltr'>H.</span> 
     </span>
     <span class='ocr_line' id='line_1_35' title="bbox 797 2227 994 2256; baseline 0.01 -2"><span class='ocrx_word' id='word_1_259' title='bbox 797 2235 938 2256; x_wconf 84' lang='lat' dir='ltr'>vocares</span> <span class='ocrx_word' id='word_1_260' title='bbox 952 2227 994 2256; x_wconf 87' lang='lat' dir='ltr'>H.</span> 
     </span>
    </p>
   </div>
   <div class='ocr_carea' id='block_1_12' title="bbox 326 2183 780 2258">
    <p class='ocr_par' dir='ltr' id='par_1_13' title="bbox 326 2183 780 2258">
     <span class='ocr_line' id='line_1_36' title="bbox 369 2183 780 2213; baseline -0.002 0"><span class='ocrx_word' id='word_1_261' title='bbox 369 2183 464 2213; x_wconf 78' lang='lat'>1079.</span> <span class='ocrx_word' id='word_1_262' title='bbox 489 2192 552 2213; x_wconf 76' lang='lat' dir='ltr'>⁷r1&#39;r.</span> <span class='ocrx_word' id='word_1_263' title='bbox 568 2191 600 2213; x_wconf 85' lang='lat' dir='ltr'>R.</span> <span class='ocrx_word' id='word_1_264' title='bbox 613 2192 644 2213; x_wconf 87' lang='lat' dir='ltr'>P.</span> <span class='ocrx_word' id='word_1_265' title='bbox 663 2192 722 2212; x_wconf 84' lang='lat' dir='ltr'>om.</span> <span class='ocrx_word' id='word_1_266' title='bbox 738 2184 780 2212; x_wconf 90' lang='lat' dir='ltr'>H.</span> 
     </span>
     <span class='ocr_line' id='line_1_37' title="bbox 326 2226 663 2258; baseline 0 -1"><span class='ocrx_word' id='word_1_267' title='bbox 326 2237 352 2257; x_wconf 91' lang='lat'>1.</span> <span class='ocrx_word' id='word_1_268' title='bbox 376 2228 413 2257; x_wconf 88' lang='lat' dir='ltr'>T.</span> <span class='ocrx_word' id='word_1_269' title='bbox 427 2226 466 2258; x_wconf 88' lang='lat' dir='ltr'>R.</span> <span class='ocrx_word' id='word_1_270' title='bbox 483 2226 525 2257; x_wconf 90' lang='lat' dir='ltr'>D.</span> <span class='ocrx_word' id='word_1_271' title='bbox 544 2237 601 2257; x_wconf 84' lang='lat' dir='ltr'>om.</span> <span class='ocrx_word' id='word_1_272' title='bbox 620 2229 663 2257; x_wconf 87' lang='lat' dir='ltr'>H.</span> 
     </span>
    </p>
   </div>
   <div class='ocr_carea' id='block_1_13' title="bbox 319 2336 1092 2989">
    <p class='ocr_par' dir='ltr' id='par_1_14' title="bbox 356 2336 1090 2377">
     <span class='ocr_line' id='line_1_38' title="bbox 356 2336 1090 2377; baseline -0.004 -9"><span class='ocrx_word' id='word_1_273' title='bbox 356 2338 449 2368; x_wconf 79' lang='lat'>1078.</span> <span class='ocrx_word' id='word_1_274' title='bbox 462 2339 514 2377; x_wconf 87' lang='lat'>69.</span> <span class='ocrx_word' id='word_1_275' title='bbox 529 2336 758 2377; x_wconf 69' lang='lat' dir='ltr'>Germaniae]</span> <span class='ocrx_word' id='word_1_276' title='bbox 773 2337 823 2367; x_wconf 79' lang='lat' dir='ltr'>Cf.</span> <span class='ocrx_word' id='word_1_277' title='bbox 837 2336 898 2375; x_wconf 87' lang='lat' dir='ltr'>Ep.</span> <span class='ocrx_word' id='word_1_278' title='bbox 912 2336 1090 2375; x_wconf 58' lang='lat'>998.62&gt;5.</span> 
     </span>
    </p>

    <p class='ocr_par' dir='ltr' id='par_1_15' title="bbox 320 2379 1092 2552">
     <span class='ocr_line' id='line_1_39' title="bbox 364 2379 1088 2421; baseline -0.004 -10"><span class='ocrx_word' id='word_1_279' title='bbox 364 2392 415 2420; x_wconf 94' lang='lat'>70.</span> <span class='ocrx_word' id='word_1_280' title='bbox 441 2381 566 2421; x_wconf 77' lang='lat' dir='ltr'>frater]</span> <span class='ocrx_word' id='word_1_281' title='bbox 592 2382 770 2419; x_wconf 83' lang='lat' dir='ltr'>Gumpert</span> <span class='ocrx_word' id='word_1_282' title='bbox 786 2390 823 2410; x_wconf 90' lang='lat' dir='ltr'>1v</span> <span class='ocrx_word' id='word_1_283' title='bbox 838 2380 876 2410; x_wconf 84' lang='lat' dir='ltr'>of</span> <span class='ocrx_word' id='word_1_284' title='bbox 887 2379 1088 2417; x_wconf 86' lang='lat' dir='ltr'>Neuenahr,</span> 
     </span>
     <span class='ocr_line' id='line_1_40' title="bbox 322 2423 1092 2464; baseline -0.005 -8"><span class='ocrx_word' id='word_1_285' title='bbox 322 2426 481 2464; x_wconf 82' lang='lat'>1500-46,</span> <span class='ocrx_word' id='word_1_286' title='bbox 497 2425 579 2455; x_wconf 89' lang='lat' dir='ltr'>who</span> <span class='ocrx_word' id='word_1_287' title='bbox 593 2424 748 2455; x_wconf 82' lang='lat' dir='ltr'>married</span> <span class='ocrx_word' id='word_1_288' title='bbox 765 2425 939 2461; x_wconf 81' lang='lat' dir='ltr'>Amoena,</span> <span class='ocrx_word' id='word_1_289' title='bbox 954 2423 1092 2453; x_wconf 86' lang='lat' dir='ltr'>heiress</span> 
     </span>
     <span class='ocr_line' id='line_1_41' title="bbox 321 2466 1088 2507; baseline -0.004 -8"><span class='ocrx_word' id='word_1_290' title='bbox 321 2470 359 2499; x_wconf 85' lang='lat' dir='ltr'>of</span> <span class='ocrx_word' id='word_1_291' title='bbox 393 2468 734 2507; x_wconf 79' lang='lat' dir='ltr'>Hohen-Liinburg:</span> <span class='ocrx_word' id='word_1_292' title='bbox 771 2478 828 2498; x_wconf 83' lang='lat' dir='ltr'>see</span> <span class='ocrx_word' id='word_1_293' title='bbox 863 2466 1006 2497; x_wconf 76' lang='lat' dir='ltr'>Stokvis</span> <span class='ocrx_word' id='word_1_294' title='bbox 1037 2466 1088 2504; x_wconf 75' lang='lat' dir='ltr'>iii,</span> 
     </span>
     <span class='ocr_line' id='line_1_42' title="bbox 320 2521 521 2552; baseline 0 -1"><span class='ocrx_word' id='word_1_295' title='bbox 320 2522 378 2552; x_wconf 87' lang='lat' dir='ltr'>PP·</span> <span class='ocrx_word' id='word_1_296' title='bbox 396 2521 450 2550; x_wconf 65' lang='lat'>50³</span> <span class='ocrx_word' id='word_1_297' title='bbox 468 2522 521 2551; x_wconf 87' lang='lat'>92·</span> 
     </span>
    </p>

    <p class='ocr_par' dir='ltr' id='par_1_16' title="bbox 319 2553 1088 2856">
     <span class='ocr_line' id='line_1_43' title="bbox 365 2553 1088 2594; baseline -0.004 -8"><span class='ocrx_word' id='word_1_298' title='bbox 365 2556 459 2586; x_wconf 81' lang='lat'>1079.</span> <span class='ocrx_word' id='word_1_299' title='bbox 476 2564 507 2593; x_wconf 85' lang='lat'>5.</span> <span class='ocrx_word' id='word_1_300' title='bbox 533 2553 755 2594; x_wconf 87' lang='lat' dir='ltr'>diplomatis]</span> <span class='ocrx_word' id='word_1_301' title='bbox 780 2553 958 2593; x_wconf 82' lang='lat' dir='ltr'>Probably</span> <span class='ocrx_word' id='word_1_302' title='bbox 973 2564 993 2584; x_wconf 85' lang='lat' dir='ltr'>a</span> <span class='ocrx_word' id='word_1_303' title='bbox 1011 2564 1088 2593; x_wconf 86' lang='lat' dir='ltr'>per-</span> 
     </span>
     <span class='ocr_line' id='line_1_44' title="bbox 322 2598 1086 2636; baseline -0.004 -6"><span class='ocrx_word' id='word_1_304' title='bbox 322 2599 471 2630; x_wconf 74' lang='lat' dir='ltr'>mission</span> <span class='ocrx_word' id='word_1_305' title='bbox 496 2601 532 2629; x_wconf 88' lang='lat' dir='ltr'>to</span> <span class='ocrx_word' id='word_1_306' title='bbox 555 2600 612 2629; x_wconf 83' lang='lat' dir='ltr'>eat</span> <span class='ocrx_word' id='word_1_307' title='bbox 636 2600 730 2629; x_wconf 85' lang='lat' dir='ltr'>meat</span> <span class='ocrx_word' id='word_1_308' title='bbox 753 2598 792 2628; x_wconf 89' lang='lat' dir='ltr'>in</span> <span class='ocrx_word' id='word_1_309' title='bbox 818 2599 921 2636; x_wconf 88' lang='lat' dir='ltr'>Lent,</span> <span class='ocrx_word' id='word_1_310' title='bbox 945 2599 1025 2628; x_wconf 87' lang='lat' dir='ltr'>sent</span> <span class='ocrx_word' id='word_1_311' title='bbox 1048 2598 1086 2627; x_wconf 88' lang='lat' dir='ltr'>in</span> 
     </span>
     <span class='ocr_line' id='line_1_45' title="bbox 321 2641 1085 2681; baseline 0 -10"><span class='ocrx_word' id='word_1_312' title='bbox 321 2642 428 2680; x_wconf 82' lang='lat' dir='ltr'>drast,</span> <span class='ocrx_word' id='word_1_313' title='bbox 454 2643 516 2673; x_wconf 75' lang='lat' dir='ltr'>the</span> <span class='ocrx_word' id='word_1_314' title='bbox 538 2642 690 2681; x_wconf 75' lang='lat' dir='ltr'>original</span> <span class='ocrx_word' id='word_1_315' title='bbox 715 2643 751 2672; x_wconf 87' lang='lat' dir='ltr'>to</span> <span class='ocrx_word' id='word_1_316' title='bbox 774 2642 916 2678; x_wconf 84' lang='lat' dir='ltr'>follow;</span> <span class='ocrx_word' id='word_1_317' title='bbox 948 2642 989 2671; x_wconf 84' lang='lat' dir='ltr'>cf.</span> <span class='ocrx_word' id='word_1_318' title='bbox 1021 2641 1085 2680; x_wconf 91' lang='lat' dir='ltr'>Ep.</span> 
     </span>
     <span class='ocr_line' id='line_1_46' title="bbox 323 2685 1084 2725; baseline 0 -10"><span class='ocrx_word' id='word_1_319' title='bbox 323 2686 415 2717; x_wconf 88' lang='lat'>1080.</span> <span class='ocrx_word' id='word_1_320' title='bbox 428 2696 502 2725; x_wconf 75' lang='lat'>2-4‚</span> <span class='ocrx_word' id='word_1_321' title='bbox 514 2686 586 2716; x_wconf 84' lang='lat' dir='ltr'>and</span> <span class='ocrx_word' id='word_1_322' title='bbox 601 2686 778 2716; x_wconf 76' lang='lat' dir='ltr'>Erasmus&#39;</span> <span class='ocrx_word' id='word_1_323' title='bbox 788 2686 895 2716; x_wconf 84' lang='lat' dir='ltr'>letter</span> <span class='ocrx_word' id='word_1_324' title='bbox 905 2686 940 2715; x_wconf 85' lang='lat' dir='ltr'>to</span> <span class='ocrx_word' id='word_1_325' title='bbox 953 2685 1084 2720; x_wconf 75' lang='lat' dir='ltr'>Zasius.</span> 
     </span>
     <span class='ocr_line' id='line_1_47' title="bbox 321 2728 1086 2771; baseline -0.001 -12"><span class='ocrx_word' id='word_1_326' title='bbox 321 2729 383 2771; x_wconf 86' lang='lat'>(23</span> <span class='ocrx_word' id='word_1_327' title='bbox 408 2728 550 2771; x_wconf 82' lang='lat' dir='ltr'>March)</span> <span class='ocrx_word' id='word_1_328' title='bbox 578 2739 659 2768; x_wconf 86' lang='lat'>1523</span> <span class='ocrx_word' id='word_1_329' title='bbox 685 2730 764 2767; x_wconf 51' lang='grc' dir='ltr'>(ΖΕ.</span> <span class='ocrx_word' id='word_1_330' title='bbox 793 2740 849 2768; x_wconf 87' lang='lat' dir='ltr'>pp.</span> <span class='ocrx_word' id='word_1_331' title='bbox 876 2728 1003 2768; x_wconf 82' lang='lat'>301‚2).</span> <span class='ocrx_word' id='word_1_332' title='bbox 1051 2728 1086 2758; x_wconf 86' lang='lat' dir='ltr'>It</span> 
     </span>
     <span class='ocr_line' id='line_1_48' title="bbox 319 2773 1085 2812; baseline -0.001 -10"><span class='ocrx_word' id='word_1_333' title='bbox 319 2783 393 2803; x_wconf 80' lang='lat' dir='ltr'>was</span> <span class='ocrx_word' id='word_1_334' title='bbox 414 2773 576 2805; x_wconf 87' lang='lat' dir='ltr'>renewed</span> <span class='ocrx_word' id='word_1_335' title='bbox 601 2773 640 2803; x_wconf 91' lang='lat' dir='ltr'>in</span> <span class='ocrx_word' id='word_1_336' title='bbox 669 2782 751 2812; x_wconf 83' lang='lat'>1525</span> <span class='ocrx_word' id='word_1_337' title='bbox 777 2773 821 2812; x_wconf 70' lang='lat' dir='ltr'>by</span> <span class='ocrx_word' id='word_1_338' title='bbox 843 2773 1009 2804; x_wconf 87' lang='lat' dir='ltr'>Clement</span> <span class='ocrx_word' id='word_1_339' title='bbox 1032 2780 1085 2802; x_wconf 81' lang='lat' dir='ltr'>vn</span> 
     </span>
     <span class='ocr_line' id='line_1_49' title="bbox 322 2816 625 2856; baseline 0 -9"><span class='ocrx_word' id='word_1_340' title='bbox 322 2817 490 2856; x_wconf 81' lang='lat' dir='ltr'>(Vischcr</span> <span class='ocrx_word' id='word_1_341' title='bbox 505 2826 538 2856; x_wconf 91' lang='lat' dir='ltr'>p.</span> <span class='ocrx_word' id='word_1_342' title='bbox 558 2816 625 2856; x_wconf 86' lang='lat'>32).</span> 
     </span>
    </p>

    <p class='ocr_par' dir='ltr' id='par_1_17' title="bbox 319 2859 1085 2989">
     <span class='ocr_line' id='line_1_50' title="bbox 363 2859 1085 2900; baseline -0.001 -10"><span class='ocrx_word' id='word_1_343' title='bbox 363 2861 394 2892; x_wconf 87' lang='lat'>8.</span> <span class='ocrx_word' id='word_1_344' title='bbox 422 2859 569 2900; x_wconf 84' lang='lat' dir='ltr'>Romae]</span> <span class='ocrx_word' id='word_1_345' title='bbox 602 2860 675 2890; x_wconf 73' lang='lat' dir='ltr'>&#39;l&#39;he</span> <span class='ocrx_word' id='word_1_346' title='bbox 715 2870 811 2890; x_wconf 81' lang='lat' dir='ltr'>same</span> <span class='ocrx_word' id='word_1_347' title='bbox 842 2860 935 2899; x_wconf 86' lang='lat' dir='ltr'>hope</span> <span class='ocrx_word' id='word_1_348' title='bbox 968 2859 996 2890; x_wconf 87' lang='lat' dir='ltr'>is</span> <span class='ocrx_word' id='word_1_349' title='bbox 1027 2868 1085 2889; x_wconf 83' lang='lat' dir='ltr'>ex·</span> 
     </span>
     <span class='ocr_line' id='line_1_51' title="bbox 319 2901 1084 2943; baseline -0.001 -10"><span class='ocrx_word' id='word_1_350' title='bbox 319 2905 460 2942; x_wconf 85' lang='lat' dir='ltr'>pressed</span> <span class='ocrx_word' id='word_1_351' title='bbox 477 2904 515 2934; x_wconf 92' lang='lat' dir='ltr'>in</span> <span class='ocrx_word' id='word_1_352' title='bbox 533 2903 619 2943; x_wconf 90' lang='lat' dir='ltr'>Epp.</span> <span class='ocrx_word' id='word_1_353' title='bbox 644 2904 771 2941; x_wconf 90' lang='lat'>1080‚1.</span> <span class='ocrx_word' id='word_1_354' title='bbox 824 2903 891 2934; x_wconf 91' lang='lat' dir='ltr'>For</span> <span class='ocrx_word' id='word_1_355' title='bbox 909 2901 1084 2933; x_wconf 81' lang='lat' dir='ltr'>Erasmus’</span> 
     </span>
     <span class='ocr_line' id='line_1_52' title="bbox 321 2947 1080 2989; baseline 0.001 -13"><span class='ocrx_word' id='word_1_356' title='bbox 321 2948 494 2989; x_wconf 85' lang='lat' dir='ltr'>thoughts</span> <span class='ocrx_word' id='word_1_357' title='bbox 511 2947 548 2978; x_wconf 87' lang='lat' dir='ltr'>of</span> <span class='ocrx_word' id='word_1_358' title='bbox 571 2947 714 2986; x_wconf 84' lang='lat' dir='ltr'>leaving</span> <span class='ocrx_word' id='word_1_359' title='bbox 731 2947 888 2978; x_wconf 81' lang='lat' dir='ltr'>Louvain</span> <span class='ocrx_word' id='word_1_360' title='bbox 915 2958 970 2976; x_wconf 54' lang='lat' dir='ltr'>sve.</span> <span class='ocrx_word' id='word_1_361' title='bbox 996 2947 1080 2985; x_wconf 84' lang='lat' dir='ltr'>Epp.</span> 
     </span>
    </p>
   </div>
   <div class='ocr_carea' id='block_1_14' title="bbox 1154 2334 1923 2809">
    <p class='ocr_par' dir='ltr' id='par_1_18' title="bbox 1163 2334 1537 2374">
     <span class='ocr_line' id='line_1_53' title="bbox 1163 2334 1537 2374; baseline -0.005 -9"><span class='ocrx_word' id='word_1_362' title='bbox 1163 2345 1254 2374; x_wconf 84' lang='lat'>1073.</span> <span class='ocrx_word' id='word_1_363' title='bbox 1272 2336 1324 2374; x_wconf 83' lang='lat'>58,</span> <span class='ocrx_word' id='word_1_364' title='bbox 1348 2334 1438 2372; x_wconf 90' lang='lat'>1078.</span> <span class='ocrx_word' id='word_1_365' title='bbox 1458 2335 1537 2372; x_wconf 75' lang='lat'>6311.</span> 
     </span>
    </p>

    <p class='ocr_par' dir='ltr' id='par_1_19' title="bbox 1154 2377 1923 2809">
     <span class='ocr_line' id='line_1_54' title="bbox 1201 2377 1923 2418; baseline 0 -9"><span class='ocrx_word' id='word_1_366' title='bbox 1201 2389 1231 2417; x_wconf 91' lang='lat'>9.</span> <span class='ocrx_word' id='word_1_367' title='bbox 1256 2377 1407 2418; x_wconf 82' lang='lat' dir='ltr'>reditus]</span> <span class='ocrx_word' id='word_1_368' title='bbox 1433 2377 1591 2409; x_wconf 80' lang='lat' dir='ltr'>Cliarles’</span> <span class='ocrx_word' id='word_1_369' title='bbox 1608 2379 1733 2408; x_wconf 83' lang='lat' dir='ltr'>return</span> <span class='ocrx_word' id='word_1_370' title='bbox 1752 2378 1823 2408; x_wconf 84' lang='lat' dir='ltr'>had</span> <span class='ocrx_word' id='word_1_371' title='bbox 1840 2378 1923 2418; x_wconf 74' lang='lat' dir='ltr'>long</span> 
     </span>
     <span class='ocr_line' id='line_1_55' title="bbox 1158 2421 1921 2462; baseline 0.003 -12"><span class='ocrx_word' id='word_1_372' title='bbox 1158 2422 1247 2453; x_wconf 87' lang='lat' dir='ltr'>been</span> <span class='ocrx_word' id='word_1_373' title='bbox 1261 2421 1429 2462; x_wconf 79' lang='lat' dir='ltr'>expected</span> <span class='ocrx_word' id='word_1_374' title='bbox 1446 2421 1503 2460; x_wconf 73' lang='lat' dir='ltr'>(cf.</span> <span class='ocrx_word' id='word_1_375' title='bbox 1521 2422 1583 2460; x_wconf 88' lang='lat' dir='ltr'>Ep.</span> <span class='ocrx_word' id='word_1_376' title='bbox 1603 2430 1696 2459; x_wconf 87' lang='lat'>1030.</span> <span class='ocrx_word' id='word_1_377' title='bbox 1711 2421 1812 2460; x_wconf 55' lang='lat'><strong>66—7)</strong></span> <span class='ocrx_word' id='word_1_378' title='bbox 1833 2431 1840 2459; x_wconf 88' lang='lat'>;</span> <span class='ocrx_word' id='word_1_379' title='bbox 1856 2422 1921 2452; x_wconf 91' lang='lat' dir='ltr'>but</span> 
     </span>
     <span class='ocr_line' id='line_1_56' title="bbox 1157 2465 1921 2505; baseline 0 -9"><span class='ocrx_word' id='word_1_380' title='bbox 1157 2465 1294 2505; x_wconf 81' lang='lat' dir='ltr'>though</span> <span class='ocrx_word' id='word_1_381' title='bbox 1312 2466 1357 2495; x_wconf 91' lang='lat' dir='ltr'>he</span> <span class='ocrx_word' id='word_1_382' title='bbox 1376 2465 1526 2495; x_wconf 78' lang='lat' dir='ltr'>reached</span> <span class='ocrx_word' id='word_1_383' title='bbox 1548 2465 1714 2503; x_wconf 80' lang='lat' dir='ltr'>Santiago</span> <span class='ocrx_word' id='word_1_384' title='bbox 1737 2465 1775 2495; x_wconf 86' lang='lat' dir='ltr'>in</span> <span class='ocrx_word' id='word_1_385' title='bbox 1801 2465 1921 2496; x_wconf 83' lang='lat' dir='ltr'>March</span> 
     </span>
     <span class='ocr_line' id='line_1_57' title="bbox 1156 2508 1919 2548; baseline 0 -10"><span class='ocrx_word' id='word_1_386' title='bbox 1156 2509 1229 2539; x_wconf 82' lang='lat' dir='ltr'>and</span> <span class='ocrx_word' id='word_1_387' title='bbox 1254 2509 1419 2539; x_wconf 77' lang='lat' dir='ltr'>Corunna</span> <span class='ocrx_word' id='word_1_388' title='bbox 1444 2509 1561 2538; x_wconf 84' lang='lat' dir='ltr'>before</span> <span class='ocrx_word' id='word_1_389' title='bbox 1585 2509 1647 2538; x_wconf 89' lang='lat' dir='ltr'>the</span> <span class='ocrx_word' id='word_1_390' title='bbox 1671 2508 1741 2538; x_wconf 80' lang='lat' dir='ltr'>end</span> <span class='ocrx_word' id='word_1_391' title='bbox 1759 2509 1797 2539; x_wconf 86' lang='lat' dir='ltr'>of</span> <span class='ocrx_word' id='word_1_392' title='bbox 1818 2509 1919 2548; x_wconf 82' lang='lat' dir='ltr'>April</span> 
     </span>
     <span class='ocr_line' id='line_1_58' title="bbox 1157 2551 1921 2592; baseline 0 -9"><span class='ocrx_word' id='word_1_393' title='bbox 1157 2552 1201 2582; x_wconf 90' lang='lat' dir='ltr'>he</span> <span class='ocrx_word' id='word_1_394' title='bbox 1218 2553 1280 2583; x_wconf 90' lang='lat' dir='ltr'>did</span> <span class='ocrx_word' id='word_1_395' title='bbox 1298 2555 1358 2583; x_wconf 78' lang='lat' dir='ltr'>not</span> <span class='ocrx_word' id='word_1_396' title='bbox 1381 2552 1446 2582; x_wconf 80' lang='lat' dir='ltr'>sail</span> <span class='ocrx_word' id='word_1_397' title='bbox 1468 2552 1525 2582; x_wconf 81' lang='lat' dir='ltr'>till</span> <span class='ocrx_word' id='word_1_398' title='bbox 1546 2552 1608 2582; x_wconf 82' lang='lat' dir='ltr'>the</span> <span class='ocrx_word' id='word_1_399' title='bbox 1631 2551 1767 2582; x_wconf 86' lang='lat' dir='ltr'>middle</span> <span class='ocrx_word' id='word_1_400' title='bbox 1784 2552 1822 2582; x_wconf 88' lang='lat' dir='ltr'>of</span> <span class='ocrx_word' id='word_1_401' title='bbox 1841 2552 1921 2592; x_wconf 83' lang='lat' dir='ltr'>May</span> 
     </span>
     <span class='ocr_line' id='line_1_59' title="bbox 1158 2594 1922 2636; baseline 0 -10"><span class='ocrx_word' id='word_1_402' title='bbox 1158 2596 1318 2636; x_wconf 82' lang='lat' dir='ltr'>(Brewer</span> <span class='ocrx_word' id='word_1_403' title='bbox 1334 2596 1384 2627; x_wconf 91' lang='lat' dir='ltr'>iii.</span> <span class='ocrx_word' id='word_1_404' title='bbox 1405 2605 1478 2635; x_wconf 85' lang='lat'>419,</span> <span class='ocrx_word' id='word_1_405' title='bbox 1498 2596 1571 2634; x_wconf 85' lang='lat'>708,</span> <span class='ocrx_word' id='word_1_406' title='bbox 1591 2605 1663 2634; x_wconf 81' lang='lat'>771,</span> <span class='ocrx_word' id='word_1_407' title='bbox 1683 2594 1773 2635; x_wconf 90' lang='lat'>803).</span> <span class='ocrx_word' id='word_1_408' title='bbox 1816 2595 1922 2626; x_wconf 85' lang='lat' dir='ltr'>After</span> 
     </span>
     <span class='ocr_line' id='line_1_60' title="bbox 1154 2639 1917 2679; baseline 0.001 -10"><span class='ocrx_word' id='word_1_409' title='bbox 1154 2640 1305 2678; x_wconf 82' lang='lat' dir='ltr'>visiting</span> <span class='ocrx_word' id='word_1_410' title='bbox 1321 2639 1486 2679; x_wconf 81' lang='lat' dir='ltr'>England</span> <span class='ocrx_word' id='word_1_411' title='bbox 1508 2640 1611 2677; x_wconf 79' lang='lat'>26-31</span> <span class='ocrx_word' id='word_1_412' title='bbox 1638 2639 1721 2678; x_wconf 83' lang='lat' dir='ltr'>May</span> <span class='ocrx_word' id='word_1_413' title='bbox 1737 2639 1839 2678; x_wconf 87' lang='lat' dir='ltr'>(ibid.</span> <span class='ocrx_word' id='word_1_414' title='bbox 1859 2649 1917 2679; x_wconf 86' lang='lat' dir='ltr'>pp.</span> 
     </span>
     <span class='ocr_line' id='line_1_61' title="bbox 1156 2682 1920 2723; baseline -0.001 -10"><span class='ocrx_word' id='word_1_415' title='bbox 1156 2682 1241 2723; x_wconf 74' lang='lat' dir='ltr'>lxvi,</span> <span class='ocrx_word' id='word_1_416' title='bbox 1284 2682 1388 2723; x_wconf 83' lang='lat' dir='ltr'>lxvii)</span> <span class='ocrx_word' id='word_1_417' title='bbox 1425 2683 1469 2713; x_wconf 78' lang='lat' dir='ltr'>he</span> <span class='ocrx_word' id='word_1_418' title='bbox 1505 2682 1636 2713; x_wconf 79' lang='lat' dir='ltr'>lauded</span> <span class='ocrx_word' id='word_1_419' title='bbox 1672 2683 1708 2713; x_wconf 89' lang='lat' dir='ltr'>at</span> <span class='ocrx_word' id='word_1_420' title='bbox 1743 2682 1920 2722; x_wconf 82' lang='lat' dir='ltr'>Flushing</span> 
     </span>
     <span class='ocr_line' id='line_1_62' title="bbox 1159 2725 1915 2768; baseline 0.001 -12"><span class='ocrx_word' id='word_1_421' title='bbox 1159 2736 1170 2756; x_wconf 94' lang='lat'>1</span> <span class='ocrx_word' id='word_1_422' title='bbox 1184 2726 1278 2758; x_wconf 82' lang='lat' dir='ltr'>June</span> <span class='ocrx_word' id='word_1_423' title='bbox 1298 2726 1376 2768; x_wconf 86' lang='lat' dir='ltr'>(Ep.</span> <span class='ocrx_word' id='word_1_424' title='bbox 1401 2736 1437 2765; x_wconf 93' lang='lat'>17</span> <span class='ocrx_word' id='word_1_425' title='bbox 1455 2725 1615 2766; x_wconf 84' lang='lat' dir='ltr'>introd.).</span> <span class='ocrx_word' id='word_1_426' title='bbox 1665 2725 1716 2757; x_wconf 87' lang='lat' dir='ltr'>Cf.</span> <span class='ocrx_word' id='word_1_427' title='bbox 1738 2725 1812 2756; x_wconf 85' lang='lat' dir='ltr'>also</span> <span class='ocrx_word' id='word_1_428' title='bbox 1829 2726 1915 2766; x_wconf 85' lang='lat' dir='ltr'>Epp.</span> 
     </span>
     <span class='ocr_line' id='line_1_63' title="bbox 1158 2770 1511 2809; baseline 0.006 -10"><span class='ocrx_word' id='word_1_429' title='bbox 1158 2770 1249 2801; x_wconf 84' lang='lat'>1081.</span> <span class='ocrx_word' id='word_1_430' title='bbox 1270 2772 1300 2809; x_wconf 86' lang='lat'>6,</span> <span class='ocrx_word' id='word_1_431' title='bbox 1324 2779 1414 2801; x_wconf 89' lang='lat'>1101.</span> <span class='ocrx_word' id='word_1_432' title='bbox 1437 2778 1511 2808; x_wconf 85' lang='lat'>2-3.</span> 
     </span>
    </p>
   </div>
   <div class='ocr_carea' id='block_1_15' title="bbox 1201 2811 1981 2853">
    <p class='ocr_par' dir='ltr' id='par_1_20' title="bbox 1201 2811 1981 2853">
     <span class='ocr_line' id='line_1_64' title="bbox 1201 2811 1981 2853; baseline 0.001 -10"><span class='ocrx_word' id='word_1_433' title='bbox 1201 2823 1247 2844; x_wconf 91' lang='lat'>10.</span> <span class='ocrx_word' id='word_1_434' title='bbox 1275 2814 1364 2852; x_wconf 91' lang='lat' dir='ltr'>quid</span> <span class='ocrx_word' id='word_1_435' title='bbox 1389 2811 1550 2852; x_wconf 80' lang='lat' dir='ltr'>debeam]</span> <span class='ocrx_word' id='word_1_436' title='bbox 1576 2813 1640 2843; x_wconf 90' lang='lat' dir='ltr'>See</span> <span class='ocrx_word' id='word_1_437' title='bbox 1664 2813 1750 2853; x_wconf 87' lang='lat' dir='ltr'>Epp.</span> <span class='ocrx_word' id='word_1_438' title='bbox 1777 2822 1839 2852; x_wconf 85' lang='lat'>447</span> <span class='ocrx_word' id='word_1_439' title='bbox 1865 2813 1918 2844; x_wconf 88' lang='lat' dir='ltr'>in·</span> <span class='ocrx_word' id='word_1_440' title='bbox 1980 2824 1981 2827; x_wconf 52' lang='lat'>¹</span> 
     </span>
    </p>
   </div>
   <div class='ocr_carea' id='block_1_16' title="bbox 1153 2856 1922 2984">
    <p class='ocr_par' dir='ltr' id='par_1_21' title="bbox 1153 2856 1922 2984">
     <span class='ocr_line' id='line_1_65' title="bbox 1154 2856 1862 2896; baseline -0.003 -8"><span class='ocrx_word' id='word_1_441' title='bbox 1154 2857 1257 2889; x_wconf 83' lang='lat' dir='ltr'>trod..</span> <span class='ocrx_word' id='word_1_442' title='bbox 1278 2867 1352 2896; x_wconf 86' lang='lat'>521,</span> <span class='ocrx_word' id='word_1_443' title='bbox 1371 2858 1456 2895; x_wconf 76' lang='lat'>5673</span> <span class='ocrx_word' id='word_1_444' title='bbox 1481 2857 1553 2887; x_wconf 79' lang='lat' dir='ltr'>and</span> <span class='ocrx_word' id='word_1_445' title='bbox 1571 2856 1613 2887; x_wconf 84' lang='lat' dir='ltr'>cf.</span> <span class='ocrx_word' id='word_1_446' title='bbox 1633 2856 1696 2896; x_wconf 86' lang='lat' dir='ltr'>Ep.</span> <span class='ocrx_word' id='word_1_447' title='bbox 1716 2856 1810 2887; x_wconf 87' lang='lat'>1080.</span> <span class='ocrx_word' id='word_1_448' title='bbox 1830 2866 1862 2895; x_wconf 90' lang='lat'>9.</span> 
     </span>
     <span class='ocr_line' id='line_1_66' title="bbox 1200 2899 1922 2941; baseline -0.001 -11"><span class='ocrx_word' id='word_1_449' title='bbox 1200 2910 1247 2931; x_wconf 81' lang='lat'>12.</span> <span class='ocrx_word' id='word_1_450' title='bbox 1274 2900 1447 2941; x_wconf 57' lang='lat' dir='ltr'>testabor]</span> <span class='ocrx_word' id='word_1_451' title='bbox 1470 2901 1538 2931; x_wconf 86' lang='lat' dir='ltr'>For</span> <span class='ocrx_word' id='word_1_452' title='bbox 1556 2901 1618 2931; x_wconf 86' lang='lat' dir='ltr'>the</span> <span class='ocrx_word' id='word_1_453' title='bbox 1640 2899 1862 2939; x_wconf 83' lang='lat' dir='ltr'>redemption</span> <span class='ocrx_word' id='word_1_454' title='bbox 1883 2900 1922 2929; x_wconf 89' lang='lat' dir='ltr'>of</span> 
     </span>
     <span class='ocr_line' id='line_1_67' title="bbox 1153 2944 1660 2984; baseline -0.002 -9"><span class='ocrx_word' id='word_1_455' title='bbox 1153 2944 1227 2975; x_wconf 79' lang='lat' dir='ltr'>this</span> <span class='ocrx_word' id='word_1_456' title='bbox 1244 2945 1397 2984; x_wconf 82' lang='lat' dir='ltr'>promise</span> <span class='ocrx_word' id='word_1_457' title='bbox 1414 2954 1469 2974; x_wconf 86' lang='lat' dir='ltr'>see</span> <span class='ocrx_word' id='word_1_458' title='bbox 1486 2944 1548 2983; x_wconf 91' lang='lat' dir='ltr'>Ep.</span> <span class='ocrx_word' id='word_1_459' title='bbox 1570 2944 1660 2974; x_wconf 91' lang='lat'>1181.</span> 
     </span>
    </p>
   </div>
  </div>
 </body>
</html>
