1990 3353
78 133 197 188 1005]
545 134 615 173 TO
654 134 839 172 PETER
876 133 1202 173 ZUTPENIUS
1621 136 1671 174 41

144 255 350 285 ERASMVS
380 254 715 285 ROTERODAMVS
744 254 889 284 PETRO
919 253 1139 284 ZVTPENIO
1170 254 1475 285 CASSILETANO
1508 256 1540 285 S.
1558 255 1602 285 D.

127 334 267 374 VIDEo
297 336 513 385 plerosque
542 335 743 373 mortales
772 334 816 372 in
847 334 924 372 hac
953 348 1042 373 esse
1071 335 1348 384 persuasione,
1379 338 1427 374 vt
1461 336 1674 374 felicitatis

70 391 145 428 aut
165 389 421 428 infelicitatis
440 403 582 428 causas
608 403 629 427 e
656 389 848 438 supernis
873 389 1114 438 corporibus
1140 392 1295 438 petant.
1357 389 1446 439 Ego
1465 403 1564 428 vero
1589 404 1673 428 non

70 444 251 482 arbitror
276 444 409 482 vllum
436 445 564 494 sydus
592 443 786 492 affulgere
814 443 1006 493 cuiquam
1035 443 1195 481 felicius
1221 457 1348 493 quam
1380 457 1601 494 syncerum
1628 458 1673 483 ac

72 501 145 536 tuo
179 499 490 536 accommodum
523 498 694 546 ingenio
731 497 940 545 amicum3
983 500 1139 546 contra,
1175 498 1340 536 nullum
1373 499 1590 537 aduersius
1628 512 1674 537 ac

70 553 279 591 funestius
308 566 434 602 quam
462 552 648 590 fucatum
679 554 721 589 et
753 552 1018 601 insyncerum
1052 551 1248 591 sodalem.
1319 553 1500 591 Proinde
1533 553 1675 591 stellas
1694 563 1710 592 5

75 606 296 644 obseruent
325 606 407 653 alii,
440 607 477 645 si
506 605 647 653 lubet;
691 620 765 656 ego
794 606 839 643 in
868 606 992 644 terris
1022 607 1306 655 quaerendum
1340 607 1535 646 existimo
1565 608 1673 657 quod

73 674 149 699 nos
169 661 307 699 felices
327 664 397 699 aut
417 661 604 699 infelices
628 661 785 698 reddat.
846 660 1006 698 Caeteri
1032 661 1252 707 negocium
1279 662 1532 711 auspicaturi
1561 662 1676 700 anxii

72 716 351 765 consyderant
380 729 458 765 qua
484 715 617 765 figura
636 715 791 762 Venus,
825 714 985 764 Iupiter
1011 717 1051 752 et
1082 714 1313 753 Mercurius
1342 729 1429 754 sese
1459 719 1674 754 contuean-

74 773 151 807 tur.
212 770 300 819 Ego
321 771 450 808 satius
476 782 564 808 esse
584 770 687 807 duco
713 770 966 818 perpendere
987 769 1235 818 quibuscum
1258 783 1365 819 agas.
1427 771 1535 809 Sunt
1562 771 1674 808 enim

71 824 244 873 quidam
271 824 350 862 sibi
375 827 540 862 tantum
568 824 762 873 prosperi,
786 823 955 861 caeteris
984 823 1182 862 omnibus
1210 824 1466 874 inauspicati.
1528 825 1676 874 Itaque
1698 840 1736 862 10

74 879 145 915 vix
175 879 261 916 vllo
291 891 482 916 sermone
512 879 709 927 consequi
739 891 900 927 queam,
933 877 1058 915 Petre
1088 879 1334 916 mortalium
1368 879 1670 927 candidissime,

72 945 200 982 quam
234 933 424 982 opimum
457 933 621 970 lucrum
652 931 760 970 mihi
791 935 933 981 putem
967 932 1176 982 obtigisse,
1209 946 1304 970 cum
1335 935 1376 971 te
1408 936 1552 972 nactus
1582 947 1676 971 sum

74 987 282 1034 amieum3
313 1001 394 1037 quo
427 1001 512 1025 non
538 987 667 1026 alium
696 990 836 1036 optare
862 991 1050 1036 poteram
1078 987 1210 1037 magis
1237 988 1286 1025 ad
1309 990 1503 1026 naturam
1525 1001 1676 1026 mores-

72 1055 151 1091 que
171 1054 286 1079 meos
305 1042 460 1080 factum
480 1042 784 1091 sculptumque.

129 1096 321 1134 Antehac
353 1096 516 1134 abunde
549 1096 785 1134 fortunatus
823 1095 930 1133 mihi
962 1095 1136 1134 videbar
1167 1095 1288 1133 vnico
1323 1096 1448 1135 Petro
1485 1096 1735 1146 Aegidio,15

73 1163 200 1199 quem
238 1151 466 1189 amiculum
505 1164 580 1200 ego
618 1150 752 1188 nolim
789 1163 885 1187 cum
922 1150 1011 1188 vllo
1051 1150 1208 1199 Pylade
1245 1154 1511 1190 commutare.
1572 1152 1677 1190 Eam

75 1204 317 1243 felicitatem
354 1205 462 1243 mihi
507 1204 816 1254 congeminauit
860 1204 1035 1242 accessio
1074 1205 1146 1242 tui.
1188 1205 1290 1242 adeo
1335 1206 1488 1244 similis
1528 1206 1593 1244 illi
1631 1208 1677 1244 vt

76 1259 265 1297 dubitem
280 1262 423 1297 vtrum
440 1260 524 1298 vtri
543 1259 783 1308 praeferam.
825 1259 933 1297 Nam
953 1258 1102 1297 omitto
1124 1261 1335 1297 fortunam
1357 1261 1457 1298 satis
1478 1261 1672 1310 amplam,

77 1313 226 1351 omitto
256 1314 517 1352 literaturam
546 1314 868 1363 haudquaquam
887 1313 1115 1363 vulgarem,
1147 1314 1298 1351 omitto
1322 1314 1409 1352 vim
1442 1314 1601 1364 ingenii
1625 1315 1676 1353 ad

75 1368 218 1406 omnia
251 1368 422 1418 negocia
455 1369 614 1406 mirum
645 1368 690 1406 in
723 1368 896 1405 modum
925 1368 1155 1406 versatilis:
1200 1368 1268 1417 qui
1300 1369 1478 1417 pectoris
1509 1370 1675 1416 candor,
1699 1383 1739 1405 20

76 1435 181 1471 quae
200 1436 364 1460 morum
384 1423 641 1472 simplicitas,
665 1435 769 1472 quae
787 1422 1101 1460 consuetudinis
1120 1423 1316 1470 suauitas,
1339 1437 1442 1472 quae
1463 1424 1677 1471 modestia,

76 1490 181 1526 quae
209 1477 322 1526 fides,
346 1491 448 1527 quae
477 1477 523 1515 in
553 1477 698 1515 officiis
726 1477 984 1526 praestandis
1013 1477 1313 1526 promptitudo.
1374 1477 1457 1515 Vbi
1488 1483 1588 1516 sunt
1616 1478 1677 1516 in-

77 1532 202 1569 terim
233 1532 305 1580 qui
338 1533 576 1581 temporum
606 1531 759 1569 horum
792 1544 928 1569 mores
959 1532 1006 1569 vt
1036 1531 1267 1580 deploratos
1299 1531 1494 1570 damnare
1527 1533 1675 1580 solent,

76 1585 242 1635 quando
273 1586 376 1624 tales
402 1586 561 1624 animas
592 1586 745 1624 habent
772 1585 890 1624 aulae
916 1585 1188 1634 principum?
1244 1585 1356 1623 Olim
1387 1599 1472 1624 non
1499 1587 1679 1625 ferebam

78 1640 245 1689 ingenia
282 1641 416 1678 literis
449 1654 495 1678 ac
529 1641 687 1679 Gratiis
726 1642 823 1678 nata
852 1640 1040 1689 pertrahi
1073 1640 1116 1677 in
1152 1653 1298 1689 regum
1331 1641 1537 1679 familias:
1568 1655 1680 1679 nunc
1702 1657 1738 1687 25

77 1694 199 1732 video
218 1694 366 1733 virtuti
387 1696 591 1744 rectisque
609 1695 760 1733 studiis
780 1706 988 1743 nusquam
1010 1707 1097 1732 esse
1116 1694 1210 1743 plus
1229 1695 1401 1733 honoris
1421 1708 1546 1744 quam
1571 1696 1679 1745 apud

78 1749 298 1799 principes.
359 1749 564 1787 Omnibus
590 1750 731 1799 itaque
751 1749 822 1798 qui
849 1749 1085 1787 studiorum
1111 1762 1223 1786 sacra
1245 1749 1399 1795 colunt,
1423 1750 1590 1799 expedit
1619 1751 1678 1788 tui

77 1803 238 1841 similes
257 1804 414 1853 aliquot
440 1804 485 1842 in
514 1803 622 1842 aulis
641 1804 810 1851 versari,
841 1817 892 1841 ne
920 1816 1005 1841 non
1031 1803 1117 1841 sint
1139 1804 1209 1852 qui
1239 1806 1467 1843 summates
1487 1805 1598 1842 viros
1630 1805 1680 1842 ad

78 1858 305 1896 fauendum
326 1859 459 1896 literis
478 1871 524 1896 ac
545 1858 742 1908 probitati
761 1858 847 1896 suis
868 1857 991 1895 dictis
1016 1858 1294 1905 inflamment,
1318 1859 1388 1907 qui
1417 1859 1466 1896 ad
1498 1859 1682 1908 benigni-

79 1915 209 1950 tatem
243 1913 437 1951 stimulos
469 1912 633 1960 addant,
667 1912 740 1962 qui
773 1912 1052 1951 submoneant
1086 1912 1238 1961 quibus
1272 1913 1430 1951 artibus
1467 1926 1680 1963 nunquam

79 1966 442 2005 intermoriturum
475 1968 675 2005 honestae
703 1967 836 2005 famae
865 1966 988 2004 decus
1017 1969 1193 2015 paretur.
1253 1966 1416 2014 Quanto
1446 1967 1682 2006 studiorum

78 2021 270 2059 omnium
302 2021 412 2060 bono
450 2022 493 2060 in
527 2023 640 2071 regia
670 2022 912 2059 Britannica
941 2020 1080 2059 viuere
1110 2021 1241 2058 credis
1270 2022 1474 2059 Thomam
1506 2022 1680 2066 Morum,

81 2075 287 2114 Thomam
319 2076 540 2114 Linacrum
577 2078 617 2114 et
647 2076 871 2114 Ricardum
897 2075 1117 2113 Paceum‘?
1156 2075 1200 2112 in
1228 2075 1364 2113 Gallia
1392 2076 1683 2114 Guilhelmum

80 2130 334 2169 Budaeum‘?
373 2144 551 2180 quorum
581 2130 771 2168 felicitati
801 2130 1099 2179 gratulandum
1130 2130 1238 2179 quod
1269 2130 1314 2167 in
1344 2131 1448 2168 tales
1476 2131 1684 2180 principes

80 2185 317 2230 inciderint,
340 2185 473 2222 officio
494 2185 684 2223 habenda
703 2185 836 2233 gratia
856 2184 891 2222 si
911 2184 1014 2222 tales
1035 2184 1226 2221 reddunt.
1704 2201 1742 2230 35

136 2239 228 2277 Scio
265 2239 344 2277 tibi
378 2239 488 2277 nihil
521 2252 609 2278 esse
643 2239 806 2277 dulcius
839 2238 926 2276 ocio
964 2239 1162 2276 litei-ario,
1201 2251 1277 2276 nec
1312 2238 1452 2277 deesse
1491 2239 1535 2276 in
1575 2239 1681 2288 aula,

82 2296 244 2342 praeter
273 2294 539 2343 negociorum
570 2294 815 2341 tumultum,
841 2293 951 2342 quod
979 2293 1161 2330 offendat
1188 2294 1320 2331 animi
1345 2294 1407 2330 tui
1433 2294 1684 2342 puritatem:

81 2361 186 2398 quae
217 2349 358 2386 omnia
384 2348 460 2386 hoc
487 2349 742 2386 moderatius
765 2348 872 2385 ferre
901 2347 1035 2395 debes,
1064 2348 1171 2396 quod
1202 2347 1279 2385 sub
1309 2347 1468 2396 optimo
1497 2348 1685 2398 principe

81 2402 278 2452 Adolpho
298 2415 444 2450 meres,
468 2403 537 2452 qui
557 2403 741 2440 fauorem
769 2415 863 2450 erga
888 2401 1029 2439 literas
1055 2414 1100 2439 ac
1120 2401 1230 2439 viros
1250 2401 1477 2440 virtutibus
1506 2405 1682 2448 ornatos,

82 2469 106 2494 a
139 2456 296 2495 teneris
324 2469 454 2506 vsque
482 2457 720 2507 vnguiculis
751 2456 850 2494 olim
880 2456 1080 2494 haustum
1115 2468 1137 2493 e
1172 2455 1298 2493 Batto
1332 2459 1606 2505 praeceptore,
1639 2457 1684 2494 in
1705 2472 1746 2502 40

82 2511 189 2549 hanc
208 2524 338 2560 vsque
356 2514 532 2549 aetatem
556 2511 732 2557 retinet;
763 2511 832 2560 qui
855 2523 931 2548 nos
952 2523 1114 2559 quoque
1142 2523 1226 2547 non
1258 2510 1310 2548 ob
1339 2510 1454 2548 aliud
1483 2511 1621 2561 diligit
1639 2525 1685 2550 ac

82 2567 230 2611 tuetur,
269 2565 350 2603 nisi
383 2566 490 2615 quod
525 2578 768 2615 persuasum
802 2565 926 2603 habet
960 2565 1025 2602 his
1060 2564 1181 2602 rebus
1219 2565 1455 2613 praeditum
1493 2579 1580 2603 esse
1620 2579 1686 2603 me

79 2632 105 2658 a
135 2619 284 2668 quibus
313 2620 555 2669 longissime
584 2620 742 2658 absum.
802 2619 846 2656 Is
875 2619 1118 2667 intelligens
1147 2618 1293 2667 quanti
1327 2619 1477 2657 referat
1506 2620 1685 2669 primam

83 2676 258 2712 aetatem
279 2674 516 2724 principum
537 2675 695 2723 optimo
716 2675 805 2712 viro
826 2673 1087 2711 formandam
1115 2673 1335 2720 committi,
1359 2673 1536 2711 filiolum
1564 2687 1685 2712 suum

131 2811 179 2841 15.
193 2798 359 2840 Aegidio]
375 2799 448 2830 The
459 2798 669 2830 collocation
680 2798 847 2838 onutpe-
959 2805 1013 2834 32.
1035 2795 1129 2834 regia
1142 2793 1372 2831 Britannica]
1385 2794 1435 2826 Cf.
1446 2795 1510 2834 Ep.
1520 2805 1595 2834 999.
1609 2804 1688 2834 9211.

84 2847 166 2876 nius
182 2845 273 2874 with
294 2842 407 2874 Gilles
431 2843 462 2873 is
485 2842 658 2882 probably
674 2841 780 2872 based
803 2851 848 2871 on
961 2849 1015 2878 39.
1042 2838 1226 2879 Adolpho]
1263 2839 1327 2870 See
1352 2838 1439 2878 Epp.
1466 2848 1509 2877 93
1542 2838 1686 2877 inti-od„

83 2891 146 2920 the
174 2888 334 2927 identity
361 2887 399 2917 of
426 2886 614 2917 Christian
645 2895 774 2916 name:
808 2885 850 2916 cf.
917 2892 992 2922 932.
1013 2893 1066 2922 47.

82 2933 146 2973 Ep.
168 2941 264 2970 1003·
279 2940 362 2970 34n.
963 2937 1014 2964 40.
1042 2924 1166 2966 Batto]
1192 2925 1256 2956 See
1273 2925 1337 2965 Ep.
1355 2934 1396 2964 35
1415 2925 1546 2956 introd.

135 2985 187 3014 23.
215 2973 435 3015 deploratos]
461 2973 514 3004 Cf.
532 2973 594 3013 Ep.
613 2983 688 3012 994.
709 2982 762 3003 21.
964 2981 1016 3008 44.
1039 2968 1210 3008 filiolum]
1229 2967 1688 3009 EitherAdolphus'oldest

129 3030 181 3058 24.
209 3028 279 3049 non
296 3016 468 3058 ferebam]
493 3017 623 3057 CfiEp.
643 3026 731 3054 1004.
754 3016 852 3054 14611.
919 3023 996 3052 son,
1037 3012 1170 3052 Philip,
1213 3013 1301 3043 born
1344 3022 1356 3042 1
1398 3012 1472 3044 Oct.
1517 3021 1609 3051 1512,
1650 3022 1689 3041 οι·
