1990 3353
132 145 254 201 1142]
589 146 744 185 FROM
784 145 1013 186 GEORGE
1053 145 1268 185 SCHIRN
1651 144 1729 182 341

130 259 278 289 written
294 257 370 288 this
392 257 501 289 letter
515 258 551 288 to
568 257 739 288 Erasmus
762 255 870 286 when
897 255 1119 294 ‘aliquorum
1144 265 1187 286 ex
1210 255 1326 286 relatu
1350 255 1544 285 Erasmum
1568 253 1731 284 debitum

131 303 203 333 iam
233 302 408 332 exoluisse
439 303 589 332 naturae
619 301 787 339 maximo,
819 301 931 330 testor
962 299 1088 338 Deum,
1116 301 1260 339 stupore
1291 300 1327 329 et
1359 308 1518 329 maerore
1549 296 1732 337 percepi':

128 352 137 363 ⁴
152 345 233 376 Heu
244 344 251 357 ²
269 345 452 384 inquiens,
473 346 592 375 ‘estne
609 345 712 375 nobis
729 345 842 374 iratus
858 343 953 374 Deus
966 344 982 374 ‘?
1017 343 1274 374 Extinctumne
1291 342 1426 373 dicitur
1442 342 1568 372 lumen
1593 340 1734 378 mundi,

130 399 201 428 quo
217 389 289 420 solo
311 390 499 420 tenebrosa
522 397 683 419 errorum
707 388 747 418 in
771 387 967 427 Scripturis
989 387 1158 426 propulsa
1180 386 1249 417 fuit
1273 385 1432 425 caligo?’
1457 385 1513 416 He
1537 385 1629 416 then
1653 384 1734 415 asks

131 434 265 464 Beatus
281 435 318 463 to
334 433 422 463 send
440 443 485 463 011
503 432 566 463 the
584 432 701 470 letter,
721 431 761 462 in
775 441 854 462 case
870 431 1041 462 Erasmus
1057 430 1186 461 should
1202 430 1295 461 after
1311 429 1362 460 all
1379 430 1422 460 be
1439 429 1515 460 still
1532 429 1644 466 alive;
1670 429 1734 458 but

130 477 170 552 ist*t
187 477 231 551 hg
255 486 361 551 were}1
373 476 475 516 dead,
493 478 530 507 to
554 476 712 507 indicate
737 474 833 506 what
856 474 903 505 he
925 474 1080 514 thought
1105 474 1179 505 had
1202 475 1293 505 been
1320 473 1500 505 Erasmus'
1526 472 1676 513 opinion
1702 472 1740 502 of

131 523 151 551 ‚¹
173 544 180 552 .
233 530 337 551 ernar
365 545 372 552 .

176 564 326 604 Beyond
354 565 454 595 these
478 565 550 595 two
578 564 702 594 letters
733 562 751 593 I
779 564 910 593 cannot
939 562 1101 593 discover
1125 562 1308 601 anythIng
1338 561 1444 592 about
1476 560 1618 591 Schirn.
1667 559 1737 590 His

131 610 351 649 monastery,
371 607 567 639 Caravallis
591 617 630 638 or
653 605 890 646 Chiaravalle,
910 617 930 645 4
954 615 1018 636 ms.
1037 615 1064 637 s.
1083 605 1121 636 of
1145 605 1266 643 Milan,
1292 615 1366 636 was
1390 604 1549 635 founded
1573 604 1614 635 in
1641 613 1734 643 1135.

131 653 235 683 After
251 662 272 683 a
287 654 493 692 temporary
511 655 519 668 ‘
533 651 766 682 reformation
781 650 789 662 ⁹
808 651 855 689 by
877 649 1006 681 monks
1022 649 1060 680 of
1081 649 1143 680 the
1167 649 1343 679 Etruscan
1368 649 1627 689 Congregation
1642 647 1735 677 from

130 696 297 736 Settimo,
320 697 478 736 1465—74,
498 696 528 726 it
545 695 709 726 revel-ted
726 696 763 725 to
779 694 827 724 its
843 693 957 725 direct
974 693 1147 724 relations
1162 693 1255 723 with
1269 693 1459 723 Clairvaux
1474 703 1482 723 :
1506 694 1544 722 to
1556 691 1675 722 which
1690 691 1737 721 its

133 749 214 770 own
231 749 337 770 name
354 741 384 770 is
408 740 507 770 often
530 738 763 770 assimilated.
810 738 875 768 See
893 738 931 769 P.
954 737 990 769 F.
1017 737 1128 776 Kehr,
1148 739 1275 775 Reycsta
1295 739 1492 776 Pontaficum,
1511 735 1621 766 Italia
1637 735 1684 765 vi.
1707 744 1734 773 1,

137 793 230 823 1913,
250 793 282 823 p.
306 783 395 824 120.]

190 883 229 922 S.
253 884 302 924 D.
364 883 490 922 Nulla
509 884 692 933 profecto
713 882 919 921 scribendi
939 882 1121 920 intencio
1142 895 1165 920 a
1185 894 1252 919 me
1272 882 1480 932 protracta
1498 879 1543 918 in
1563 879 1738 929 longum

131 938 233 977 adeo
254 939 334 977 fuit
354 951 550 989 vnquam,
574 937 744 976 Erasme
766 937 982 976 doctorum
1003 936 1255 985 doctissime,
1273 936 1392 974 nulla
1412 934 1598 973 dictandi
1618 934 1735 981 racio,

133 995 181 1032 vt
220 993 318 1031 haec
357 993 407 1031 ad
446 995 488 1031 te
525 1005 731 1042 praesens,
773 991 1045 1030 difficiliorem
1083 1004 1107 1029 a
1144 1004 1212 1029 me
1250 990 1482 1040 promeruit
1515 1001 1739 1039 egressum.

135 1047 308 1097 Quoties
329 1047 442 1086 enim
471 1060 635 1085 mecum
662 1047 749 1096 ipse
776 1046 1008 1096 cogitabam
1035 1046 1087 1084 ad
1108 1059 1234 1096 quem
1260 1047 1370 1083 esset
1401 1043 1681 1091 scribendum,
1705 1043 1739 1081 si

134 1103 187 1141 ad
218 1105 259 1141 te
288 1102 519 1150 scriberem,
545 1101 679 1151 qualis
705 1103 882 1151 quantae
908 1114 1111 1151 quamque
1132 1101 1269 1138 variae
1298 1099 1449 1148 scripta
1478 1101 1620 1137 nostra
1647 1111 1741 1148 quo-

135 1156 358 1195 dammodo
380 1156 552 1195 barbara
570 1157 638 1194 vel
658 1156 708 1194 ab
729 1155 844 1194 omni
864 1156 1007 1205 vtique
1026 1154 1257 1193 venustatis
1280 1153 1577 1204 grauitatisque
1598 1153 1742 1191 decore

137 1212 274 1250 aliena
310 1210 562 1249 erudicionis
599 1210 763 1249 adirent
807 1209 1034 1255 hominem,
1076 1209 1275 1248 continuo
1323 1208 1491 1246 animus
1529 1207 1744 1245 decidebat

137 1279 346 1315 omneque
380 1278 520 1304 secum
550 1265 735 1303 dictandi
769 1264 980 1304 auferebat
1010 1264 1270 1311 institutum,
1303 1263 1448 1313 tuique
1478 1261 1664 1300 nominis
1694 1260 1744 1299 de

140 1320 342 1358 memoria
361 1319 528 1370 gloriosi
547 1319 725 1358 Mosaica
745 1332 818 1357 ceu
840 1322 1012 1357 cornuta
1032 1319 1136 1356 facie
1156 1317 1315 1356 debiles
1342 1317 1474 1356 nostri
1501 1316 1743 1354 intellectus

137 1374 478 1413 absterrebantur
497 1374 627 1413 ocelli.
674 1375 814 1424 Atque
835 1375 879 1411 in
901 1374 978 1412 hoc
999 1373 1059 1422 (ni
1078 1372 1214 1422 fallor)
1234 1386 1319 1410 non
1338 1371 1593 1410 accusandus
1612 1370 1745 1420 magis

140 1443 268 1479 quam
298 1429 420 1467 venia
449 1428 600 1478 dignus
628 1428 784 1476 videor,
815 1428 923 1478 quod
956 1428 1044 1466 eius
1073 1427 1155 1465 viri
1181 1427 1385 1465 iudicium
1415 1428 1630 1475 tantopere
1658 1438 1743 1474 per-

141 1483 375 1522 horruerim
396 1483 468 1533 qui
494 1483 546 1521 ob
572 1482 732 1533 ingenii
763 1482 1039 1532 prestanciam
1071 1481 1432 1531 multiplicemque
1461 1479 1744 1518 doctrinarum

140 1537 332 1576 omnium
364 1537 646 1588 cognicionem
681 1537 872 1575 omnium
905 1537 1067 1575 animos
1097 1536 1142 1573 in
1176 1537 1241 1574 sui
1274 1535 1598 1574 admiracionem
1633 1533 1746 1571 solus

140 1592 419 1640 conuerterit;
450 1592 522 1642 qui
543 1592 851 1630 Germanorum
871 1604 957 1629 non
976 1591 1112 1629 solum
1134 1604 1311 1640 quorum
1334 1589 1420 1638 (alii
1441 1589 1578 1627 nolint
1598 1588 1747 1635 velint)

141 1647 333 1697 proprius
361 1649 437 1694 est,
468 1647 541 1685 sed
574 1648 616 1684 et
645 1646 849 1684 Italorum
883 1648 1201 1696 exterarumque
1238 1644 1463 1683 nacionum
1495 1642 1749 1682 testimoniis

142 1701 334 1740 omnium
367 1702 462 1739 fons
496 1701 811 1750 disciplinarum
850 1700 1087 1750 predicatur
1123 1699 1275 1750 vbique
1314 1699 1567 1745 indeficiens,
1609 1711 1632 1735 a
1669 1710 1749 1747 quo

143 1756 243 1794 noui
271 1756 424 1794 cotidie
454 1756 627 1793 cartacei
654 1755 782 1793 riuuli
811 1768 884 1804 pro
913 1755 1198 1793 studiosorum
1221 1754 1385 1804 palatus
1410 1752 1621 1803 refrigerio
1642 1765 1748 1790 ema-

143 1812 247 1848 nant
267 1823 393 1860 quam
414 1810 657 1860 largissime.
716 1810 953 1859 Permagna
973 1812 1127 1857 tamen,
1151 1822 1255 1859 quae
1281 1809 1435 1858 passim
1466 1821 1562 1846 cum
1587 1807 1673 1845 tuis
1699 1817 1749 1844 ex

144 1865 345 1915 epistolis,
379 1864 588 1914 opusculis
616 1868 738 1914 atque
772 1864 903 1910 libris,
937 1866 1030 1902 tum
1065 1865 1256 1902 omnium
1286 1876 1370 1901 vno
1404 1861 1646 1900 viuencium
1682 1874 1750 1899 ore

144 1920 195 1957 de
229 1921 271 1958 te
299 1919 494 1968 vulgatur
526 1918 780 1963 humanitas,
812 1918 1049 1968 benignitas
1082 1918 1386 1967 multiplexque
1413 1917 1548 1955 virtus
1581 1928 1750 1954 omnem

145 1973 311 2012 timoris
338 1973 540 2023 effugauit
569 1973 782 2023 pallorem,
809 1974 1002 2023 quodque
1031 1973 1195 2023 pericia,
1225 1985 1328 2022 quae
1357 1972 1401 2010 in
1432 1985 1497 2009 me
1526 1972 1589 2009 est
1618 1969 1745 2017 nulla,

146 2028 385 2075 declinauit,
407 2032 480 2066 tua
503 2041 606 2077 quae
635 2041 706 2066 ceu
727 2028 877 2066 vinum
903 2041 971 2066 cor
997 2027 1182 2066 hominis
1208 2026 1415 2074 laetificat,
1445 2026 1609 2064 bonitas
1629 2024 1749 2063 mini—

146 2083 306 2121 strauit.
344 2083 490 2133 Aequo
506 2082 637 2132 igitur
650 2083 790 2122 animo
802 2085 843 2120 et
859 2082 982 2121 solita
997 2096 1076 2132 qua
1090 2082 1280 2120 omnium
1295 2081 1400 2118 soles
1418 2078 1748 2129 (humanitate),

148 2137 224 2175 has
253 2138 415 2175 nostras
443 2150 513 2175 oro
542 2137 742 2187 suscipias
768 2137 869 2181 (sint
890 2136 1212 2186 qualescunque)
1234 2135 1421 2174 literulas
1450 2148 1523 2184 pro
1552 2135 1751 2183 perpetuo

147 2191 194 2229 in
213 2194 254 2230 te
276 2191 410 2229 nostri
428 2192 582 2230 amoris
602 2191 813 2241 signaculo
831 2206 840 2239 ;
870 2192 931 2229 nil
958 2191 1071 2229 enim
1091 2193 1234 2238 (testor
1254 2190 1404 2239 Deum)
1426 2189 1588 2228 dulcius
1612 2189 1752 2226 nostro

148 2248 344 2295 personat
363 2245 535 2291 auditui,
561 2245 623 2283 nil
642 2245 817 2284 alacrius
837 2247 991 2284 nostris
1010 2259 1053 2284 se
1073 2247 1284 2295 presentat
1304 2244 1532 2291 obtutibus,
1557 2242 1618 2280 nil
1641 2242 1753 2281 cordi

148 2301 291 2338 haeret
310 2299 496 2338 tenacius
515 2300 678 2338 Erasmi
704 2301 886 2338 nomine.
947 2300 1055 2338 Nam
1083 2300 1118 2338 si
1144 2312 1317 2347 magnae
1337 2298 1563 2347 Philippus
1583 2296 1752 2335 Macedo

150 2354 385 2392 foelicitatis
405 2354 643 2393 aestimauit
663 2355 866 2393 indicium
886 2354 1127 2393 Aristotelis
1147 2353 1387 2403 philosophi
1407 2355 1554 2390 natum
1575 2351 1753 2390 Alexan-

149 2409 275 2447 drum
310 2408 584 2458 temporibus,
613 2409 880 2447 foelieissimo
910 2411 1018 2447 certe
1046 2408 1231 2458 auspicio
1261 2409 1403 2446 nostra
1432 2407 1656 2445 Erasmum
1686 2406 1753 2444 ha-

151 2463 289 2501 buisse
324 2465 571 2512 tempestate
605 2463 780 2502 studiosi
811 2477 954 2501 omnes
983 2463 1283 2513 gloriabimur3
1323 2475 1346 2500 a
1375 2475 1454 2512 quo
1484 2461 1679 2511 quicquid
1709 2460 1754 2498 in

151 2517 286 2555 literis
307 2519 368 2555 est
395 2517 601 2565 decorum,
624 2518 820 2568 quicquid
847 2518 1069 2565 occultum,
1093 2517 1339 2566 proficuum,
1364 2516 1561 2554 idoneum
1587 2517 1628 2553 et
1648 2514 1755 2553 scitu

152 2571 340 2621 dignum,
364 2571 578 2621 Apollinis
596 2572 711 2610 velut
731 2573 782 2611 ab
803 2573 966 2610 oraculo
988 2571 1239 2622 percipimus
1258 2570 1632 2609 absolutissimum.
1676 2569 1756 2606 Ha-

154 2626 312 2674 bemus,
342 2629 452 2663 certe
481 2625 692 2673 habemus,
716 2628 923 2676 praesenti
943 2627 987 2664 in
1008 2626 1144 2664 seculo
1172 2625 1282 2675 quod
1310 2624 1508 2663 admirari
1533 2623 1750 2674 possimus,

153 2693 207 2718 ne
229 2693 392 2730 semper
412 2682 599 2718 veterum
620 2681 786 2730 ingenia
806 2681 1092 2731 suspiciamus.
1151 2680 1251 2718 Tuis
1271 2681 1384 2717 enim
1412 2679 1543 2725 libris,
1570 2679 1752 2724 Erasnoe,

1766 1384 1806 1407 10

1770 1656 1807 1687 15

1772 1929 1811 1950 20

1775 2472 1815 2504 30

153 2735 358 2773 bonarum
388 2736 707 2784 sanctarumque
740 2734 956 2773 literarum
987 2737 1167 2773 assertor
1201 2734 1368 2784 optime,
1404 2733 1463 2771 nil
1495 2735 1629 2782 potest
1667 2745 1756 2770 esse
1776 2742 1816 2773 35

153 2789 384 2835 venustius,
405 2788 464 2826 nil
484 2789 731 2837 elegancius,
753 2789 814 2827 nil
835 2790 946 2828 succi
966 2789 1142 2839 plenius,
1162 2788 1341 2838 grauius,
1361 2787 1558 2838 apertius,
1572 2786 1758 2825 diuinius

502 2905 554 2935 23.
581 2896 814 2928 humanitate
831 2899 905 2928 add.
924 2900 1080 2927 Enlhoren
1096 2907 1103 2934 ;
1127 2899 1165 2935 cf.
1184 2906 1225 2926 isc.
1246 2883 1298 2935 25,
1321 2896 1392 2926 116.

284 3006 314 3036 9.
344 2994 511 3035 Mosaica]
530 2994 581 3026 Cf.
600 2994 710 3026 Exod.
730 3004 780 3033 34.
799 3004 918 3033 29235.
1157 2993 1321 3033 cornuta]
1340 2993 1389 3024 Cf.
1409 2995 1512 3031 Λαυρ.
1533 2993 1584 3022 82.

598 3048 646 3077 15.
673 3038 852 3080 proprius]
871 3039 923 3070 Cf.
943 3039 1004 3077 Ep.
1030 3048 1040 3067 1
1054 3048 1120 3076 ¹47-
1141 3039 1191 3076 28,
1212 3047 1318 3076 29nn.
