1990 3353
267 122 348 159 314
731 124 983 163 LETTERS
1023 124 1093 163 OF
1129 124 1398 164 ERASMUS
1746 124 1874 179 [1520

268 228 514 269 calumniari
533 230 583 270 de
604 231 750 280 nihilo,
772 231 897 282 idque
917 234 1025 284 apud
1045 247 1234 274 summos
1253 237 1473 287 principes,
1487 236 1596 286 apud
1617 250 1721 286 quos
1736 237 1875 276 omnis

190 292 251 322 180
269 284 512 323 obtrectatio
550 285 725 324 debebat
763 299 851 325 esse
888 288 1090 338 capitalis,
1129 292 1222 328 tum
1253 291 1299 329 in
1337 304 1486 330 corona
1523 303 1609 329 non
1642 291 1872 342 vulgariter

268 339 525 378 eruditorum
563 340 824 380 hominum?
880 342 1078 393 Quisquis
1115 345 1228 383 enim
1265 346 1460 384 audiebat
1496 345 1704 384 sublatam
1742 360 1767 385 a
1803 359 1872 384 me

271 394 627 443 resurrectionem,
649 395 957 444 imaginabatur
975 410 999 435 a
1019 411 1086 436 me
1115 400 1256 449 negari
1282 401 1390 450 quod
1421 413 1495 450 ego
1525 401 1587 438 tot
1616 399 1720 439 locis
1742 402 1872 438 testor

269 447 402 486 basim
431 450 471 486 et
500 451 623 498 caput
652 463 740 488 esse
766 453 933 489 nostrae
959 452 1067 490 fidei.
1128 453 1214 492 Nec
1234 455 1349 493 enim
1368 455 1455 493 vlla
1483 455 1528 492 in
1558 468 1602 494 re
1627 454 1872 504 diligentius

269 514 409 540 versor
446 516 573 552 quam
610 504 654 542 in
691 505 912 545 asserenda
956 520 1175 556 corporum
1216 510 1527 548 resurrectione.
1598 509 1694 548 Non
1732 509 1873 547 deerat

191 563 250 603 185
270 555 433 594 homini
453 558 630 596 nocendi
649 559 856 607 voluntas,
880 560 951 598 sed
972 560 1171 600 iudicium
1194 576 1278 601 non
1295 565 1394 602 erat.
1455 563 1569 602 Haec
1588 564 1668 603 tria
1687 563 1771 602 tela
1789 562 1871 601 sibi

269 610 400 649 stulte
434 610 650 661 delegerat,
679 617 725 653 vt
750 615 785 653 si
810 615 1080 664 persuasisset
1107 629 1175 654 me
1197 618 1307 656 male
1334 618 1489 656 sentire
1516 619 1566 657 de
1593 617 1870 664 Eucharistia,

269 664 428 703 clerum
457 666 703 706 vniuersum
732 669 777 707 in
803 682 871 707 me
897 670 1151 709 concitaret:
1181 672 1217 709 si
1243 672 1293 710 de
1321 673 1599 719 matrimonio,
1627 672 1802 710 maritos
1829 673 1872 710 et

268 732 428 768 vxores,
461 720 547 758 imo
576 723 714 761 totum
743 724 944 762 laicorum
979 724 1180 774 ordinem,
1214 726 1264 765 ad
1297 727 1455 777 lapides
1485 728 1718 766 animaret:
1756 726 1793 764 si
1822 725 1874 764 de

269 774 583 824 resurrectione,
599 776 809 828 principes
821 791 866 816 ac
880 780 1056 828 populos
1072 792 1217 819 omnes
1233 781 1463 819 Christiani
1475 781 1660 820 nominis
1672 782 1717 819 in
1730 792 1872 818 meum

191 839 252 872 190
268 828 444 867 exitium
462 833 654 870 armaret.
714 834 774 871 At
793 833 842 871 de
868 833 1168 872 resurrectione
1193 835 1302 885 quod
1326 836 1668 883 calumniabatur,
1692 848 1759 874 res
1783 835 1874 884 ipsa

268 883 455 933 loquitur
476 897 560 923 non
581 887 704 925 modo
724 900 883 926 vanum
903 901 992 926 esse
1011 890 1285 928 verumetiam
1313 891 1520 929 insanum.
1581 891 1712 929 Porro
1732 888 1872 928 matri-

268 938 411 976 monio
443 939 543 977 adeo
574 952 659 978 non
691 941 874 990 detrahe,
909 944 956 980 vt
988 944 1097 992 apud
1130 944 1412 983 Louanienses
1445 945 1489 983 in
1528 944 1693 995 publica
1731 943 1873 982 schola

267 992 557 1042 theologorum
578 994 682 1034 satis
702 995 841 1034 odiose
861 998 1030 1036 notatus
1049 998 1142 1046 sim,
1167 999 1277 1048 quod
1308 999 1353 1037 in
1381 998 1754 1038 declamatiuncula
1777 1011 1872 1048 qua-

269 1047 367 1084 dam
397 1048 560 1096 generis
589 1050 762 1088 suasorii
790 1051 886 1100 plus
912 1052 1012 1090 satis
1038 1053 1257 1092 tribuerim
1287 1053 1566 1092 matrimonio.
1626 1054 1735 1091 Nam
1762 1052 1871 1102 quod

191 1110 251 1143 195
269 1100 420 1139 alicubi
439 1101 607 1151 disputo
627 1117 682 1142 an
702 1105 881 1144 diuortio
906 1107 1039 1155 possit
1064 1107 1248 1146 succurri
1266 1108 1375 1146 male
1401 1107 1693 1146 coherentibus
1715 1106 1873 1145 infelici

270 1155 472 1205 coniugio,
494 1156 604 1195 nihil
622 1158 721 1197 facit
745 1162 889 1198 contra
917 1161 1178 1201 matrimonii
1204 1161 1464 1212 dignitatem.
1526 1163 1587 1200 De
1610 1160 1874 1200 Eucharistia

270 1223 497 1261 nunquam,
533 1211 592 1249 ita
632 1226 700 1251 me
739 1214 853 1252 Deus
892 1217 1016 1264 amet,
1051 1217 1169 1266 quiui
1198 1216 1387 1254 diuinare
1429 1217 1530 1267 quid
1571 1216 1652 1255 sibi
1693 1214 1874 1254 voluerit

270 1264 518 1314 StandiciuS,
552 1279 646 1305 cum
680 1269 789 1306 mihi
820 1269 936 1307 nulla
969 1283 1154 1320 vnquam
1184 1271 1378 1320 cogitatio
1406 1271 1566 1310 venerit
1595 1271 1639 1309 111
1669 1272 1869 1317 mentem,

271 1318 353 1357 nisi
372 1319 498 1369 digna
517 1326 776 1361 sacrosancto
796 1323 869 1361 illo
889 1325 1101 1374 mysterio,
1123 1328 1289 1364 tantum
1309 1325 1425 1364 abest
1444 1328 1491 1364 vt
1516 1325 1736 1375 quicquam
1757 1336 1875 1362 secus

192 1385 254 1406 200
272 1373 449 1412 dixerim
474 1377 545 1413 aut
565 1376 812 1426 scripserim.
872 1380 1013 1428 Atque
1038 1380 1136 1418 haec
1162 1380 1286 1418 audet
1317 1381 1504 1419 sacerdos
1529 1382 1573 1418 in
1603 1379 1868 1426 sacerdotem,

270 1428 490 1478 theologus
522 1430 567 1467 in
600 1431 852 1482 theologum,
886 1446 1012 1471 senex
1046 1434 1091 1472 in
1124 1448 1279 1478 senem,
1311 1437 1518 1484 praeterea
1551 1434 1755 1484 professor
1783 1446 1874 1483 apo-

271 1482 440 1520 stolicae
458 1483 579 1533 vitae,
602 1488 812 1535 postremo
832 1489 1084 1527 reuerendus
1099 1489 1143 1527 in
1164 1488 1329 1528 Christo
1348 1491 1474 1539 pater.

327 1536 545 1576 Caesareae
583 1539 694 1590 leges
733 1540 790 1578 ita
828 1543 1031 1591 statuunt,
1073 1545 1121 1582 vt
1158 1543 1436 1582 calumniator
1473 1543 1545 1594 qui
1582 1543 1685 1580 falso
1716 1542 1873 1580 crimen

272 1591 466 1638 intendit,
502 1592 650 1632 iisdem
685 1596 827 1644 poenis
859 1597 1064 1636 obnoxius
1097 1599 1152 1637 sit
1181 1611 1283 1648 quas
1315 1598 1487 1636 daturus
1517 1600 1604 1636 erat
1633 1597 1805 1644 delatus,
1838 1595 1874 1633 si

193 1658 253 1688 205
272 1647 597 1687 commeruisset.
659 1648 741 1687 Hic
770 1650 850 1688 tria
878 1651 1054 1690 crimina
1081 1652 1209 1690 simul
1238 1652 1430 1696 intendit,
1453 1655 1500 1691 vt
1525 1651 1783 1697 atrocissima
1816 1649 1874 1687 ita

272 1699 509 1750 falsissima,
540 1703 665 1752 idque
692 1705 801 1753 apud
828 1718 897 1743 eos
922 1706 1132 1756 principes
1157 1706 1264 1756 apud
1287 1720 1388 1756 quos
1409 1707 1535 1744 etiam
1556 1706 1606 1743 de
1626 1706 1749 1744 rebus
1768 1717 1873 1742 com-

272 1755 402 1803 pertis
421 1756 612 1806 religiose
630 1758 884 1808 loquendum
906 1762 1025 1799 esset.
1084 1762 1148 1799 Ex
1176 1774 1256 1810 quo
1279 1761 1398 1799 facile
1425 1765 1488 1799 est
1513 1760 1711 1799 coniicere
1736 1758 1875 1808 qualia

272 1808 358 1847 sint
379 1823 482 1859 quae
497 1812 605 1860 apud
626 1825 725 1851 suos
745 1814 905 1852 sodales
924 1814 967 1852 in
989 1815 1367 1865 compotationibus
1386 1815 1653 1854 deblaterant.
1714 1814 1761 1852 si
1780 1813 1874 1862 quis

272 1864 443 1902 Aiacem
463 1864 652 1904 imitatus
671 1867 714 1905 in
735 1881 880 1917 porcos
900 1870 1100 1908 conuiciis
1119 1882 1164 1908 ac
1183 1870 1278 1908 telis
1299 1870 1441 1918 seuiat,
1466 1870 1578 1908 hunc
1596 1871 1874 1917 Agamemno·

193 1931 255 1953 210
273 1930 371 1956 nem
399 1919 624 1968 appellans,
658 1921 778 1959 illum
809 1922 1005 1972 Vlyssem
1035 1927 1107 1963 aut
1137 1924 1386 1973 Menelaum,
1421 1937 1544 1962 nemo
1577 1926 1671 1973 post
1704 1923 1873 1960 haberet

272 1972 400 2010 fidem
421 1973 584 2012 homini
603 1976 675 2025 qui
694 1977 780 2014 tam
795 1976 1028 2016 luculenter
1046 1978 1270 2017 insanisset
1289 1979 1429 2017 semel.
1487 1979 1548 2016 At
1568 1978 1636 2016 hic
1656 1978 1729 2026 qui
1749 1980 1811 2015 tot
1829 1990 1875 2014 ac

272 2026 425 2065 talibus
446 2028 549 2066 viris
568 2030 746 2069 testibus
766 2031 824 2069 sic
843 2032 1071 2081 insanierit,
1096 2033 1214 2083 quasi
1233 2047 1276 2071 re
1296 2033 1402 2071 bene
1421 2035 1546 2082 gesta,
1569 2032 1730 2081 plaudit
1749 2032 1875 2070 etiam

273 2080 366 2129 sibi,
382 2095 616 2133 magnaque
630 2085 848 2125 autoritate
864 2087 914 2125 de
927 2087 1061 2125 causis
1076 2087 1171 2126 fidei
1185 2087 1441 2137 pronunciat.
1476 2087 1583 2135 Quid
1597 2089 1737 2124 autem
1752 2086 1876 2124 refert

272 2138 416 2174 vtrum
437 2150 460 2175 a
479 2139 623 2177 morbo
643 2142 826 2189 corporis
846 2153 900 2178 an
919 2141 970 2179 ab
985 2141 1117 2179 animi
1135 2142 1241 2181 vicio
1263 2142 1543 2192 proficiscatur
1572 2141 1734 2179 insania
1749 2142 1769 2179 ‘?
1797 2140 1876 2178 hoc

195 2201 255 2231 215
274 2192 337 2228 est
361 2190 413 2229 ab
440 2192 685 2233 humoribus
715 2195 968 2234 viciantibus
994 2209 1145 2246 organa
1171 2196 1312 2244 animi,
1342 2210 1394 2234 an
1420 2196 1471 2233 ab
1501 2195 1606 2243 odio,
1631 2195 1872 2238 stoliditate,

274 2245 477 2295 superbia,
508 2246 668 2286 inuidia
697 2249 946 2300 caeterisque
973 2250 1095 2288 malis
1114 2250 1366 2288 viciantibus
1392 2249 1525 2288 animi
1550 2250 1761 2288 iudicium.
1820 2248 1877 2287 Et

274 2299 379 2337 tales
398 2300 481 2338 fere
497 2304 777 2352 comperimus
797 2317 942 2342 omnes
961 2304 1064 2343 istos
1079 2304 1151 2354 qui
1171 2304 1300 2342 bonas
1319 2305 1463 2343 literas
1483 2305 1745 2354 impugnant,
1765 2316 1876 2341 nuno

276 2353 543 2403 Oapnionem,
567 2370 680 2394 nunc
708 2358 951 2407 Lutherum,
975 2372 1088 2397 nunc
1115 2359 1353 2397 Romanum
1375 2358 1636 2406 Pontificem,
1659 2371 1772 2396 nunc
1797 2357 1878 2395 alia

274 2410 399 2456 atque
427 2409 508 2447 alia
536 2413 822 2459 praetexentes
848 2413 1029 2460 nomina,
1063 2413 1136 2451 sed
1163 2414 1336 2451 eandem
1366 2415 1534 2462 agentes
1564 2413 1748 2451 fabulam
1778 2412 1876 2450 licet

195 2473 258 2495 220
274 2461 445 2500 variatis
464 2465 651 2512 personis
667 2479 713 2504 ac
729 2467 875 2516 scenis,
893 2480 977 2505 non
998 2468 1134 2506 solum
1154 2467 1340 2505 indoctos
1357 2468 1630 2505 verumetiam
1646 2468 1872 2505 dementes.

331 2515 384 2554 In
414 2516 681 2558 Standiciana
700 2521 840 2560 fabula
860 2535 911 2560 ne
931 2521 1135 2570 syllabam
1156 2521 1326 2571 quidem
1345 2522 1498 2569 affinxi,
1522 2522 1723 2572 quaedam
1749 2520 1875 2560 etiam

276 2571 458 2619 prudens
486 2573 643 2612 reticui.
705 2576 760 2613 Et
790 2576 917 2614 huius
945 2576 1109 2625 generis
1135 2579 1350 2614 sexcentas
1379 2588 1545 2626 possem
1574 2577 1738 2615 referre.
1793 2575 1873 2613 Sed

275 2638 403 2662 vnam
422 2626 572 2664 addam
593 2628 638 2665 in
658 2630 900 2678 praesentia,
924 2643 1028 2679 quae
1048 2629 1242 2667 nonnihil
1262 2630 1312 2668 ad
1329 2631 1434 2669 hanc
1447 2643 1535 2668 rem
1550 2630 1660 2669 facit.
1713 2628 1877 2668 Nomen

276 2679 448 2717 interim
468 2681 681 2730 tacebitur,
706 2683 830 2722 etiam
851 2685 887 2723 si
915 2684 986 2722 ille
1012 2684 1199 2722 monitus
1218 2698 1241 2722 a
1260 2697 1326 2722 me
1347 2687 1394 2723 vt
1420 2685 1635 2723 desisteret
1662 2684 1707 2723 in
1733 2697 1877 2723 meum

364 2783 437 2814 208.
465 2782 693 2815 deblaterant
710 2788 744 2815 H
751 2787 847 2817 Lond.
865 2797 872 2817 :
896 2786 1098 2818 deblaterat
1114 2785 1188 2818 ΙΡΝ3
1202 2798 1210 2819 2
1234 2789 1250 2818 ἰ)
1266 2787 1467 2820 deblaterat
1484 2799 1526 2819 an
1542 2788 1787 2820 deblaterarit.

325 2896 395 2927 192.
420 2887 517 2928 apud
535 2889 792 2931 Louanienses]
811 2892 875 2922 Sco
893 2892 958 2931 Ep.
978 2893 1044 2931 670
1112 2902 1193 2923 rum
1212 2892 1341 2924 hostes.
1390 2893 1463 2924 But
1480 2893 1521 2924 cf.
1542 2894 1681 2925 critical
1699 2897 1792 2927 note.

278 2931 411 2963 introd.
1156 2945 1230 2975 223.
1257 2936 1413 2977 Nomen]
1431 2937 1494 2976 Ep.
1515 2939 1598 2976 1196
1611 2939 1734 2970 makes
1749 2940 1779 2970 it
1794 2948 1879 2979 easy

323 2983 397 3014 195.
422 2975 572 3017 alicubi]
591 2976 644 3007 Of.
662 2977 724 3017 Ep.
749 2979 842 3009 1006.
867 2988 963 3018 ¹71¹¹·
1113 2981 1149 3010 to
1172 2979 1329 3019 identify
1352 2980 1427 3011 this
1449 2990 1579 3021 person
1607 2982 1696 3013 with
1720 2982 1879 3014 Vincent

322 3020 397 3050 208.
417 3019 662 3061 deblaterant]
676 3031 717 3051 sc.
734 3022 910 3053 bonarum
924 3023 1044 3054 litera·
1110 3022 1333 3054 'rheodorici.
