1990 3353
459 135 530 174 ΤΟ
568 134 898 174 GODESOALG
936 135 1277 174 ROSEMONDT
1587 136 1667 174 365

63 134 185 189 1153]

60 245 226 284 iudiciis
254 245 512 283 vinceretur:
543 244 651 293 quod
672 243 872 281 sentirem
893 242 1213 293 Card<inalem>
1237 257 1260 282 a
1279 243 1496 282 nonnullis
1516 244 1565 283 ad
1588 245 1664 283 hoc

59 299 261 349 instigari,
292 302 338 337 vt
371 298 495 337 illum
525 311 599 336 sua
627 297 815 347 potentia
847 297 1110 348 opprimeret,
1147 311 1243 337 cum
1281 298 1416 349 magis
1454 298 1666 348 expediret

60 353 230 392 reuinci.
277 354 408 392 Erant
428 352 530 391 aliae
551 365 693 390 causae
713 352 943 401 permultae
963 365 1036 390 cur
1054 353 1133 391 hoc
1153 353 1390 391 faciendum
1404 352 1504 391 duxi
1521 367 1529 400 ;
1564 366 1666 403 quas

58 410 239 458 praestat
259 421 396 446 coram
415 419 626 456 exponere.

114 462 206 500 Hoc
226 475 310 500 non
330 464 419 500 erat
439 461 609 511 probare
630 474 734 510 quae
753 460 898 499 scribit
918 459 1225 509 Lutherus,sed
1241 461 1474 511 improbare
1496 462 1666 500 modum

61 529 106 554 ac
139 517 253 555 viam
292 529 372 567 qua
409 516 533 554 illum
571 515 827 553 conabantur
847 515 1090 564 opprimere.
1161 515 1214 553 In
1249 529 1296 554 ea
1329 515 1537 554 sententia
1569 529 1664 554 sum

61 571 187 609 etiam
207 570 340 608 hodie.
402 570 627 619 Nunquam
645 569 831 618 probaui,
856 582 932 607 nec
951 569 1199 618 probaturus
1224 583 1319 608 sum
1344 583 1582 620 quenquam
1608 571 1666 609 sic

60 625 310 663 clamoribus
347 625 455 673 apud
494 623 697 673 populum
736 623 927 673 opprimi,
963 623 1208 674 priusquam
1245 624 1342 662 libri
1377 625 1462 663 sint
1496 625 1591 663 lecti
1624 627 1666 663 et

59 679 233 726 excussi,
266 679 511 729 priusquam
540 677 778 716 admonitus
811 677 866 716 sit
894 677 966 728 qui
995 682 1113 724 errat,
1146 679 1389 728 priusquam
1419 680 1667 728 redargutus

60 733 116 771 sit
144 733 405 783 argumentis
433 734 474 770 et
504 745 638 771 sacrae
666 732 900 781 Scripturae
929 733 1193 771 testimoniis.
1254 733 1300 772 Si
1331 733 1408 771 hoc
1440 736 1501 771 est
1529 734 1666 772 fauere

60 788 256 835 LutherO,
294 787 437 826 fauent
470 786 534 825 illi
567 787 710 835 magni
738 786 829 833 viri,
861 787 931 825 sed
964 787 1132 832 cordati,
1166 787 1237 836 qui
1270 790 1410 825 tamen
1448 788 1667 837 negocium

60 844 323 891 susceperant
343 841 541 880 aduersus
560 841 814 879 Lutherum:
845 843 886 878 et
905 841 982 879 hos
1002 841 1080 879 tibi
1100 842 1316 891 proferam,
1336 855 1431 880 cum
1451 843 1529 880 erit
1550 855 1663 891 opus.

60 896 153 935 Imo
183 897 335 934 fauisse
364 895 529 934 videtur
556 895 622 933 illi
650 896 865 934 Romanus
894 895 1090 934 Pontifex
1120 895 1164 934 in
1193 895 1342 944 Bulla;
1387 909 1491 946 quae
1524 899 1667 935 tamen

60 951 193 1000 magis
222 951 329 1000 sapit
358 950 619 1000 quorundam
648 948 963 1001 πτωχοτυροίννων
990 951 1210 989 saeuiciam
1243 964 1368 1001 quam
1401 951 1504 988 mite
1534 952 1667 989 nostri

60 1004 215 1042 Leonis
234 1005 461 1055 ingenium,
477 1004 548 1054 qui
563 1006 604 1042 et
618 1004 801 1054 spatium
818 1004 1051 1052 indulserit,
1067 1007 1108 1043 et
1122 1005 1387 1043 admonuerit
1401 1007 1448 1044 vt
1468 1006 1668 1044 aduersus

61 1059 294 1097 Lutherum
322 1059 616 1109 praedicarent,
648 1059 758 1097 haud
789 1073 995 1109 quaquam
1030 1059 1073 1097 id
1107 1059 1290 1098 sentiens
1318 1061 1365 1098 vt
1396 1059 1518 1098 illum
1548 1061 1668 1098 Anti-

62 1113 266 1152 christum
295 1113 561 1163 appellarent,
588 1114 659 1151 sed
686 1116 732 1152 vt
761 1113 928 1152 diuinae
958 1114 1195 1163 Scripturae
1223 1114 1476 1153 testimoniis
1506 1114 1668 1153 diuersa

63 1168 267 1216 docerent,
301 1168 335 1205 si
370 1168 468 1217 quid
504 1167 576 1206 ille
610 1181 825 1218 perperam
858 1168 1073 1206 docuisset.
1134 1169 1226 1207 Hoc
1260 1169 1384 1216 enim,
1417 1169 1575 1218 opinor,
1606 1172 1668 1208 est

62 1222 264 1272 theologis
285 1222 540 1272 praedicare:
571 1235 666 1260 nam
688 1225 735 1260 vt
754 1222 934 1272 aliquem
955 1236 976 1260 e
996 1226 1193 1272 suggestu
1214 1236 1366 1272 magna
1381 1236 1478 1261 voce
1500 1223 1668 1262 beluam

61 1290 182 1315 voces
212 1279 283 1315 aut
310 1276 634 1324 Antichristum,
667 1277 776 1314 nihil
805 1290 907 1327 opus
937 1280 1000 1315 est
1029 1277 1233 1327 theologo,
1265 1291 1360 1316 cum
1395 1277 1506 1315 idem
1538 1278 1668 1328 possit

61 1344 202 1369 scurra
231 1330 417 1380 quilibet.

117 1385 348 1424 Consilium
372 1398 515 1423 meum
542 1397 626 1423 non
655 1386 826 1424 omnino
852 1385 982 1424 fuisse
1011 1386 1172 1424 malum
1202 1386 1387 1424 fortassis
1415 1387 1553 1426 exitus
1581 1387 1669 1437 ipse

63 1440 234 1478 docebit.
294 1440 384 1489 Ego
412 1439 508 1477 facti
533 1440 662 1477 vestri
692 1453 775 1478 non
805 1453 898 1478 sum
925 1440 1011 1478 Deo
1040 1441 1246 1478 rationem
1275 1441 1532 1480 redditurus:
1575 1456 1670 1491 quo-

63 1507 225 1543 cunque
253 1493 425 1532 consilio
454 1507 518 1531 res
548 1497 690 1543 coepta
716 1497 790 1542 est,
816 1508 960 1544 precor
983 1496 1029 1533 vt
1053 1497 1187 1533 vertat
1218 1495 1261 1533 in
1293 1495 1465 1544 gloriam
1497 1496 1664 1535 Christi.

62 1548 279 1586 Admonui
306 1551 353 1586 vt
381 1548 568 1598 primum
599 1548 821 1597 diligenter
854 1549 1089 1598 legerentur
1119 1549 1274 1598 scripta
1308 1550 1492 1597 Lutheri,
1524 1551 1670 1589 deinde

62 1603 181 1641 libris
199 1602 343 1641 aeditis
364 1615 409 1640 ac
428 1602 780 1652 disputationibus
798 1603 1067 1651 refelleretur,
1087 1605 1127 1642 et
1147 1604 1312 1642 omissis
1333 1605 1671 1643 contentionibus

62 1657 229 1696 veritati
248 1657 542 1704 consuleret-ur,
567 1670 641 1695 nec
662 1658 840 1707 populus
864 1659 915 1696 ad
939 1658 1065 1696 huius
1090 1658 1252 1696 fabulae
1282 1659 1494 1697 theatrum
1522 1660 1670 1698 admit-

63 1714 238 1751 teretur:
269 1712 367 1761 quid
395 1711 552 1749 factum
578 1712 645 1760 sit,
669 1712 750 1761 ipsi
775 1712 902 1751 scitis.
961 1713 1042 1750 Tot
1066 1715 1164 1751 sunt
1190 1713 1308 1751 milia
1334 1713 1586 1762 rabinorum,
1608 1717 1671 1753 tot

63 1768 161 1804 sunt
182 1766 253 1815 qui
273 1766 353 1804 sibi
374 1766 431 1803 dii
451 1766 659 1804 videntur.
707 1767 862 1805 Nullus
881 1767 1020 1806 extitit
1039 1767 1109 1817 qui
1125 1767 1307 1805 Luthero
1323 1767 1457 1806 sobrie
1472 1769 1671 1818 docteque

64 1821 339 1870 responderet,
372 1820 463 1858 siue
500 1821 666 1859 inscitia
704 1821 786 1859 fuit
819 1822 863 1859 in
897 1834 1029 1866 causa,
1066 1822 1154 1860 siue
1187 1822 1356 1871 ignauia
1387 1822 1475 1860 siue
1509 1826 1670 1870 metus;

65 1888 240 1924 quorum
262 1874 369 1912 nihil
390 1875 587 1924 competit
606 1875 651 1913 in
670 1875 819 1925 probos
834 1875 1059 1925 theologos,
1106 1876 1184 1924 Qui
1200 1877 1402 1914 hactenus
1418 1877 1671 1927 scripserunt

64 1928 265 1967 aduersus
300 1928 545 1977 Lutherum,
577 1943 653 1967 nec
686 1930 806 1969 vobis
839 1930 1001 1980 probari
1034 1930 1140 1968 scio:
1187 1944 1363 1980 quorum
1398 1931 1559 1980 primus
1592 1933 1671 1970 fuit

65 1983 286 2033 Syluester,
309 1983 523 2032 proximus
547 1984 748 2023 Minorita
774 1985 956 2034 quidam,
982 1984 1136 2024 tertius
1163 1986 1361 2035 ἀνώνυμος,
1387 1985 1550 2024 etiamsi
1577 2000 1670 2036 prae

113 2161 183 2189 127.
210 2149 501 2191 πτωχοτυρὰννων]
518 2150 570 2182 Cf.
584 2151 649 2190 Ep.
662 2152 737 2190 998.
751 2161 831 2191 5911.

113 2195 183 2225 128.
211 2195 369 2234 spatium
386 2193 596 2235 indulserit]
615 2194 668 2225 Cf.
688 2195 711 2226 l.
731 2205 811 2234 3511.

114 2247 184 2276 135.
212 2237 344 2279 exitus]
363 2238 412 2269 Cf.
434 2238 534 2277 Verg.
551 2241 632 2269 Aen.
653 2247 684 2278 5.
702 2247 776 2278 523.

114 2283 184 2320 146.
212 2281 412 2322 Syluester]
431 2281 482 2313 Cf.
503 2282 565 2321 Ep.
588 2282 662 2321 872.
685 2284 761 2314 16n.

157 2325 344 2367 Minoi-ita]
356 2325 558 2366 Augustine
573 2325 739 2357 ofAlseld
754 2337 762 2365 3
778 2336 835 2358 see

68 2368 130 2408 Ep.
156 2371 246 2408 1167.
265 2379 367 2408 407n.

156 2412 330 2453 ἀνώνυμος]
373 2412 571 2452 Evidently
606 2413 667 2444 the
705 2414 836 2444 author

70 2455 109 2486 of
121 2458 284 2487 Heuocatio
302 2459 438 2488 Martini
450 2459 590 2487 Lutlzerii
600 2460 837 2495 Auqustmiant

70 2502 112 2530 ad
135 2504 275 2530 sanctam
300 2503 418 2540 Sedem,
437 2510 462 2531 s.
481 2501 502 2531 1.
524 2501 560 2531 et
583 2510 626 2539 a.,
648 2502 710 2532 but
729 2501 836 2532 dated

71 2553 112 2572 22
131 2543 216 2574 Nov.
239 2543 340 2586 15}g:
365 2553 385 2574 a
403 2554 480 2575 rare
496 2543 640 2576 volume
657 2546 694 2575 of
715 2545 834 2575 which

71 2587 174 2617 there
192 2586 220 2617 is
237 2598 257 2618 a
274 2597 360 2628 copy
374 2588 411 2618 in
428 2587 490 2618 the
508 2587 783 2619 Hofbibliothek
802 2590 837 2619 at

72 2630 232 2661 Munich.
274 2630 330 2661 He
347 2641 419 2661 was
435 2641 456 2661 a
473 2631 700 2670 Dominican,
717 2631 837 2663 anelat

72 2673 134 2704 the
152 2674 222 2705 end
239 2674 277 2704 of
298 2674 354 2705 his
375 2675 462 2705 book
484 2676 621 2714 praises
644 2676 792 2707 Francis
810 2685 832 2715 1,

76 2717 160 2756 ‘qui
179 2742 186 2749 .
207 2743 214 2749 .
231 2743 238 2750 .
260 2719 337 2757 pari
354 2717 428 2748 zelo
450 2718 627 2749 iustitiam
644 2730 684 2749 ae
701 2720 836 2751 littera-

72 2771 152 2792 rum
190 2761 310 2792 studia
348 2762 587 2802 prosequitur,
626 2763 737 2794 voluti
775 2774 838 2803 ego

73 2805 248 2844 quottidie
273 2805 459 2845 experior:
489 2805 566 2837 eius
590 2815 719 2846 nempe
744 2808 838 2846 regia

74 2847 236 2888 largitate
260 2850 428 2888 suffragia
452 2849 658 2880 litterarum
685 2850 836 2881 militiae

74 2892 246 2932 praestita
276 2895 407 2931 cogunt
439 2902 495 2923 me
521 2916 527 2922 .
556 2915 564 2923 .
590 2891 613 2923 .'
645 2893 741 2932 gLE2.
774 2896 839 2933 366

76 2935 238 2973 intrmL).
288 2936 426 2966 Luther
456 2935 527 2966 had
552 2945 636 2967 seen
661 2938 722 2967 the
750 2938 837 2968 book

75 2978 121 3018 by
137 2989 156 3018 3
174 2980 264 3019 Aug.
288 2989 371 3018 1520
384 2979 482 3018 (LE2.
496 2986 576 3019 334)
594 2990 602 3017 ;
618 2981 689 3011 and
701 2981 840 3012 :illudes

75 3024 111 3052 to
129 3023 156 3054 it
179 3025 283 3054 twice
306 3024 343 3054 in
369 3024 430 3055 the
457 3026 628 3061 c'apttuz‘tas
650 3027 840 3061 Babylonica

905 2150 1083 2192 (Weimar
1105 2151 1160 2183 ed.
1186 2152 1234 2188 vi,
1259 2162 1316 2191 pp.
1343 2154 1417 2192 498,
1438 2154 1528 2193 501),
1549 2153 1671 2183 which

903 2194 1080 2234 appeared
1098 2205 1125 2225 0.
1144 2197 1165 2225 6
1181 2195 1255 2226 Oct.
1279 2206 1362 2235 1520
1386 2196 1485 2237 (LE2.
1506 2206 1581 2236 350.
1600 2198 1668 2235 38).

905 2238 956 2270 Cf.
977 2238 1051 2269 also
1067 2238 1147 2269 Am.
1170 2239 1207 2270 E.
1228 2248 1258 2278 5,
1280 2250 1309 2278 7.

946 2282 1020 2312 The
1056 2283 1178 2313 writer
1209 2283 1274 2313 has
1306 2284 1393 2314 been
1426 2283 1672 2324 conclusivvly

905 2325 1093 2357 identified
1104 2327 1150 2365 by
1162 2326 1197 2357 F.
1212 2327 1390 2358 Lauchert
1402 2328 1541 2368 (Italion.
1558 2331 1674 2365 Geyner

904 2372 1045 2409 Luthers,
1069 2379 1162 2409 1912,
1183 2380 1240 2409 pp.
1261 2372 1407 2410 200—15)
1426 2372 1515 2402 with
1534 2372 1670 2402 Isidore

906 2414 949 2444 (10
980 2413 1136 2444 Isolanis
1162 2414 1199 2453 (Τ
1214 2415 1322 2453 1528),
1349 2424 1369 2445 a
1397 2415 1610 2446 Dominiean
1638 2416 1676 2445 of

907 2458 939 2487 S.
969 2457 1083 2488 Maria
1107 2457 1201 2488 delle
1227 2458 1352 2488 Grazie
1374 2461 1410 2489 at
1436 2459 1562 2499 Milan,
1590 2460 1672 2490 who

906 2510 978 2531 was
1018 2501 1102 2532 BJ).
1145 2503 1181 2531 at
1220 2502 1389 2541 Bologna,
1431 2503 1502 2533 and
1542 2503 1671 2542 taught

906 2544 1076 2584 theology
1095 2545 1130 2574 ln
1150 2554 1259 2584 many
1277 2545 1405 2576 houses
1423 2547 1461 2577 of
1478 2547 1536 2577 his
1556 2547 1668 2580 order.

906 2590 942 2618 at
981 2589 1100 2628 I'avia‚
1134 2588 1283 2628 Verona,
1324 2590 1449 2629 Milan,
1485 2590 1670 2630 Cremona,

910 2641 1066 2670 1513421.
1116 2632 1284 2663 Between
1313 2635 1396 2672 1506
1419 2634 1491 2665 and
1520 2644 1602 2673 1523
1627 2635 1670 2664 he

906 2675 1108 2715 published,
1130 2677 1261 2715 mostly
1277 2678 1313 2707 at
1335 2677 1459 2717 Milan,
1478 2688 1498 2708 a
1521 2678 1673 2708 number

906 2720 944 2749 of
971 2720 1088 2749 works
1120 2729 1166 2750 on
1190 2720 1453 2760 philosophical
1477 2721 1549 2752 and
1574 2722 1672 2752 theo-

908 2762 1030 2802 logical
1049 2763 1213 2802 subjects,
1227 2764 1313 2794 such
1328 2774 1366 2795 as
1382 2768 1426 2795 De
1444 2768 1672 2796 immortalitate

907 2809 1010 2837 animi
1026 2809 1169 2845 humani,
1187 2809 1230 2837 De
1245 2812 1423 2839 aeternitate
1438 2812 1553 2839 mundi
1568 2820 1574 2839 ε
1599 2809 1672 2839 also

907 2860 927 2881 a
939 2851 1130 2889 panegyric
1144 2861 1189 2881 on
1205 2851 1317 2882 Milan
1333 2862 1369 2882 as
1389 2853 1548 2883 ‘Galliae
1562 2852 1671 2883 Cisal-

907 2894 1013 2933 pinae
1031 2895 1268 2934 metropolis’,
1287 2896 1357 2925 and
1376 2905 1421 2926 an
1444 2896 1608 2935 Epitome
1625 2907 1671 2926 ou

908 2937 969 2968 the
993 2937 1186 2968 Svntences
1210 2938 1396 2970 dedicated
1421 2942 1457 2970 to
1481 2940 1623 2970 Francis
1649 2949 1669 2970 1.

908 2982 971 3012 See
989 2981 1063 3011 also
1080 2981 1205 3020 Quetif
1220 2982 1291 3013 and
1309 2983 1460 3022 Echard,
1480 2986 1590 3021 Script.
1606 2986 1670 3013 ord.

910 3027 1021 3056 Praecl.
1040 3025 1075 3055 ii.
1095 3034 1148 3063 50.

1688 313 1746 346 115

1690 586 1749 607 120

1689 857 1747 889 125

1690 1130 1750 1161 130

1691 1401 1749 1434 135

1693 1675 1753 1707 140

1694 1947 1751 1979 145
