1990 3353
78 107 197 162 1245]
499 108 651 147 FROM
691 109 877 148 PETER
916 110 1235 150 BARBIRIUS
1592 113 1671 150 605

74 222 180 260 dicte
201 223 412 272 signatur-e
433 222 569 261 bullas
588 223 718 260 facere
738 224 927 272 expedire
955 224 1043 261 sine
1063 237 1156 262 meo
1176 224 1241 261 vel
1263 224 1540 274 cuiuscunque
1561 238 1670 263 nouo
1693 239 1732 260 20

72 289 286 314 consensu.
336 277 439 324 Quia
451 290 547 314 vero
568 277 617 314 de
636 277 835 326 pensione
855 291 925 316 sex
946 278 1146 315 librarum
1167 291 1404 327 grossorum
1425 292 1518 316 cum
1536 280 1671 317 media

72 343 196 380 super
215 331 426 380 prebenda
440 331 754 380 Cortracen<si>
773 332 1075 381 assignatarum
1096 345 1179 370 non
1193 334 1328 380 potest
1341 333 1418 370 hoc
1431 334 1554 371 modo
1567 334 1669 378 fieri,

71 397 145 433 ego
166 384 329 423 decreui
354 385 422 423 vel
452 385 518 423 hic
545 385 613 423 vel
640 385 683 422 in
712 386 906 423 Flandria
937 399 1008 434 pro
1037 386 1096 424 eis
1123 386 1304 436 accipere
1335 386 1579 425 beneficium
1602 387 1671 425 ali-

71 439 177 488 quod
213 451 285 477 seu
318 439 604 479 sacerdotium.
637 442 677 477 et
706 441 806 477 tunc
835 440 1029 478 similiter
1058 441 1318 478 consentiam
1350 440 1393 478 in
1430 441 1671 489 pensionem

71 492 265 541 similem,
297 492 406 531 sicut
437 494 523 531 iam
557 506 854 532 consensurum
889 507 955 531 me
988 494 1148 543 predixi
1179 495 1312 544 quoad
1347 495 1427 533 alia
1462 495 1670 534 beneficia.
1694 509 1730 539 25

73 547 177 595 Quia
196 560 291 584 vero
319 547 388 585 hic
414 547 495 586 rari
523 550 622 586 sunt
651 548 805 586 notarii
833 548 1060 597 apostolici.
1082 549 1299 597 presertim
1320 549 1390 597 qui
1412 549 1558 587 Latine
1578 550 1671 588 scri-

72 601 167 639 bere
185 601 357 650 possint‚
376 614 438 648 ne,
455 615 609 650 precor,
626 604 745 650 putes
766 615 833 639 me
854 602 978 640 fidem
1000 615 1084 640 non
1104 615 1279 646 seruare,
1305 603 1339 639 si
1361 616 1455 641 cum
1476 604 1671 652 presenti-

73 655 149 693 bus
182 668 268 693 non
302 655 453 693 misero
485 656 815 704 procuratorium
847 656 897 694 ad
929 656 1005 694 hoc
1038 656 1302 702 faciendum3
1343 657 1411 694 sed
1447 658 1555 706 quod
1587 671 1670 696 non

71 710 219 748 faciam
241 709 317 747 hoc
337 710 501 756 nuncio,
525 709 670 748 faciam
693 724 764 759 per
783 711 1032 759 proximum.

127 764 319 802 Ceterum
340 764 435 813 quia
454 764 546 802 aliis
565 764 697 802 literis
720 764 803 802 tuis
823 765 872 802 ad
893 777 960 802 me
987 764 1202 814 scripsisti,
1225 765 1382 813 placere
1403 765 1479 802 tibi
1500 765 1533 802 si
1556 766 1672 803 fratri
1693 778 1732 807 30

72 831 164 856 meo
192 819 345 856 horum
374 818 668 856 beneficiorum
699 821 859 868 partem
889 818 1180 868 relinquerem,
1210 832 1284 868 ego
1315 820 1353 856 ei
1384 833 1478 857 cum
1514 833 1671 869 presen-

71 872 184 910 tibus
204 872 346 917 scribo,
371 886 416 910 ac
437 872 560 910 mitto
580 874 906 922 procuratorium
927 874 977 911 ad
999 873 1224 911 cedendum
1248 873 1285 910 ei
1305 873 1519 911 ecclesiam
1540 874 1672 912 sancti

72 926 209 977 Egidii
228 927 272 964 in
292 927 448 971 Wasia,
470 941 621 976 rogans
646 930 693 965 vt
722 928 864 966 statim
894 928 1165 966 constitueret
1193 931 1472 976 procuratores
1501 928 1550 965 ad
1579 941 1672 966 con-

71 981 337 1019 sentiendum
371 981 413 1019 iu
449 982 692 1031 pensionem
724 982 914 1020 omnium
947 982 1159 1020 fructuum
1194 981 1243 1019 ad
1277 982 1509 1020 vtilitatem
1543 984 1668 1030 tuam,

71 1036 179 1074 sicut
205 1036 418 1085 hucusque
442 1036 662 1085 recepisti:
698 1037 804 1085 quod
830 1036 921 1074 ideo
949 1036 997 1074 ad
1030 1039 1071 1074 te
1101 1036 1236 1084 mitto,
1261 1039 1305 1074 vt
1329 1036 1534 1085 intelligat
1562 1050 1604 1075 se
1630 1038 1671 1075 id
1695 1049 1730 1079 35

71 1102 224 1127 munus
243 1090 316 1128 abs
337 1093 377 1128 te
398 1090 536 1139 potius
551 1091 746 1140 consequi
766 1104 891 1140 quam
906 1091 956 1128 ab
975 1090 1056 1128 alio
1076 1103 1318 1140 quocunque
1335 1105 1342 1135 ;
1372 1090 1498 1128 simul
1516 1093 1575 1137 vt,
1591 1091 1673 1130 nisi

72 1144 149 1182 tibi
179 1144 393 1193 placuerit,
428 1158 509 1182 non
541 1145 732 1183 exhibeas
765 1146 920 1183 dictum
953 1145 1294 1194 procuratorium,
1326 1144 1406 1183 nisi
1438 1145 1552 1194 prius
1586 1159 1672 1194 pro-

71 1201 278 1237 curatores
297 1198 346 1236 ad
367 1200 443 1237 hoc
463 1199 712 1237 sufficientes
732 1200 993 1238 constituerit
1014 1200 1084 1249 qui
1103 1199 1263 1248 possint
1283 1199 1454 1237 nomine
1473 1212 1557 1246 suo,
1577 1213 1671 1238 casu

72 1266 152 1302 quo
182 1253 307 1291 fuerit
338 1253 375 1291 ei
406 1254 618 1303 prouisum
651 1254 699 1291 de
733 1254 839 1292 dicta
868 1253 1047 1301 ecclesia,
1087 1253 1318 1291 consentire
1353 1254 1395 1291 in
1430 1254 1671 1303 pensionem

70 1309 243 1355 tantam,
266 1310 469 1357 quantum
489 1308 571 1345 fuit
591 1309 699 1358 quod
720 1308 898 1358 singulis
923 1308 1046 1346 aunis
1065 1308 1212 1346 solitus
1237 1321 1280 1346 es
1304 1308 1353 1345 de
1373 1308 1484 1346 dicta
1504 1308 1674 1347 ecclesia
1691 1321 1733 1350 40

73 1362 272 1411 recipere3
304 1362 430 1400 simul
451 1367 508 1406 vt,
533 1363 568 1401 si
587 1363 798 1401 videbitur
826 1362 903 1400 tibi
933 1365 973 1400 et
1002 1362 1055 1400 iis
1084 1375 1187 1412 quos
1218 1362 1292 1399 hac
1320 1362 1361 1399 in
1392 1376 1433 1399 re
1459 1363 1672 1400 adhibebis

71 1416 338 1465 consiliarios,
362 1430 446 1455 non
467 1417 538 1455 des
559 1417 888 1466 procuratorium
908 1416 1160 1463 huiusmodi,
1186 1416 1314 1454 donec
1333 1429 1407 1465 ego
1429 1429 1672 1455 consensero

70 1472 113 1508 in
135 1471 379 1520 pensionem
399 1471 614 1520 prefatam.
674 1472 739 1516 Et,
764 1471 871 1510 sicut
892 1471 973 1509 iam
995 1471 1176 1520 premisi,
1198 1470 1256 1508 sic
1277 1470 1347 1508 fiet
1367 1473 1414 1508 vt
1436 1470 1601 1508 nullum
1623 1472 1672 1509 de

71 1525 159 1574 ipso
180 1525 306 1563 :fratre
325 1525 500 1563 dubium
519 1526 651 1575 possis
671 1525 820 1564 habere
836 1539 846 1572 ;
876 1525 962 1575 ipse
990 1526 1104 1563 enim
1131 1528 1224 1574 post
1244 1525 1403 1563 dictum
1425 1538 1673 1563 consensum

71 1592 220 1627 meum,
257 1580 328 1618 vbi
360 1581 559 1629 receperit
589 1579 851 1628 beneficium,
887 1593 972 1618 non
1003 1580 1156 1628 poterit
1185 1580 1315 1617 facere
1349 1579 1451 1629 quin
1484 1580 1533 1617 ad
1568 1580 1672 1618 solu·
1691 1591 1731 1622 45

71 1634 227 1672 tionem
248 1634 461 1683 pensionis
482 1634 700 1684 obligetur.
761 1634 855 1672 Non
884 1634 1078 1684 equidem
1109 1633 1214 1683 quod
1247 1633 1435 1671 dubitem
1465 1634 1515 1671 de
1542 1634 1674 1683 ipsius

72 1688 210 1726 fratris
231 1689 314 1726 mei
340 1689 421 1726 fide
451 1689 496 1726 in
523 1690 579 1736 te,
607 1689 674 1727 vel
699 1688 748 1726 de
773 1691 847 1726 tua
868 1689 913 1738 in
937 1701 1032 1726 eum
1062 1701 1145 1737 spe,
1171 1688 1240 1725 sed
1262 1691 1307 1725 vt
1334 1687 1507 1726 tollatur
1536 1689 1672 1726 omnis

70 1743 252 1792 periculi,
275 1745 480 1792 quantum
500 1744 714 1781 commode
733 1743 822 1781 fieri
842 1743 1003 1793 poterit,
1025 1744 1191 1781 occasio.
1243 1742 1286 1780 Si
1307 1743 1417 1779 enim
1440 1743 1477 1779 ei
1497 1742 1672 1791 resigna-

73 1800 186 1835 retur
214 1799 436 1846 antequam
469 1811 544 1847 ego
574 1798 854 1836 consentirem
888 1797 933 1835 in
967 1797 1209 1846 pensionem
1247 1796 1503 1843 huiusmodi,
1532 1800 1672 1846 posset

72 1853 228 1890 interea
247 1852 363 1899 mori,
385 1853 426 1889 et
446 1852 505 1890 sic
524 1854 572 1890 tu
592 1852 789 1902 pensione
810 1854 851 1890 et
871 1865 946 1901 ego
966 1852 1055 1901 ipso
1074 1851 1273 1889 beneficio
1293 1851 1487 1900 priuarer.
1692 1864 1733 1895 50

126 1907 281 1944 Eorum
303 1919 380 1955 que
401 1906 468 1944 hic
490 1906 764 1956 contigerunt,
787 1906 918 1944 nichil
949 1905 1134 1952 scribam,
1160 1919 1211 1943 ne
1238 1905 1494 1943 occasionem
1522 1905 1672 1943 habeas

71 1961 271 1999 irridendi
298 1960 444 1998 stilum
474 1974 615 1999 meum
644 1963 729 1998 tam
760 1974 845 1998 non
875 1960 1124 1998 Liuianum:
1156 1959 1228 2009 qui
1258 1960 1291 1996 si
1321 1959 1446 1997 michi
1476 1962 1582 1998 esset
1611 1960 1672 1997 vti

72 2015 241 2053 domino
280 2029 370 2053 meo
405 2014 590 2064 Erasmo,
626 2014 873 2054 celebrarem
910 2017 1017 2053 certe
1054 2027 1196 2052 meum
1236 2014 1429 2052 Carolum
1468 2016 1671 2063 quantum

72 2070 223 2107 veritas
260 2070 468 2119 pateretur
499 2071 622 2119 atque
656 2070 787 2107 decor.
848 2069 986 2107 Nichil
1022 2071 1083 2106 est
1115 2068 1223 2118 quod
1260 2081 1453 2106 moneam
1489 2071 1528 2106 te
1561 2081 1672 2106 nunc

72 2137 193 2173 super
213 2124 348 2162 turbis
367 2123 459 2162 istis
479 2123 876 2173 Louanien<sibus>,
902 2123 1237 2173 quandoquidem
1258 2122 1418 2160 videam
1441 2135 1584 2160 nocere
1606 2135 1671 2160 me
1691 2137 1729 2166 55

72 2179 211 2227 potius
234 2191 358 2228 quam
379 2179 531 2216 iuuare.
594 2178 686 2216 Hoc
706 2191 836 2216 vnum
857 2178 1005 2216 faciam
1027 2177 1135 2227 quod
1155 2189 1325 2226 possum
1346 2191 1354 2214 :
1390 2177 1525 2215 Deum
1548 2179 1670 2215 orabo

72 2237 117 2270 vt
138 2234 196 2271 ita
221 2235 262 2271 te
290 2235 443 2282 tuaque
472 2232 613 2271 omnia
641 2233 802 2282 dirigat,
826 2235 871 2271 vt
900 2233 949 2270 ad
979 2232 1155 2282 gloriam
1184 2233 1225 2269 et
1255 2231 1456 2268 honorem
1485 2243 1607 2269 suum
1632 2234 1671 2269 et

72 2287 249 2325 salutem
279 2290 396 2325 tuam
427 2289 468 2325 et
497 2287 686 2325 omnium
716 2289 906 2325 nostrum
936 2286 1161 2324 vtilitatem
1193 2285 1319 2332 cedat,
1353 2285 1459 2334 quod
1493 2289 1533 2322 te
1563 2287 1671 2323 certe

72 2342 201 2379 facere
221 2341 408 2388 coufid03
437 2343 480 2379 et
499 2343 557 2389 tu,
582 2341 750 2379 domine
771 2342 830 2379 mi
851 2342 1032 2388 Erasme,
1055 2340 1164 2378 idem
1185 2339 1319 2386 facito,
1343 2353 1450 2388 rogo.

126 2395 228 2433 Vale
248 2395 311 2433 Ex
330 2395 515 2434 Victoria
534 2395 660 2434 tercio
680 2395 751 2434 cal.
776 2395 958 2434 decemb.
981 2407 1089 2432 anno
1117 2405 1225 2440 1521.
1691 2388 1731 2420 00

830 2450 952 2495 Tuus,
975 2452 1021 2487 vt
1041 2461 1197 2495 seruus,
1222 2447 1372 2485 Petrus
1396 2447 1620 2486 Barbirius.

127 2537 378 2575 Doctissimo
412 2536 536 2575 simul
566 2542 606 2576 et
634 2537 939 2576 humanissimo
969 2536 1066 2582 viro,
1102 2535 1270 2574 domino
1304 2535 1476 2573 Erasmo
1507 2536 1672 2574 Rotero-

73 2592 205 2637 dam0‚
229 2591 398 2629 domino
418 2604 579 2641 semper
599 2592 864 2630 obseruando.

114 2733 165 2755 22.
194 2722 432 2764 Corn-acensi]
456 2722 519 2753 See
537 2724 598 2763 Ep.
614 2724 689 2762 436.
707 2732 764 2761 5n.
802 2723 837 2753 It
906 2722 993 2761 Epp.
1012 2722 1076 2759 613
1093 2721 1234 2759 inu-011„
1257 2730 1349 2759 1094.
1367 2730 1445 2760 29η.

73 2777 220 2807 appears
258 2767 339 2797 that
377 2776 398 2797 a
433 2768 513 2797 libra
554 2777 727 2805 messorum
765 2776 837 2796 was
949 2775 1000 2804 32.
1028 2765 1142 2795 sancti
1162 2764 1294 2804 ligidii]
1319 2765 1384 2794 See
1402 2764 1463 2803 Ep.
1484 2772 1668 2803 1094.29n.

73 2810 187 2841 worth
206 2820 248 2840 20
264 2810 397 2840 florius.
950 2818 1001 2847 53.
1026 2807 1189 2838 Cal-olum
1206 2811 1207 2841 i
1233 2807 1381 2838 Charles
1395 2818 1425 2837 v.

116 2854 168 2885 28.
195 2853 493 2894 procuratorium]
520 2853 556 2884 It
585 2853 661 2884 still
685 2853 755 2884 had
776 2855 838 2883 not
950 2861 1002 2891 55.
1029 2851 1173 2892 nocere]
1192 2851 1376 2882 Bai-birius
1392 2849 1579 2889 evidently
1591 2859 1670 2880 cou-

73 2897 261 2929 arrivedin
271 2897 352 2937 May
363 2906 458 2935 1522:
477 2908 533 2927 see
542 2897 605 2937 Ep.
618 2898 711 2936 1287.
725 2906 837 2928 xoe1x.
907 2895 1134 2926 sideredthat
1143 2894 1199 2925 his
1210 2894 1333 2925 advice
1344 2894 1414 2925 had
1430 2892 1671 2933 onlyspurred

117 2951 170 2980 30.
193 2941 274 2971 aliis
290 2939 422 2982 literis]
448 2940 517 2971 Not
532 2944 667 2971 extant.
908 2940 1076 2969 Erasmus
1102 2948 1146 2968 011
1175 2941 1211 2968 to
1238 2937 1365 2977 justify
1395 2937 1551 2975 himself,
1582 2936 1669 2966 with

161 2983 282 3025 fratri]
329 2984 497 3015 Nicholas
532 2984 739 3022 Barbirius3
781 2994 836 3014 see
907 2983 993 3022 Epp.
1018 2983 1109 3020 1216τ
1133 2991 1223 3020 1225,
1247 2991 1340 3020 1235.
