1990 3353
153 153 275 207 1132]
637 153 707 191 ΤΟ
746 153 981 192 THOMAS
1020 153 1264 192 WOLSEY
1673 156 1754 194 325

147 264 347 315 temporis
365 264 542 303 maiores
561 275 649 302 esse
668 262 863 302 videbam
883 276 1009 313 quam
1028 266 1075 302 vt
1094 263 1288 303 auderem
1309 277 1333 303 a
1352 264 1487 314 prima
1505 265 1756 304 salutat-ione

148 319 373 369 prolixiore
412 318 618 368 colloquio
655 317 934 367 interpellare.
1007 318 1092 356 Pro
1137 318 1339 369 singulari
1375 319 1517 358 fauore
1560 333 1643 370 quo
1686 333 1755 358 me
1772 332 1790 364 5

148 374 352 412 hactenus
388 374 639 423 prosequuta
677 374 739 410 est
779 371 884 410 ΚΤ.
896 372 961 421 1).,
999 372 1129 412 habeo
1163 373 1363 423 gratiam:
1410 386 1650 425 quanquam
1678 374 1755 413 hoc

150 428 274 467 officii
311 441 397 466 non
435 429 523 465 tam
561 426 669 465 mihi
706 428 890 476 praestat
929 439 1056 476 quam
1093 427 1214 466 bonis
1247 428 1411 477 studiis,
1448 428 1600 478 quibus
1639 441 1756 467 meae

148 482 355 521 desudant
381 481 559 531 vigiliae.
619 481 845 531 Cupiebam
870 480 1009 531 aliquo
1034 484 1311 521 monumento
1336 484 1480 521 testari
1503 482 1695 522 animum
1715 486 1757 522 et

150 550 381 576 memorem
400 538 442 574 et
462 539 640 586 gratum,
664 535 735 574 sed
760 535 964 574 hactenus
989 536 1199 574 voluntati
1226 539 1391 576 nostrae
1416 537 1550 576 defuit
1577 550 1755 576 commo-

149 591 269 630 ditas.
328 591 383 629 Et
416 592 559 629 tamen
592 590 765 628 interim
802 589 1078 641 qualicunque
1115 590 1260 629 libello
1298 594 1512 641 vtcunque
1551 592 1756 631 declaraui
1778 603 1818 627 10

148 645 468 696 propensionem
494 644 624 683 animi
647 644 743 683 mei.
802 644 913 683 Eum
939 657 1058 695 spero
1083 658 1159 694 pro
1184 645 1309 685 solita
1334 649 1407 685 tua
1431 646 1757 686 mansuetudine

147 712 232 738 non
251 698 548 750 aspernaberis.

204 754 433 793 Germania
452 753 570 792 velut
589 755 725 792 oestro
745 753 902 803 percita
919 753 1062 792 fremit
1088 767 1134 793 ac
1160 754 1292 793 saeuit
1318 755 1364 794 in
1391 754 1523 794 Leum
1551 755 1758 794 sexcentis

148 808 319 847 libellis.
368 808 534 847 Obsisto
553 807 689 847 literis
707 810 912 858 quantum
932 821 1115 858 possum.
1173 808 1341 859 Negant
1360 822 1403 847 se
1424 823 1608 860 vnquam
1630 810 1758 860 parci-

147 866 266 901 turos
299 864 396 910 Leo,
430 863 544 913 genti
576 862 817 912 parcituros,
854 865 979 912 atque
1012 863 1214 902 hactenus
1247 865 1417 902 tantum
1454 864 1562 903 mihi
1596 878 1756 903 morem
1778 876 1816 908 15

147 919 349 967 gesturos.
411 917 519 956 Mihi
552 917 793 956 consultum
826 917 992 956 videtur
1024 921 1071 957 vt
1105 917 1215 957 Leus
1251 918 1392 968 aliquo
1429 919 1584 969 scripto
1622 919 1757 969 placet

149 972 390 1020 Germanos,
429 984 533 1022 quos
571 971 725 1010 odiosis
761 971 806 1010 in
843 985 911 1010 me
950 972 1150 1011 conuiciis
1188 972 1386 1012 irritauit.
1447 974 1536 1024 Ego
1568 973 1755 1013 vicissim

146 1026 312 1065 adnitar
331 1029 378 1065 vt
396 1025 523 1065 huius
542 1026 774 1075 tragoediae
793 1026 848 1064 sit
868 1026 977 1065 finis.

202 1081 283 1129 Qui
311 1080 386 1120 has
413 1080 550 1119 reddit
578 1080 907 1130 Christophorus
936 1081 1226 1132 Palaeologus‚
1253 1082 1485 1121 monachus
1511 1084 1572 1121 est
1599 1083 1758 1122 montis

149 1135 260 1183 Sina,
296 1136 362 1173 vir
393 1135 661 1186 probatorum
695 1135 918 1174 hominum
952 1135 1194 1175 testimonio
1227 1136 1338 1175 claro
1371 1150 1521 1186 genere
1555 1139 1681 1177 natus
1709 1151 1754 1176 ac
1775 1152 1818 1175 20

148 1203 261 1229 mere
287 1189 566 1238 Christianus,
591 1191 724 1239 atque,
749 1192 795 1229 vt
821 1191 910 1240 ipse
935 1203 985 1228 ex
1011 1190 1210 1229 familiari
1231 1192 1531 1230 consuetudine
1558 1192 1752 1242 comperi,

147 1244 314 1294 probus,
339 1244 563 1291 modestus,
589 1257 664 1283 nec
690 1244 905 1284 infacetus.
967 1243 1092 1294 Cupit
1119 1245 1316 1284 nonnihil
1343 1259 1617 1285 nummorum
1645 1246 1756 1285 colli-

147 1311 240 1348 gere
261 1298 520 1338 subleuando
540 1299 794 1338 monasterio
818 1312 908 1344 suo,
929 1299 1037 1349 quod
1059 1299 1264 1338 nimirum
1290 1313 1388 1339 vere
1414 1301 1574 1340 dictum
1601 1301 1756 1351 experi-

146 1356 218 1392 tur
237 1353 434 1400 Hesiodo,
454 1366 608 1392 noxam
621 1366 710 1392 esse
726 1353 889 1392 malum
905 1354 1090 1392 vicinum
1107 1370 1116 1394 ε
1145 1354 1246 1392 adeo
1265 1368 1290 1394 a
1308 1354 1544 1394 Sarracenis
1559 1355 1756 1394 finitimis

147 1407 362 1457 expilatur.
422 1407 506 1446 Hic
526 1408 675 1446 messis
694 1407 759 1446 illi
779 1408 861 1447 fuit
881 1408 1107 1447 admodum
1127 1408 1293 1455 sterilis,
1317 1409 1384 1447 vel
1405 1410 1502 1459 quia
1529 1410 1755 1450 tenaciores
1777 1420 1816 1452 25

148 1475 305 1509 sumus,
327 1462 395 1500 vel
414 1462 510 1512 quia
530 1462 799 1501 vehementer
817 1463 969 1512 vbique
989 1463 1141 1513 frigere
1161 1464 1297 1514 coepit
1326 1477 1390 1502 res
1416 1464 1751 1515 indulgentiaria.

147 1516 292 1566 Sperat
310 1516 437 1555 isthic
456 1516 542 1556 fore
561 1516 780 1567 aliquanto
799 1517 1032 1556 vberiorem
1050 1531 1058 1555 :
1089 1530 1164 1556 nec
1185 1518 1332 1556 dubito
1352 1518 1455 1568 quin
1475 1519 1616 1558 futura
1635 1519 1703 1568 sit,
1721 1519 1757 1558 si

147 1574 220 1609 tua
238 1570 441 1610 celsitudo
468 1570 612 1609 dextro
641 1573 747 1610 nutu
774 1571 937 1610 fauerit.
998 1572 1054 1610 Et
1080 1572 1250 1620 fauebit,
1274 1572 1337 1611 vti
1365 1586 1495 1622 spero,
1517 1574 1586 1612 vel
1612 1587 1757 1613 causae

146 1625 236 1675 piae
259 1625 327 1665 vel
353 1625 516 1664 homini
542 1625 698 1675 probo:
727 1639 812 1665 non
840 1626 953 1665 enim
979 1626 1115 1665 ausim
1141 1626 1352 1677 postulare
1378 1630 1425 1666 vt
1451 1628 1561 1677 apud
1587 1630 1756 1667 tantum

147 1680 273 1718 heroa
300 1679 429 1718 huius
458 1679 707 1719 homunculi
736 1680 1045 1720 commendatio
1070 1681 1235 1731 pondus
1258 1681 1393 1720 vllum
1416 1682 1579 1722 habeat.
1640 1683 1756 1722 Bene
1778 1695 1820 1726 30

146 1734 282 1773 valeat
302 1734 349 1772 E.
375 1734 422 1773 T.
445 1734 493 1773 R.
518 1735 593 1773 D.:
623 1735 690 1773 cui
711 1748 775 1773 me
795 1748 961 1774 summo
981 1735 1123 1774 studio
1147 1736 1407 1775 commendo.

201 1788 488 1839 Antuuerpiae
506 1789 688 1839 septimo
708 1790 811 1828 Idus
831 1791 1011 1840 August.
1043 1791 1172 1829 Anno
1191 1803 1351 1829 M.D.xx.

555 1961 681 2002 1133.
743 1961 808 2003 To
840 1961 1065 2003 Wunffl
1103 1962 1346 2005 BL-DAEL-g‚

194 2067 388 2113 Epistolae
405 2067 454 2103 ad
473 2067 639 2104 diuersos
656 2079 693 2113 p.
713 2077 792 2113 593.
1460 2068 1651 2114 Antwerp.

195 2124 266 2160 HN
285 2139 291 2161 :
319 2125 438 2163 Lond.
456 2125 528 2162 xvi.
548 2137 592 2161 2:
620 2125 693 2162 LB.
715 2135 793 2171 519.
1399 2136 1420 2171 9
1438 2126 1584 2173 August
1606 2136 1708 2172 1520.

189 2224 350 2267 [Clearly
366 2225 406 2255 in
423 2225 486 2256 the
499 2235 595 2256 same
608 2235 692 2265 year
702 2235 741 2257 as
757 2226 846 2266 Epp.
867 2226 961 2265 1087,
982 2235 1016 2256 11
1027 2236 1075 2265 17.
1125 2224 1193 2256 For
1208 2225 1271 2256 the
1287 2224 1487 2264 place-date
1501 2224 1544 2256 cf.
1559 2224 1622 2264 Ep.
1644 2223 1755 2264 1132]

611 2340 821 2371 ERASMVS
853 2341 1038 2371 BVDAEO
1069 2341 1150 2370 SVO
1183 2340 1216 2368 S.
1242 2339 1284 2370 D.

201 2430 432 2467 Amlconvm
467 2427 622 2477 optime
656 2427 783 2465 simul
817 2430 858 2465 et
891 2425 1186 2465 eruditissime.
1245 2426 1289 2464 Si
1324 2425 1468 2464 Morus
1505 2428 1546 2464 et
1584 2426 1755 2466 Brixius

144 2485 284 2522 essent
299 2496 323 2521 a
341 2495 409 2521 me
428 2481 684 2530 alienissimi,
704 2485 845 2520 tamen
860 2481 1130 2520 vehementer
1149 2480 1333 2519 dolerem
1349 2479 1567 2519 literarum
1583 2481 1754 2520 nomine

191 2603 288 2634 1132.
307 2603 337 2633 6.
355 2602 394 2634 R.
406 2601 443 2632 T.
458 2602 498 2633 D.
518 2605 569 2633 F:
592 2605 653 2633 tua
667 2602 873 2642 benignitas
890 2604 932 2632 H.
1023 2610 1074 2639 31.
1102 2600 1218 2630 valeat
1236 2621 1244 2629 .
1265 2622 1273 2630 .
1292 2623 1298 2630 .
1318 2599 1588 2630 commendoF:
1612 2599 1691 2631 vale
1707 2602 1751 2630 H.

143 2675 196 2683 >-

191 2713 287 2744 1132.
307 2722 356 2744 10.
381 2711 519 2753 libello]
536 2712 599 2743 See
617 2712 679 2752 Ep.
702 2722 795 2744 1112.
984 2712 1148 2742 dextram
1174 2710 1319 2741 dextrae
1343 2711 1468 2741 iunxi:
1493 2710 1580 2750 quid
1601 2711 1653 2750 ni,
1672 2720 1753 2742 cum

195 2766 244 2796 13.
269 2755 401 2796 oestro]
418 2756 471 2788 Cf.
492 2756 556 2796 Ep.
576 2765 671 2795 1130.
691 2758 722 2788 6.
986 2756 1056 2786 iam
1076 2755 1174 2785 inter
1188 2764 1253 2785 nos
1269 2754 1489 2786 debellatum
1505 2756 1624 2786 esset?
1637 2754 1644 2766 ’
1685 2755 1754 2785 Lee

194 2811 244 2839 14.
270 2799 421 2840 libellis]
439 2799 491 2831 Cf.
512 2800 576 2840 Ep.
597 2800 691 2830 1128.
711 2809 764 2831 111.
984 2808 1058 2829 was
1074 2798 1229 2839 perhaps
1244 2798 1335 2829 then
1352 2808 1448 2839 upon
1462 2798 1520 2829 his
1534 2807 1615 2838 way
1628 2798 1733 2829 home
1747 2810 1753 2829 ι

195 2845 242 2876 18.
270 2845 318 2875 sit
342 2842 441 2884 finis]
466 2837 646 2874 Erasmus'
664 2843 845 2874 readiness
862 2843 916 2874 for
984 2843 1027 2873 cf.
1046 2842 1108 2882 Ep.
1133 2851 1227 2880 1¹40·
1251 2851 1300 2881 17.

148 2887 419 2919 reconciliation
437 2887 468 2918 is
484 2887 628 2918 further
643 2887 769 2917 shown
795 2888 840 2927 by
856 2886 915 2917 his
1032 2896 1080 2925 19.
1107 2884 1351 2926 Palaeologus]
1376 2885 1429 2917 Cf.
1454 2884 1519 2925 Ep.
1537 2894 1612 2925 594.
1630 2886 1753 2925 6,9nn.

145 2931 366 2971 description
384 2931 422 2961 in
441 2930 504 2961 the
521 2933 659 2968 Sponyia
675 2930 760 2971 (LB.
777 2940 812 2962 x.
833 2931 916 2970 1649
985 2929 1042 2960 He
1059 2928 1245 2968 evidently
1258 2929 1410 2968 brought
1427 2938 1472 2959 an
1486 2929 1699 2968 indulgence
1718 2931 1754 2959 to

145 2984 165 3006 c
184 2989 210 3000 =
229 2975 307 3006 HE.
320 2983 396 3014 333,
413 2977 429 3012 ξ
448 2975 524 3014 169)
539 2973 814 3013 ofhismeeting
825 2975 915 3004 with
986 2973 1072 3012 help
1088 2973 1166 3003 him
1185 2973 1222 3003 in
1240 2972 1298 3003 his
1309 2972 1497 3004 collection
1513 2983 1521 3003 ε
1544 2972 1609 3003 but
1627 2972 1644 3002 I
1663 2973 1752 3003 have

148 3018 216 3050 Lee
227 3021 263 3049 at
276 3018 440 3049 Calaisin
451 3017 539 3058 July
551 3018 624 3057 (see
636 3027 658 3057 p
680 3018 778 3057 296):
798 3019 805 3033 ‘
816 3017 915 3048 Salu-
986 3019 1047 3048 not
1067 3017 1153 3047 been
1171 3016 1249 3047 able
1267 3018 1304 3047 to
1319 3019 1415 3047 trace
1432 3026 1452 3046 a
1468 3025 1555 3056 copy
1572 3016 1610 3045 of
1625 3016 1663 3046 it.

147 3063 224 3092 tnui
242 3062 426 3092 hominem
449 3061 578 3092 Caletii
597 3060 686 3092 sorte
705 3061 866 3099 obuium,
881 3065 916 3092 et
1030 3070 1082 3098 24.
1112 3059 1286 3101 Hesiodo]
1306 3063 1358 3097 Op.
1379 3061 1451 3099 346.
