1990 3353
42 123 163 177 1232]
320 125 390 164 ΤΟ
429 124 718 165 NICHOLAS
757 125 829 164 oF·
867 124 1368 166 HERTOGENBOSCH
1561 128 1640 166 575

36 238 107 275 aut
136 249 183 274 ea
216 235 480 285 philosophia
507 236 691 274 multum
719 235 844 273 habet
872 235 1181 283 sanctimoniae,
1213 237 1286 274 aut
1316 236 1514 284 praeclari
1543 238 1641 274 sunt

36 289 216 329 artifices
245 289 318 339 qui
350 289 422 328 illa
455 289 512 328 sic
546 292 703 327 norunt
735 289 807 327 vti.
870 288 978 327 Sunt
1007 292 1046 327 et
1075 302 1188 328 nunc
1218 290 1408 329 haereses
1438 289 1642 340 quaedam
1662 294 1701 335 85

36 343 313 386 scholasticae,
331 344 381 382 de
401 343 552 393 quibus
570 344 740 382 fortasse
759 345 986 393 praestaret
1006 356 1091 381 non
1111 343 1171 382 ita
1190 344 1456 393 pertinaciter
1476 346 1642 383 conten-

37 399 132 437 dere
151 399 196 436 vt
216 398 326 436 orbis
354 398 544 436 tumultu
573 398 825 436 misceatur:
855 397 1095 447 praesertim
1127 411 1256 447 quum
1286 411 1360 437 nec
1391 412 1640 448 magnopere

37 452 268 491 conducant
286 452 338 490 ad
357 452 511 490 bonam
532 452 675 500 vitam,
701 465 776 489 nec
795 451 975 490 officiant
995 451 1149 500 gloriae
1170 452 1334 491 Christi.

89 506 168 544 Sed
187 508 251 545 est
270 506 452 544 haeresis
472 506 685 556 quaedam,
705 519 808 555 quae
829 519 1067 556 quanquam
1088 506 1268 544 haeresis
1287 506 1535 545 vocabulum
1555 520 1640 545 non

35 562 254 609 mereatur,
291 562 432 599 tamen
465 560 694 598 maximam
728 560 956 610 perniciem
995 560 1128 598 adfert
1166 561 1278 599 vitae
1316 561 1557 599 mortalium
1596 574 1640 599 ac
1660 574 1702 606 90

35 614 265 664 plurimum
301 614 425 653 officit
464 614 737 664 Euangelicae
768 614 1011 660 autoritati;
1053 627 1183 664 quum
1214 615 1245 652 ii
1283 615 1355 664 qui
1393 616 1641 665 profitentur

36 668 340 718 philosophiam
356 668 520 716 Christi,
537 669 609 719 qui
628 682 671 708 se
691 671 842 718 gerunt
862 682 935 718 pro
957 669 1135 707 summis
1151 669 1324 707 ducibus
1338 682 1383 707 ac
1403 669 1640 718 proceribus

35 724 163 762 totius
182 723 325 773 populi
345 722 583 771 Christiani,
608 723 745 772 palam
764 724 852 761 tota
871 723 968 766 vita,
990 723 1092 760 totis
1112 723 1271 769 studiis,
1294 723 1393 761 totis
1412 724 1636 771 conatibus,

35 777 143 815 nihil
159 777 270 816 aliud
287 777 459 816 doceant
475 790 599 827 quam
620 777 891 815 ambitionem
906 777 1126 827 plusquam
1144 777 1398 824 theatricam,
1418 777 1639 816 auariciam

35 831 324 878 insatiabilem,
354 832 617 881 voluptatum
645 831 886 870 auiditatem
921 831 1231 882 inexplebilem,
1261 832 1468 870 bellorum
1497 831 1637 880 furias,
1660 845 1700 878 95

34 888 269 936 caeteraque
298 899 400 935 quae
433 899 570 925 sacrae
602 886 749 924 literae
783 886 1058 933 detestantur,
1087 899 1191 936 quae
1223 886 1274 924 ab
1306 886 1483 925 ethnicis
1515 886 1639 924 etiam

34 940 294 990 philosophis
312 940 614 990 improbantur.
674 940 768 978 Non
789 940 870 979 ista
890 940 1120 991 loquuntur
1141 939 1326 990 quidem,
1345 941 1416 979 sed
1438 940 1641 979 efficacius

33 996 96 1033 est
115 994 194 1033 ista
212 995 354 1033 viuere
374 1008 499 1045 quam
519 995 640 1045 loqui.

89 1049 203 1097 Quod
243 1062 378 1099 nuper
415 1049 460 1087 in
492 1049 697 1100 colloquio
734 1049 997 1099 significabas
1035 1052 1076 1087 te
1107 1049 1288 1098 cogitare
1318 1050 1367 1088 de
1401 1049 1640 1099 deponenda

35 1102 256 1153 tyrannide
284 1105 366 1151 tua,
400 1117 483 1142 non
513 1104 640 1153 probo
669 1106 790 1142 tuum
820 1103 1051 1142 consilium.
1112 1103 1393 1154 Posteaquam
1413 1104 1639 1154 productus
1662 1120 1723 1144 100

33 1170 77 1196 es
106 1159 149 1196 in
182 1158 458 1207 proscenium,
490 1159 722 1208 peragenda
750 1160 814 1196 est
846 1158 1010 1197 fabulae
1038 1171 1133 1207 pars
1167 1171 1293 1208 quam
1327 1158 1405 1196 tibi
1436 1158 1638 1209 choragus

33 1212 226 1250 iniunxit.
287 1212 332 1251 Si
351 1212 416 1250 vir
442 1213 576 1251 bonus
605 1226 659 1260 es,
684 1214 730 1251 vt
760 1212 865 1251 mihi
894 1225 1138 1262 persuasum
1169 1215 1231 1251 est
1261 1226 1347 1251 esse
1375 1216 1428 1261 te,
1452 1226 1536 1251 non
1561 1213 1638 1251 tibi

34 1266 268 1315 displicebit
306 1269 378 1305 tua
415 1267 598 1305 conditio
636 1267 745 1317 quod
775 1267 966 1306 videatur
995 1266 1207 1315 humilior,
1242 1267 1313 1306 sed
1352 1267 1429 1305 hoc
1468 1267 1637 1306 nomine

32 1320 221 1370 placebit,
279 1321 388 1370 quod
441 1321 485 1359 in
534 1334 580 1360 ea
629 1321 751 1360 liceat
799 1321 1029 1371 plurimum
1071 1321 1263 1370 prodesse
1315 1321 1637 1372 reip<ublicae>.

34 1375 261 1414 Offendunt
292 1379 332 1414 te
359 1377 594 1425 temporum
624 1376 775 1414 horum
805 1376 1025 1415 tumultus.
1085 1376 1163 1414 Sed
1195 1375 1367 1415 iuterim
1399 1377 1504 1426 quod
1539 1377 1637 1414 boni
1660 1387 1719 1419 105

34 1430 215 1468 naucleri
235 1429 380 1475 solent,
404 1430 542 1468 ventis
562 1430 965 1480 obsequundandum
985 1433 1047 1468 est
1068 1430 1200 1468 donec
1220 1430 1388 1468 redierit
1409 1431 1608 1469 serenitas
1627 1445 1636 1478 3

34 1497 167 1534 neque
205 1484 319 1522 enim
352 1484 451 1523 haec
482 1487 711 1534 tempestas
749 1485 827 1523 erit
861 1485 1071 1532 diuturna,
1107 1484 1169 1523 vti
1197 1497 1324 1534 spero.
1385 1485 1499 1523 Bene
1530 1485 1633 1534 vale,

36 1537 201 1577 Nicolae
243 1538 493 1577 charissime.
553 1539 617 1577 Ex
654 1539 899 1578 Anderlaco.
937 1539 1041 1589 prid.
1080 1538 1162 1577 Cal.
1198 1539 1429 1590 Septembr.
1491 1537 1635 1592 [Anno

0 1642 1 1650 ἵ
38 1593 262 1631 millesimo
293 1593 628 1643 quingentesimo
657 1591 890 1645 vigesimo]

439 1791 562 1831 1233.
626 1789 689 1831 To
722 1789 943 1830 WILLIAM
977 1788 1215 1830 BUDAEUS.

80 1901 272 1947 Epistolae
290 1902 338 1937 ad
356 1901 520 1937 diuersos
537 1914 572 1948 p.
592 1903 673 1948 651.
1245 1901 1483 1937 Anderlecht.

79 1959 172 1996 HN:
200 1960 318 1997 Lond.
337 1960 423 1996 xvii.
445 1961 508 1997 16:
536 1961 611 1996 LB.
630 1962 711 2006 605.
1147 1960 1200 2008 (c.
1220 1958 1462 2006 September>
1486 1969 1586 2005 1521.

77 2060 111 2102 [Ι
123 2062 254 2091 cannot
266 2060 383 2100 assign
397 2070 417 2091 a
430 2070 527 2091 more
539 2060 675 2101 precise
689 2059 770 2090 date
786 2062 822 2090 to
839 2059 913 2090 this
930 2059 1036 2090 letter
1049 2059 1138 2090 than
1151 2059 1230 2089 that
1243 2059 1272 2089 it
1285 2060 1382 2089 must
1395 2058 1457 2089 fall
1470 2058 1634 2089 between

32 2103 209 2135 Erasmus'
228 2107 354 2134 return
371 2103 462 2134 from
480 2103 615 2144 Bruges
632 2105 668 2134 at
683 2103 746 2134 the
762 2103 832 2134 end
851 2103 888 2133 of
902 2103 1041 2143 August
1059 2107 1108 2143 (p.
1129 2104 1206 2142 552)
1225 2102 1295 2133 and
1314 2102 1372 2132 his
1389 2102 1579 2142 departure
1596 2104 1634 2134 to

31 2147 134 2179 Basle
150 2148 257 2179 about
272 2148 335 2179 the
352 2147 424 2178 end
440 2148 479 2178 of
491 2147 642 2179 October
660 2148 708 2187 (p.
728 2147 818 2187 598).

75 2191 142 2222 For
159 2191 288 2222 details
305 2191 343 2222 of
356 2191 483 2223 More's
499 2190 628 2230 family
644 2200 701 2222 see
718 2190 781 2231 Ep.
799 2189 890 2231 999.]

298 2304 503 2334 ERASMVS
535 2303 634 2334 ROT.
668 2303 905 2334 GVLIELMO
938 2301 1118 2332 BVDAEO
1152 2300 1234 2332 SVO
1265 2302 1299 2333 S.
1324 2300 1367 2331 D.

85 2398 176 2437 CVM
206 2396 394 2447 proxime
423 2397 576 2447 Brugis
605 2409 737 2435 essem
766 2395 808 2434 in
838 2394 1108 2434 celeberrimo
1140 2393 1323 2432 Caesaris
1352 2393 1565 2441 comitatu,
1590 2394 1633 2431 in

31 2465 112 2490 vno
141 2450 251 2489 saltu
280 2451 437 2490 multos
467 2451 556 2501 cepi
585 2451 757 2500 lepores,
790 2452 836 2488 vt
865 2449 989 2488 habet
1018 2447 1296 2498 prouerbium,
1329 2447 1405 2486 hoc
1435 2449 1496 2486 est
1526 2461 1633 2486 com-

31 2506 169 2554 plures
206 2505 360 2544 amicos
397 2506 539 2544 eadem
581 2518 705 2554 opera
751 2504 959 2551 salutaui;
1008 2503 1077 2541 sed
1115 2502 1324 2551 imprimis
1369 2515 1453 2540 non
1493 2502 1633 2541 minus

31 2560 263 2599 humanum
302 2572 426 2610 quam
464 2572 677 2610 magnum,
719 2559 796 2598 hoc
838 2560 901 2596 est
939 2571 1024 2596 non
1062 2557 1204 2595 minus
1241 2555 1468 2595 amandum
1508 2569 1632 2606 quam

75 2674 169 2705 1232.
202 2683 272 2704 101.
300 2673 354 2703 est
369 2673 423 2705 H:
447 2674 583 2705 esttibi
602 2677 636 2705 F.
728 2674 798 2704 108.
823 2673 931 2704 Anno
950 2697 956 2703 .
978 2697 984 2703 .
1008 2697 1016 2704 .
1035 2682 1107 2712 109.
1135 2671 1306 2711 vigesimo
1322 2673 1395 2702 add.
1414 2673 1457 2701 H.
1535 2670 1631 2701 1233.

30 2727 92 2749 rrr.
138 2726 199 2748 svo
215 2727 272 2748 om.
289 2718 331 2747 H.

78 2829 171 2860 1232.
192 2838 245 2868 99.
270 2825 496 2868 deponenda]
521 2825 699 2857 Nicholas'
718 2836 797 2866 pro·
912 2833 984 2862 103.
1011 2822 1198 2864 humilior]
1211 2822 1397 2853 Thisview
1408 2822 1438 2853 is
1449 2821 1631 2853 combated

33 2873 129 2912 posal
158 2874 195 2903 to
224 2872 343 2912 res-ign
374 2871 433 2902 his
457 2869 796 2910 schoolmastership
867 2869 913 2907 by
944 2869 1114 2898 Erasmus
1146 2867 1183 2897 in
1214 2866 1277 2906 Ep.
1307 2875 1379 2905 237.
1411 2866 1513 2904 71-81
1543 2865 1628 2896 also.

34 2925 116 2956 may
129 2916 219 2947 have
231 2916 322 2946 been
336 2914 529 2946 connected
544 2914 634 2944 with
649 2913 705 2943 his
717 2914 796 2944 sub·
866 2912 935 2943 For
952 2912 1246 2950 encouragement
1271 2912 1306 2940 to
1328 2909 1480 2940 another
1498 2908 1630 2939 school-

33 2959 391 2998 sequentdifficulties
402 2958 508 2989 about
517 2957 772 2990 Lutheranism
788 2967 796 2995 ;
866 2958 997 2986 mast-21·
1011 2954 1086 2994 just
1103 2956 1139 2984 at
1156 2954 1230 2984 this
1246 2954 1335 2984 time
1352 2963 1407 2983 see
1426 2953 1487 2992 Ep.
1511 2961 1602 2991 1234.

33 3003 75 3034 cf.
94 3002 157 3042 Ep.
175 3004 249 3034 616.
272 3012 348 3041 14n.
911 2999 1004 3029 1233.
1026 3008 1055 3030 2.
1081 2995 1328 3038 prouerbium]
1348 2996 1393 3027 Cf
1413 2999 1515 3034 Aclaq.
1532 2997 1627 3034 2563.
