1990 3353
99 137 227 193 1112]
592 140 663 178 TO
701 138 937 178 THOMAs
974 139 1213 178 WOLSEY
1624 143 1703 181 285

94 252 140 290 in
174 250 447 290 interuallum
478 251 586 300 quod
626 262 773 288 versus
808 247 1008 298 epistolae
1047 248 1221 288 dirimit.
1278 249 1447 288 Titulus
1483 250 1527 288 in
1566 253 1705 290 totum

95 306 181 344 fere
199 305 420 355 ademptus
438 308 512 353 est,
534 304 647 342 haud
667 304 751 342 scio
770 316 851 353 quo
872 302 1058 341 consilio.

152 360 308 398 Insunt
334 360 380 398 in
407 359 606 398 omnibus
625 357 715 397 loca
734 356 941 396 nonnulla
961 370 1065 407 quae
1091 357 1286 397 lectorem
1315 360 1526 397 attentum
1553 361 1595 398 et
1615 373 1704 398 cau-
1723 374 1762 405 35

95 417 190 454 tum
209 414 447 464 requirant:
477 412 592 452 velut
615 412 660 450 in
687 412 822 461 prima
847 412 897 449 de
924 411 1102 460 Christo,
1126 412 1199 462 qui
1225 413 1270 451 in
1291 413 1440 463 spiritu
1460 414 1704 463 praedicarit

96 468 315 517 spiritibus
333 468 379 506 in
399 480 556 506 carcere
575 467 826 514 constitutis,
849 466 921 516 qui
941 465 1041 504 olim
1062 466 1241 505 fuissent
1269 467 1474 506 increduli
1490 481 1500 515 ;
1528 468 1631 506 item
1652 469 1702 507 de

96 523 328 572 Euangelio
347 522 524 561 mortuis
543 522 669 560 etiam
691 520 937 570 praedicato.
997 519 1051 558 In
1070 521 1251 560 secunda
1277 521 1328 560 de
1354 522 1630 561 daemonibus
1658 522 1704 560 in

95 577 297 615 iudicium
317 577 518 624 seruatis;
549 576 596 614 de
613 575 816 614 maledico
836 574 1001 622 iudicio,
1026 575 1136 624 quod
1159 589 1232 614 1100
1251 576 1389 626 angeli
1402 576 1545 616 ferunt
1564 577 1704 615 aduer-

99 644 194 670 sum
224 631 494 670 se-tametsi
523 643 600 668 nos
626 630 764 668 locum
791 629 904 667 hunc
931 628 1053 667 aliter
1078 642 1226 668 sumus
1252 631 1523 681 interpretati,
1546 644 1570 670 a
1591 631 1704 670 Beda
1723 646 1766 677 40

97 685 441 732 dissimulatum3
471 685 521 723 de
541 687 653 723 terra
671 697 721 722 ex
740 696 847 733 aqua
871 685 911 721 et
938 696 1010 733 per
1038 696 1188 734 aquam
1214 685 1404 731 condita;
1435 685 1485 723 de
1511 686 1636 724 coelis
1663 689 1704 724 et

97 740 318 778 elementis
351 739 544 778 incendio
577 738 812 777 soluendis:
855 737 1007 788 quibus
1034 751 1084 776 ex
1113 738 1216 776 locis
1245 739 1444 778 nonnulli
1474 739 1706 779 hauserunt

99 793 354 833 occasionem
375 793 649 832 er·r01is.1n
678 792 854 843 epistola
876 791 1016 839 Iudae,
1048 792 1098 830 de
1127 793 1283 832 iudicio
1309 793 1604 844 blasphemiae,
1633 795 1707 844 qui

98 848 214 887 locus
233 849 479 898 desumptus
499 849 673 898 putatur
701 859 752 885 ex
774 846 1021 897 apocryphis
1046 846 1220 895 Enoch3
1251 861 1301 886 ex
1331 848 1484 898 quibus
1514 851 1556 887 et
1581 848 1706 911 paulo

99 905 193 953 post
219 903 440 941 adducitur
466 902 724 950 vaticinium,
746 914 843 940 cum
868 901 906 939 is
933 914 1020 939 non
1045 900 1210 951 legatm
1234 902 1455 952 quicquam
1476 903 1704 953 scripsisse.
1726 917 1767 948 45

100 957 224 996 Hanc
243 959 384 995 autem
404 957 497 995 ideo
516 957 780 1003 subiecimus,
805 955 913 1006 quod
933 968 1030 994 cum
1050 956 1226 1006 epistola
1246 956 1364 995 Petri
1378 957 1605 1006 posteriore
1622 971 1708 997 non

100 1011 238 1050 solum
258 1011 355 1050 stilo
379 1024 424 1050 ac
444 1011 664 1050 sententiis
683 1023 827 1049 verum
850 1010 975 1048 etiam
989 1009 1129 1048 verbis
1149 1011 1256 1049 mire
1275 1014 1485 1061 congruat,
1505 1012 1708 1062 quaedam

100 1066 216 1105 illius
230 1066 347 1105 velut
366 1066 645 1115 interpretans
661 1079 670 1104 ε
700 1065 807 1115 quod
823 1078 955 1114 genus
974 1064 1082 1103 illud
1103 1065 1153 1103 de
1172 1065 1324 1104 iudicio
1343 1066 1635 1116 blasphemiae.

156 1121 218 1159 De
237 1120 373 1170 priore
394 1121 511 1159 Petri
531 1132 748 1170 nunquam
769 1119 849 1157 fuit
865 1119 1102 1158 dubitatum
1122 1133 1132 1167 3
1162 1120 1212 1158 de
1227 1121 1452 1169 posteriore
1472 1121 1562 1169 fuit,
1582 1121 1708 1159 etiam

102 1175 138 1214 si
166 1175 425 1213 mentionem
454 1175 552 1213 facit
581 1174 871 1224 transfigurati
892 1173 1074 1223 Domini,
1106 1174 1172 1212 0111
1200 1175 1260 1213 rei
1288 1188 1373 1213 non
1402 1175 1543 1225 plures
1571 1175 1709 1214 tribus
1729 1190 1770 1222 50

102 1229 318 1279 discipulis
349 1231 478 1268 testes
508 1229 743 1267 adfuerunt.
803 1228 925 1266 Vnde
954 1228 990 1266 si
1024 1227 1138 1266 Petri
1172 1242 1257 1268 non
1292 1232 1366 1277 est,
1403 1230 1586 1280 oportuit
1620 1243 1709 1269 esse

102 1283 278 1322 alicuius
297 1284 369 1334 qui
391 1297 434 1322 se
454 1283 630 1322 Petrum
657 1281 802 1321 haberi
821 1282 1013 1321 voluerit.
1071 1283 1260 1333 Epistola
1286 1283 1414 1323 Iudae
1441 1285 1575 1323 serius
1605 1285 1709 1323 obti-

105 1340 198 1376 nuit
218 1338 502 1386 autoritatem,
527 1337 637 1388 quod
659 1337 836 1376 adducat
864 1337 1153 1376 testimonium
1177 1351 1199 1376 e
1228 1338 1337 1376 libro
1365 1339 1438 1389 qui
1467 1339 1711 1378 inscribitur

103 1392 262 1440 Enoch,
287 1393 332 1430 in
353 1405 436 1443 quo
455 1392 596 1431 ferunt
611 1392 756 1430 haberi
772 1391 974 1442 quaedam
991 1405 1075 1430 non
1092 1391 1194 1430 satis
1208 1396 1485 1432 consentanea
1499 1394 1711 1432 doctrinae

104 1447 340 1486 catholicae.
399 1446 481 1485 Sed
508 1445 608 1497 quid
638 1448 751 1484 vetat
778 1445 836 1484 sic
867 1459 916 1484 ex
938 1446 1184 1496 apocryphis
1213 1447 1415 1486 adducere
1445 1448 1641 1486 nonnihil
1666 1449 1711 1486 in
1731 1462 1770 1494 55

104 1501 205 1549 1000,
251 1501 608 1551 quemadmodum
657 1500 815 1538 Paulus
860 1513 910 1538 ex
948 1500 1198 1550 Epimenide
1244 1501 1343 1540 citat
1382 1502 1712 1541 testimonium?

105 1556 326 1595 Coeterum
343 1568 440 1594 cum
459 1555 504 1593 in
524 1556 660 1605 priore
680 1555 832 1593 Petrus
858 1556 1037 1593 testetur
1061 1567 1106 1593 se
1132 1555 1346 1606 scripsisse
1370 1570 1443 1606 per
1462 1556 1709 1606 Syluanum,

105 1612 147 1649 et
166 1610 210 1649 in
232 1610 457 1660 posteriore
478 1610 617 1660 aperte
637 1611 817 1648 testetur
836 1622 928 1647 eam
943 1622 1031 1647 esse
1050 1610 1287 1658 secundam,
1314 1613 1322 1629 ⁶
1337 1611 1457 1650 Hanc
1472 1611 1482 1625 '
1501 1611 1710 1661 inquiens.

109 1665 118 1683 ⁴
137 1678 227 1704 ecce
245 1664 376 1711 vobis,
398 1663 647 1709 charissimi,
680 1664 908 1702 secundam
934 1664 1069 1702 scribo
1098 1664 1319 1713 epistolam
1334 1666 1354 1713 ’,
1380 1679 1465 1703 non
1494 1666 1615 1704 video
1641 1666 1713 1716 qui

104 1733 171 1758 res
190 1719 320 1769 possit
339 1718 545 1768 explicari,
563 1718 646 1757 nisi
666 1720 738 1757 aut
758 1718 962 1768 posterior
976 1718 1092 1757 Petri
1112 1731 1197 1757 non
1217 1720 1282 1767 sit,
1301 1722 1373 1758 aut
1389 1720 1601 1770 Syluanus
1622 1733 1714 1759 eam
1732 1723 1774 1756 60

106 1773 315 1824 scripserit
335 1773 452 1812 iussu
465 1773 594 1812 Petri.
645 1772 763 1820 Quod
778 1772 815 1810 si
835 1772 937 1811 haec
956 1773 1008 1811 ab
1028 1774 1119 1823 ipso
1134 1773 1261 1812 Petro
1282 1774 1435 1824 scripta
1455 1777 1529 1822 est,
1550 1775 1714 1813 videtur

105 1830 192 1867 tres
211 1828 437 1877 scripsisse,
460 1840 638 1878 quarum
657 1827 793 1877 prima
813 1827 1084 1866 interciderit.
1142 1828 1204 1866 De
1225 1831 1412 1878 tempore
1432 1842 1477 1868 ac
1492 1828 1583 1868 loco
1603 1829 1713 1868 nihil

106 1882 284 1922 habetur
313 1882 524 1933 comperti,
557 1881 641 1920 nisi
670 1881 779 1932 quod
808 1881 1042 1921 coniectent
1072 1882 1252 1932 priorem
1282 1883 1469 1922 Rhomae
1498 1884 1714 1934 scriptam,

107 1950 233 1988 quam
253 1937 298 1975 in
318 1937 402 1975 fine
422 1936 684 1986 Babylonem
703 1935 941 1986 appellauit,
963 1936 1197 1986 imperante
1216 1937 1389 1976 Claudio
1409 1938 1591 1977 Caesare.

164 1991 244 2030 Sed
274 2004 327 2029 ne
355 1991 520 2041 longior
548 1991 603 2029 sit
632 2003 752 2041 opere
779 1990 990 2041 praefatio,
1023 2004 1274 2041 magnopere
1304 1992 1495 2042 cupimus
1528 1995 1575 2031 vt
1608 1993 1715 2031 hanc
1735 1996 1776 2039 65

108 2046 362 2084 industriam
381 2047 582 2092 nostram,
604 2045 640 2083 si
669 2058 749 2095 quo
766 2047 886 2095 pacto
911 2047 1109 2093 meretur,
1132 2046 1180 2084 R.
1204 2046 1250 2084 T.
1274 2046 1323 2084 D.
1354 2047 1530 2085 candido
1557 2046 1716 2086 calculo

108 2100 375 2139 commendet
394 2099 592 2139 studiosis
609 2113 619 2146 ;
648 2113 734 2138 non
755 2099 866 2149 quod
887 2099 968 2149 ipsi
985 2113 1187 2138 venemur
1205 2100 1361 2150 aliquid
1376 2101 1484 2150 apud
1506 2101 1715 2140 celsitudi-

110 2168 208 2193 nem
229 2157 357 2203 tuam,
381 2167 477 2193 cum
497 2167 573 2193 nec
592 2154 661 2192 hic
686 2153 854 2192 animus
875 2167 1061 2204 vnquam
1084 2168 1160 2193 nec
1187 2168 1298 2193 nunc
1322 2155 1423 2193 haec
1452 2157 1566 2194 aetas
1595 2156 1717 2195 faciat

109 2208 160 2248 ad
194 2209 480 2256 ambitionem,
518 2208 590 2247 sed
620 2208 728 2259 quod
758 2221 809 2246 ex
839 2221 983 2247 eorum
1013 2208 1154 2247 fauore
1184 2209 1420 2259 iudicioque
1450 2209 1521 2260 qui
1550 2223 1716 2249 summa

111 2263 318 2313 dignitate
348 2262 622 2313 praeminent,
660 2262 794 2301 mirus
828 2262 950 2301 ardor
980 2275 1025 2301 ac
1059 2263 1257 2302 stimulus
1290 2264 1468 2302 addatur
1505 2264 1714 2304 studiosis.
1739 2279 1779 2311 70

111 2318 281 2356 Praeter
301 2317 458 2356 multos
477 2317 663 2356 absolute
686 2317 831 2356 doctos
853 2317 1124 2357 subolescunt
1154 2318 1199 2356 in
1218 2320 1352 2357 vestra
1372 2318 1596 2358 Britannia
1622 2321 1717 2358 tuae

155 2459 208 2489 34.
233 2449 307 2480 fere
323 2451 398 2480 add.
418 2460 444 2481 ε.
563 2460 616 2489 40.
641 2451 787 2482 tametsi
807 2474 815 2482 .
831 2473 840 2482 .
860 2473 869 2482 .
887 2460 940 2489 41.
964 2449 1234 2481 dissimulatum
1250 2452 1326 2480 add.
1342 2451 1375 2484 β.
1497 2451 1549 2489 46.
1576 2462 1598 2491 -γ
1616 2462 1624 2481 :
1646 2452 1718 2491 epi-

112 2494 223 2524 stolae
240 2506 268 2524 α.
391 2493 443 2531 48.
470 2493 569 2525 illius
585 2496 661 2526 add.
677 2505 703 2526 ε.
828 2505 881 2534 49.
903 2494 1014 2526 etiam
1031 2495 1062 2525 si
1078 2505 1116 2524 a:
1142 2494 1287 2524 tametsi
1305 2504 1330 2525 ε.
1453 2503 1505 2533 51·
1531 2494 1635 2525 Vnde
1653 2517 1662 2526 .
1683 2519 1691 2526 .
1710 2519 1717 2526 .

112 2546 166 2576 52.
192 2535 348 2567 voluerit
363 2539 438 2568 add.
458 2548 484 2569 ε.
620 2546 675 2577 53.
702 2536 849 2569 adducit
867 2536 893 2577 ζ.
1029 2538 1081 2577 58.
1107 2538 1229 2577 aperte
1246 2539 1321 2569 add.
1342 2547 1366 2569 ε.
1460 2538 1565 2569 Hanc
1582 2562 1590 2570 .
1609 2561 1618 2570 .
1637 2562 1646 2570 .
1665 2548 1717 2578 59.

112 2580 300 2621 epistolam
318 2582 393 2611 add.
414 2591 439 2611 ε.
574 2581 627 2612 60.
652 2591 731 2613 eam
747 2584 820 2614 add.
841 2593 866 2614 ε.
1001 2582 1055 2612 61.
1083 2580 1182 2621 Quod
1199 2605 1207 2613 .
1225 2603 1234 2612 .
1255 2605 1262 2612 .
1281 2581 1336 2612 62.
1352 2580 1581 2613 interciderit
1598 2584 1673 2613 add.
1693 2593 1719 2613 ε.

47 2630 49 2632 “
108 2626 166 2664 63.
189 2624 393 2655 coniectant
407 2625 442 2658 β.

157 2784 209 2816 40.
237 2773 358 2815 aliter]
384 2773 431 2805 In
462 2773 526 2805 the
557 2773 644 2805 Now
673 2774 883 2807 Testament
951 2773 1166 2806 maledicere
1180 2773 1199 2805 '.

115 2819 153 2859 (2
186 2819 261 2850 Pet.
295 2828 324 2849 2.
363 2820 417 2858 11)
450 2817 620 2849 Erasmus
651 2818 789 2849 follows
819 2819 883 2850 the
995 2828 1048 2857 41.
1073 2817 1361 2859 dissimulatum]
1394 2817 1520 2848 Bede’s
1547 2818 1724 2858 interpre-

114 2873 216 2894 scnse
231 2862 338 2903 given
356 2861 453 2901 here,
473 2862 481 2878 ⁴
493 2870 567 2892 non
580 2862 696 2893 ferant
709 2862 884 2894 aduersus
952 2862 1069 2893 tation
1088 2861 1224 2901 (Migne
1240 2861 1286 2892 iv.
1306 2871 1346 2901 77
1355 2861 1414 2902 cn)
1433 2860 1471 2892 of
1484 2861 1560 2892 this
1576 2871 1721 2902 passage

114 2916 191 2937 sese
222 2905 316 2946 apud
349 2905 463 2936 Deum
491 2904 741 2945 blasphemum
768 2907 882 2947 (1519,
953 2907 983 2937 is
1000 2904 1178 2944 certainly
1194 2906 1342 2945 cryptic.

116 2948 352 2989 maledicum)
393 2948 612 2979 iudicium':
650 2949 714 2980 but
751 2950 790 2981 in
822 2950 884 2981 the
997 2950 1051 2989 56.
1078 2948 1226 2990 Paulus]
1242 2949 1311 2980 Tit.
1335 2959 1362 2980 1.
1385 2959 1434 2981 12.

117 2993 339 3034 Paraphrase
380 2991 427 3023 he
464 2992 531 3023 has
571 2993 668 3023 ‘non
715 3002 756 3023 eo
798 2996 884 3024 sunt
998 3002 1051 3032 71.
1078 2991 1326 3033 subolescunt]
1360 2993 1426 3024 See
1450 2992 1514 3033 Ep.
1540 2993 1615 3032 967.
1641 2991 1720 3028 2611,

117 3037 285 3068 audaciae
301 3036 477 3076 progressi
492 3037 531 3066 vt
549 3036 789 3068 sustinuerint
811 3037 886 3068 Deo
955 3036 1027 3068 and
1044 3035 1087 3067 cf.
1109 3035 1171 3076 Ep.
1194 3037 1287 3068 1062.
1311 3037 1411 3068 128n.
