1990 3353
226 326 268 357 50

228 599 267 631 55

226 860 272 891 60

234 1683 273 1717 75

235 1951 276 1982 80

287 151 340 189 70
756 147 1005 187 LETTERS
1044 145 1113 184 oF
1151 126 1419 184 E'RAsMUs
1760 141 1892 198 [1519

286 258 415 307 igitur
434 257 820 307 interpretationem
847 270 983 295 meam
1010 258 1134 295 huius
1159 258 1270 306 dicti,
1302 261 1341 296 et
1369 258 1473 296 aude
1498 260 1589 308 post
1610 271 1657 296 ea
1683 257 1893 307 conqueri,

288 312 406 361 quasi
426 325 499 361 ego
521 325 604 349 11011
625 324 674 348 ex
694 325 824 360 aequo
845 314 982 349 tecum
1003 325 1133 361 agam.
1178 313 1384 360 Quoniam
1403 313 1532 362 igitur
1551 314 1597 350 tu
1618 311 1891 350 immodicum

286 379 354 404 me
385 379 471 404 esse
500 366 682 403 iocorum
713 378 832 414 saepe
852 365 1008 413 dixisti,
1039 367 1165 404 etiam
1199 380 1248 404 ex
1281 368 1462 417 periculo
1491 367 1731 416 petitorum,
1761 369 1807 404 vt
1835 365 1893 403 ita

286 420 443 470 loquar,
464 422 505 457 et
521 419 708 469 proxime
724 420 1021 458 contumeliam
1038 421 1334 469 accedentium,
1355 421 1507 471 quibus
1522 423 1568 459 tu
1584 421 1686 470 ipsis
1701 420 1892 458 animum

287 475 461 512 adiicere
491 487 575 511 non
605 476 768 522 poteras
798 475 947 523 (neque
976 475 1088 513 enim
1117 475 1240 513 istius
1269 488 1356 514 esse
1391 475 1612 513 modestiae
1645 475 1817 513 fortasse
1851 476 1893 511 et

287 528 504 578 grauitatis
532 527 805 576 videbantur),
833 541 906 577 ego
933 529 1019 567 illis
1044 529 1130 567 tuis
1157 529 1288 567 literis
1311 529 1599 579 grandioribus
1624 530 1682 567 ita
1705 542 1773 566 me
1802 541 1898 566 con·

288 583 554 621 uerberatum
575 582 675 620 iocis
694 582 780 620 tuis
807 584 991 621 sentiens
1016 597 1062 621 ac
1089 583 1332 632 lapidatum,
1355 584 1463 622 nihil
1482 586 1528 622 vt
1551 583 1733 633 amplius
1759 582 1894 621 dicere

287 637 492 687 potuisses
521 638 594 674 aut
623 639 731 675 certe
760 636 1042 684 sustinuisses,
1067 638 1193 675 etiam
1227 638 1262 676 si
1292 638 1494 676 stomachi
1523 651 1587 676 res
1617 638 1776 685 fuisset,
1807 649 1896 674 non

287 691 377 738 ioci,
410 691 558 740 scripsi
595 704 669 740 ego
707 704 754 728 ea
788 691 1054 740 simplicitate
1093 705 1172 741 qua
1205 693 1334 740 00100,
1374 692 1497 730 ‘iocis
1531 694 1570 730 te
1608 692 1692 730 iam
1727 704 1893 729 mecum

288 744 548 784 assuescere.'
605 744 765 794 Religio
786 745 899 783 enim
922 747 1001 784 fuit
1021 747 1153 784 dicere
1172 748 1259 784 tam
1279 749 1320 785 te
1340 747 1608 796 impudenter
1626 748 1698 784 aut
1720 746 1899 784 licenter

288 800 467 838 dicacem
488 813 575 838 esse
596 800 775 848 coepisse
797 813 922 849 quam
943 814 1010 838 me
1029 814 1117 839 esse
1136 801 1447 851 conquerebare.
1508 800 1671 839 Amabo
1691 802 1746 848 te,
1762 799 1894 849 relege

288 854 438 901 locum,
469 856 509 892 et
538 867 657 892 versa
686 854 947 892 intellectum
975 856 1091 902 eius3
1123 855 1324 902 inuenies,
1353 857 1401 893 vt
1429 868 1559 904 spero,
1591 855 1635 892 in
1665 867 1733 892 me
1762 854 1897 903 magis

289 921 413 957 quarn
434 908 479 945 in
499 910 539 946 te
560 908 741 946 dicacem
762 922 828 946 me
849 909 989 947 fuisse.
1048 909 1140 948 Nisi
1162 923 1256 948 vero
1276 923 1359 947 non
1380 910 1424 947 in
1445 923 1511 947 me
1530 921 1754 958 meumque
1773 910 1895 958 caput

288 962 450 1010 recidit,
472 963 581 1012 quod
603 962 689 1000 dixi
709 965 781 1000 aut
801 963 1047 1013 significaui,
1071 977 1120 1002 ex
1139 965 1211 1002 tuo
1231 966 1273 1002 te
1298 964 1463 1013 ingenio
1484 964 1684 1013 migrasse
1704 962 1896 1012 contagio

288 1017 504 1055 literarum
537 1029 726 1054 mearum
759 1019 799 1054 et
832 1017 995 1055 iocandi
1029 1018 1287 1057 commercio.
1348 1020 1405 1056 At
1439 1021 1485 1056 tu
1518 1018 1560 1055 id
1598 1018 1732 1056 scelus
1770 1030 1899 1067 prope

289 1071 586 1109 cothurnatum
608 1071 743 1109 fecisti
761 1072 1066 1110 exclamatione,
1082 1073 1246 1122 tragica.

344 1125 474 1163 Porro
493 1127 635 1163 autem
656 1125 763 1174 quod
784 1126 1030 1175 plumbeum
1046 1129 1087 1165 te
1108 1127 1379 1165 coniectorem
1400 1126 1546 1164 fecisse
1566 1139 1632 1164 me
1647 1125 1894 1173 criminaris,

290 1180 335 1217 ni
365 1193 528 1217 vererer
557 1180 791 1217 cicatricem
821 1180 1043 1218 obductam
1072 1181 1275 1228 refricare,
1307 1181 1445 1219 10011111
1480 1181 1590 1218 1111110
1619 1180 1898 1230 explicarem3

290 1247 437 1272 verum
468 1234 819 1272 commonefacere
853 1237 894 1272 te
924 1248 1008 1273 vno
1042 1236 1083 1273 et
1117 1235 1246 1273 altero
1276 1235 1403 1274 verbo
1442 1235 1558 1275 οὐδεὶς
1596 1235 1747 1283 φθόνος,
1781 1234 1896 1284 οἶμαι.

291 1289 495 1337 ΒΙέμνηο-αι
518 1290 619 1340 γοῦν,
640 1288 700 1326 ὅτε
728 1290 789 1326 ἕνα
809 1292 880 1327 τῶν
907 1291 1148 1339 Γουλιέλμων
1171 1291 1376 1339 ὡσπερανεὶ
1396 1290 1679 1340 ἐχειροδείκτεις,
1701 1290 1757 1328 ὅτι
1782 1289 1897 1341 ἔγωγε

289 1346 442 1392 πρᾶγμα
469 1343 529 1380 καὶ
553 1345 682 1381 ὁποῖον
705 1343 977 1393 διαπράξεσθαί
1002 1361 1064 1382 σοι
1095 1346 1266 1394 ἔμελλον,
1296 1344 1476 1394 quidque
1504 1344 1614 1382 intel·
1643 1357 1719 1383 nos
1748 1357 1896 1382 conue-

291 1397 432 1435 nisset.
492 1397 624 1445 Quem
651 1398 822 1436 omnino
848 1398 987 1448 ipsum
1015 1399 1171 1437 nollem
1198 1412 1221 1437 a
1246 1401 1287 1437 te
1312 1399 1603 1446 nominatum3
1632 1399 1723 1448 πρὸς
1748 1400 1821 1450 γὰρ
1847 1401 1899 1448 τῷ

292 1452 529 1501 ὠτακουστὴς
555 1454 620 1490 τοῦ
650 1453 820 1491 ἁπάντων
847 1457 1075 1502 κυριεύοντος
1102 1453 1192 1492 εἶναι
1217 1453 1322 1503 ἱερός,
1351 1454 1402 1491 ἔτι
1429 1454 1489 1490 καὶ
1516 1456 1555 1491 ἐν
1583 1452 1762 1503 ἀξιώματι
1790 1453 1900 1492 αὐτὸς

293 1506 522 1555 καθέστηκεν
551 1507 612 1544 καὶ
639 1507 741 1552 τάξει
769 1510 841 1545 τῶν
870 1507 1033 1552 ἐνδόξων.
1092 1509 1169 1546 Καὶ
1197 1511 1269 1546 τῶν
1301 1509 1529 1571 πραγμάτων
1562 1507 1605 1557 δὴ
1640 1509 1794 1546 ἅπτεται
1826 1511 1899 1546 τῶν

293 1561 450 1606 ἔνδοθεν,
474 1561 530 1599 ἱνα
549 1562 601 1610 μὴ
622 1562 862 1611 σαφέστερον
895 1563 1129 1614 φθέγγωμαι
1182 1562 1268 1600 Επὶ
1286 1562 1323 1600 δὲ
1342 1563 1485 1603 τούτοις
1506 1563 1566 1600 καὶ
1585 1565 1656 1600 τῶν
1675 1564 1900 1612 προσφιλῶς

294 1616 452 1667 ἐχόντωῐ
473 1616 575 1653 ἐσΤὶΙῙ
591 1616 632 1653 01‘
635 1633 696 1655 ΤΟς
712 1633 804 1665 7rp03
823 1619 887 1665 ἐμὲ
908 1617 967 1654 Καὶ
986 1617 1308 1663 Uffovssagovrons
1292 1618 1378 1667 (μοί
1392 1635 1432 1655 ΤΕ
1453 1618 1513 1655 Καὶ
1529 1634 1602 1655 UOL.
1643 1616 1721 1655 Sed
1742 1617 1898 1655 30111091)

293 1670 476 1720 periculo
504 1683 598 1708 meo
627 1684 694 1708 100
722 1670 930 1720 aoebatur,
966 1685 1049 1709 non
1076 1674 1336 1721 tuo3qua1e
1361 1674 1530 1709 tantun}
1559 1671 1636 1710 tibi
1665 1672 1784 1720 pensi
1814 1672 1900 1709 non

293 1725 385 1763 fuit.
446 1724 693 1773 Quanquam
714 1725 902 1763 nondum
922 1715 965 1763 id
987 1725 1158 1775 attingo,
1182 1726 1227 1764 in
1250 1739 1330 1776 quo
1351 1739 1500 1775 parum
1520 1729 1560 1763 te
1580 1727 1748 1764 acutum
1770 1726 1899 1764 fuisse

293 1779 452 1817 iocatus
477 1792 583 1827 sum,
615 1779 655 1817 id
683 1781 745 1817 est
768 1792 915 1828 parum
942 1780 1004 1818 tui
1030 1781 1221 1818 similem.
1282 1780 1391 1818 Nam
1420 1780 1493 1818 illa
1521 1780 1647 1818 verba
1679 1782 1741 1819 (ἐν
1770 1779 1798 1832 ᾧ
1824 1780 1899 1818 δια-

294 1832 514 1883 πράξασθαί
536 1850 599 1871 σοι
625 1834 668 1871 τὸ
687 1833 752 1882 ὑφ’
772 1835 874 1883 ἡμῶν
893 1835 1109 1883 προαιρεθὲν
1129 1835 1341 1886 ἐπεχείρουν
1355 1835 1363 1849 ’
1383 1848 1469 1872 non
1488 1836 1530 1872 te
1554 1835 1810 1873 intellexisse
1828 1834 1899 1873 ViX

295 1888 439 1934 credo3
474 1887 718 1936 praesertim
750 1902 879 1938 quum
910 1891 954 1927 tu
986 1889 1094 1927 dicta
1123 1902 1216 1927 mea
1246 1892 1336 1939 ἐμοῦ
1369 1890 1686 1938 συνοπτικώτερον
1713 1889 1904 1938 excipere

295 1942 444 1980 solitus
463 1942 532 1988 010,
556 1944 602 1980 vt
622 1956 671 1980 ex
692 1943 744 1980 iis
770 1956 872 1992 quae
893 1943 978 1981 dixi
1006 1943 1148 1993 liquet.
1207 1943 1323 1991 Quod
1349 1943 1383 1981 si
1403 1943 1483 1981 tibi
1503 1943 1731 1982 αἰνίττεσθαι
1748 1947 1900 1994 μᾶλλον

296 1997 320 2046 ἦ
341 1997 494 2046 φράζειν
514 1996 608 2034 δοκῶ
634 1997 681 2035 τὰ
707 1999 981 2047 ἐπινενοημένα,
1004 2000 1095 2048 φέρε
1123 1998 1178 2046 δή,
1201 1999 1289 2036 ὅταν
1311 1998 1522 2049 βουληθῇς,
1550 1999 1807 2048 ἀμαθέστερον
1831 2001 1903 2048 ἐρῶ

298 2051 357 2088 καὶ
377 2051 629 2100 σαφέστερον·
659 2051 746 2089 ἀλλ’
761 2052 876 2091 οὐδέν,
898 2052 1010 2101 οἶμαι,
1032 2052 1169 2102 δέομαι.

352 2105 471 2154 Quod
497 2106 580 2154 περὶ
608 2108 680 2144 τῶν
709 2107 933 2158 εὐαγγελίων
961 2107 1122 2153 scribis,
1149 2107 1267 2157 quasi
1296 2107 1453 2145 scilicet
1474 2120 1622 2145 verens
1651 2120 1704 2145 ne
1734 2120 1900 2156 operam

297 2162 368 2198 aut
389 2160 574 2198 studium
595 2173 643 2198 ea
663 2161 707 2198 in
733 2174 776 2198 re
803 2163 955 2199 nauata
982 2162 1266 2210 imputaturus
1290 2161 1370 2199 sim
1392 2161 1480 2208 tibi,
1504 2161 1587 2199 iam
1614 2163 1655 2199 te
1678 2161 1807 2199 libero
1827 2161 1902 2200 illa

259 2252 273 2261 υ
297 2214 561 2263 obligatione,
585 2214 620 2251 01
648 2216 689 2252 te
720 2216 1019 2253 auctoramenti
1048 2217 1201 2265 pudet;
1235 2229 1320 2253 non
1350 2216 1476 2254 etiam
1506 2215 1666 2265 legibus
1694 2215 1901 2254 amicitiae

298 2270 338 2306 te
367 2268 496 2316 soluo,
521 2281 624 2318 quae
653 2282 726 2318 per
754 2283 822 2307 me
850 2270 989 2307 licebit
1019 2270 1106 2318 ipsa
1135 2272 1181 2309 ‚vt
1209 2270 1265 2307 sit
1294 2271 1406 2307 inter
1434 2283 1510 2307 nos
1538 2272 1747 2319 perpetua,
1778 2271 1905 2320 atque

297 2321 426 2360 etiam
446 2336 518 2371 per
532 2325 583 2370 te,
602 2324 737 2372 quoad
753 2325 798 2362 tu
815 2336 865 2361 ex
883 2326 956 2362 tuo
976 2324 1116 2362 animo
1131 2337 1272 2361 meum
1291 2324 1538 2370 aestimabis,
1556 2338 1641 2362 non
1660 2337 1710 2362 ex
1724 2324 1902 2363 aliorum

297 2376 517 2423 sententia,
542 2379 745 2426 quantum
765 2378 1022 2427 argumentis
1041 2378 1212 2416 conjicio
1233 2381 1273 2416 et
1292 2378 1515 2416 hominum
1534 2378 1742 2416 relatione.

353 2431 453 2480 Age,
477 2431 650 2469 aestima
676 2433 816 2470 tecum
843 2432 929 2482 ipse
957 2445 1081 2481 quam
1108 2432 1225 2479 illud,
1242 2434 1404 2481 φιλικόν,
1428 2433 1558 2470 11111110
1585 2446 1710 2481 quam
1737 2436 1900 2483 ἐρασμο-

343 2547 395 2576 49.
423 2546 443 2566 a
460 2540 556 2567 ζωαὶ.
577 2548 585 2568 :
612 2540 729 2578 postea
754 2538 834 2570 Nflb.
1011 2550 1064 2579 5¹·
1092 2542 1141 2571 ita
1166 2551 1223 2570 om.
1245 2540 1275 2571 b.
1445 2541 1498 2572 68.
1525 2541 1592 2570 ab:
1623 2539 1766 2581 μέμνησε
1782 2544 1814 2572 N
1826 2544 1901 2574 LB:

299 2579 453 2619 Μέμνησο
482 2583 579 2612 Loncl.
799 2584 847 2614 b:
887 2583 1107 2623 ἑχειροδίκτεις
1137 2594 1166 2614 a.
1322 2584 1375 2623 69.
1401 2584 1530 2624 πρᾶγμα
1553 2587 1627 2617 add.
1656 2585 1688 2615 b.
1846 2594 1899 2624 72.

300 2622 337 2662 δὴ
353 2626 464 2660 scripsi
477 2627 603 2654 siczctz'n
623 2636 649 2655 r.
672 2634 712 2665 19
731 2637 737 2655 :
776 2626 808 2656 δὲ
827 2636 856 2657 a.
1069 2630 1119 2666 76.
1145 2628 1210 2658 ab:
1236 2627 1272 2657 id
1298 2626 1459 2657 nondum
1488 2630 1527 2658 N.
1739 2629 1793 2659 81.
1820 2630 1877 2660 ΡΙ)
1892 2640 1903 2661 t

299 2667 461 2705 βουληθῆς
483 2678 501 2697 a
517 2677 524 2696 t
548 2669 695 2707 βουληθῆ
713 2671 752 2700 Ν.
860 2671 912 2701 82.
939 2673 989 2701 F:
1011 2670 1211 2711 σεφὲστερον
1227 2682 1257 2701 a.

345 2804 396 2833 51.
424 2794 600 2836 iocorum]
628 2795 678 2827 Cf.
699 2797 762 2837 Ep.
783 2798 860 2836 906.
880 2799 920 2836 67
940 2809 1011 2838 qu.
1177 2809 1226 2837 70.
1253 2799 1496 2841 nominatum]
1523 2800 1562 2830 in
1579 2799 1643 2840 Ep.
1664 2801 1736 2840 778.
1759 2811 1875 2840 19-24.

343 2839 396 2877 65.
425 2839 645 2879 criminaris]
672 2840 736 2879 Ep.
758 2850 850 2879 1004.
872 2843 965 2880 76-7.
1179 2851 1230 2880 71.
1251 2842 1469 2884 ὼτακουστὴς]
1496 2843 1548 2874 Cf.
1561 2843 1650 2884 Epp.
1661 2853 1737 2883 522.
1750 2855 1793 2875 20
1825 2855 1901 2886 104,

344 2882 396 2913 66.
423 2882 642 2923 cicatricem]
670 2883 739 2914 Cic.
757 2887 832 2922 ΑΨ.
851 2894 882 2923 3.
903 2895 933 2915 2.
955 2896 973 2923 4
993 2897 1000 2924 ;
1024 2886 1066 2916 vs.
1131 2886 1205 2924 568.
1228 2895 1274 2916 10.

302 2925 365 2965 Ep.
387 2927 462 2965 906.
480 2926 554 2956 206.
1176 2939 1227 2968 77.
1252 2929 1388 2960 iocatus
1404 2929 1499 2970 sum]
1525 2929 1590 2970 Ep.
1607 2941 1684 2970 915.
1699 2941 1753 2970 97.

345 2969 398 3000 68.
423 2967 494 3010 ἕνα]
510 2969 603 3000 Wm.
619 2969 713 3001 Petit
729 2981 735 3008 ;
755 2980 811 3000 000
824 2971 885 3010 Ep.
899 2981 972 3010 522.
991 2982 1064 3010 1711.
1217 2973 1279 3003 illa
1296 2972 1418 3013 verba]
1436 2973 1498 3013 Ep.
1518 2983 1592 3013 915.
1609 2975 1699 3015 98,9.

391 3012 456 3042 τῶν
471 3011 690 3054 Γουλιέλμων]
717 3013 767 3044 Cf.
786 3014 847 3054 Ep.
866 3025 957 3054 1003.
974 3024 1053 3053 34¹¹·
1173 3017 1225 3055 83.
1253 3016 1468 3058 εὐαγγελίων]
1493 3016 1545 3048 Cf.
1565 3018 1629 3057 Ep.
1649 3028 1743 3056 1004.
1757 3019 1811 3057 83.
