1990 3353
63 125 184 181 1167]
504 127 573 167 TO
614 128 875 168 LORENZO
914 128 1209 168 CAMPEGIO
1579 129 1658 168 405

58 238 354 289 responderim.
414 238 541 287 Quasi
561 251 660 276 vero
679 237 786 275 mihi
804 236 912 275 vicio
932 238 1182 277 vertendum
1202 239 1267 284 sit,
1290 238 1417 278 etiam
1432 239 1469 277 si
1490 239 1657 278 Sultani

58 293 189 332 literis
220 295 464 343 prouocatus
492 293 559 331 illi
593 292 922 341 respondissem:
965 294 1211 341 praesertim
1241 306 1337 332 cum
1367 293 1438 332 ille
1468 293 1578 332 nihil
1607 294 1656 332 de

60 348 148 386 suis
177 347 384 397 dogmatis
406 347 513 385 mihi
542 345 878 385 communicaret.
937 346 1056 386 Alios
1086 347 1196 386 male
1223 348 1402 387 habebat
1430 348 1540 398 quod
1570 351 1658 387 tam

60 401 241 440 ciuiliter
282 401 600 451 respondissem.
679 399 758 439 Sed
801 400 874 438 isti
917 413 1002 439 non
1042 401 1382 441 animaduertunt
1420 415 1546 452 quam
1584 415 1658 441 suo

60 456 235 506 quisque
264 455 433 506 ingenio
462 455 710 502 blandiatur,
745 467 870 505 quam
903 467 1043 494 amara
1070 469 1144 505 per
1173 469 1215 495 se
1249 469 1315 494 res
1349 457 1404 495 sit
1432 457 1658 495 admoneri.

60 510 269 549 Lutherus
297 510 405 548 mihi
434 523 507 548 nec
537 510 586 548 de
614 509 717 547 facie
745 510 869 547 notus
896 511 996 557 erat,
1020 512 1067 548 vt
1088 523 1163 548 nec
1183 510 1318 550 adhuc
1338 513 1400 550 est
1416 524 1425 558 ;
1455 511 1659 550 librorum

58 564 174 602 illius
207 564 315 602 nihil
348 564 565 614 attigeram
596 566 760 613 praeter
790 576 938 612 paucas
971 563 1165 613 pagellas.
1227 565 1309 603 Res
1346 566 1534 604 nondum
1572 569 1660 605 erat

56 632 274 669 progressa
294 619 335 656 in
359 619 466 657 hanc
487 618 821 656 contentionem:
850 619 1017 656 tantum
1034 631 1057 656 a
1072 618 1213 668 paucis
1227 619 1537 668 reclamabatur,
1558 634 1659 670 quos

60 686 205 711 omnes
224 673 543 722 suspicabantur
561 685 685 711 suum
700 685 818 721 agere
833 673 1063 722 negocium.
1115 673 1402 723 Flagitabatur
1418 674 1656 725 disputatio,

58 727 355 777 flagitabantur
387 727 552 765 iudices.
613 727 667 765 Et
701 739 783 776 qua
814 725 951 764 fronte
979 740 1054 776 ego
1084 727 1268 776 primum
1298 728 1479 778 ignotus,
1510 729 1659 767 deinde

58 782 176 820 nulla
223 782 434 831 praeditus
476 781 708 828 autoritate,
751 780 898 819 deinde
936 780 1065 819 nimis
1107 795 1232 832 quam
1279 783 1462 821 tenuiter
1499 783 1656 826 doetus,

58 836 332 886 sumpsissem
353 836 399 874 in
418 835 541 874 illum
561 834 830 885 supercilium
851 835 1120 874 censorium?
1157 840 1230 875 aut
1259 850 1362 886 quae
1392 850 1485 887 spes
1515 838 1660 876 fuisset

58 891 182 928 illum
202 890 386 929 laturum
406 903 485 936 me,
507 892 579 928 aut
598 890 669 940 qui
693 889 854 927 fructus
881 890 1085 938 expectari
1111 893 1281 940 poterat,
1306 891 1389 930 nisi
1409 894 1456 930 vt
1474 892 1662 931 hominis

58 944 205 983 stilum
223 945 270 982 in
290 958 357 983 me
378 945 547 983 tandem
567 957 755 983 acuerem
776 943 1062 994 obiurgando?
1118 945 1211 984 Hoc
1234 946 1375 996 ipsum
1399 959 1546 996 parum
1575 950 1661 985 erat

59 999 194 1047 ciuile,
218 999 329 1038 vltro
348 999 570 1038 admonere
590 1012 675 1037 non
696 998 994 1036 consulentem.
1055 998 1140 1037 Nec
1166 1013 1279 1038 eram
1308 1001 1478 1050 ignarus
1507 1003 1661 1051 quanto

58 1054 154 1103 plus
181 1054 387 1092 soleamus
416 1053 612 1103 proficere
638 1052 754 1091 ciuili
774 1053 1006 1103 blandaque
1026 1054 1309 1093 admonitione
1329 1069 1453 1105 quam
1475 1056 1659 1105 obiurga-

57 1107 171 1147 tione
191 1121 322 1146 saeua.

114 1162 210 1201 Non
239 1162 344 1200 mihi
374 1176 492 1201 sumo
523 1164 689 1201 tantum
717 1162 888 1212 ingenii,
911 1165 1077 1201 tantum
1108 1163 1365 1212 eruditionis,
1389 1166 1435 1202 vt
1455 1165 1590 1203 ausim
1612 1165 1661 1203 de

60 1216 194 1255 aliena
209 1216 290 1255 fide
306 1217 591 1266 pronunciare,
607 1217 652 1254 ni
671 1215 795 1265 plane
816 1217 908 1266 quis
929 1220 1132 1267 repugnet
1151 1218 1338 1257 articulis
1352 1219 1657 1269 receptissimis.

60 1271 169 1319 Quid
195 1271 266 1309 alii
295 1271 374 1310 sibi
403 1273 582 1318 sumant,
605 1271 685 1320 ipsi
705 1271 898 1310 viderint.
957 1272 1066 1310 Sunt
1086 1272 1156 1322 qui
1177 1285 1243 1310 me
1264 1276 1418 1322 negent
1438 1274 1552 1312 aliud
1573 1287 1661 1313 esse

61 1338 184 1375 quam
218 1326 548 1375 grammaticum.
609 1328 679 1363 An
713 1338 788 1375 ego
820 1325 929 1363 nihil
963 1326 1075 1364 aliud
1111 1327 1203 1375 sim,
1238 1327 1282 1366 in
1317 1328 1547 1377 praesentia
1576 1342 1662 1367 non

61 1381 250 1430 disputo:
279 1380 384 1418 illud
405 1382 519 1418 extra
538 1379 864 1418 controuersiam
889 1382 962 1426 est,
985 1380 1081 1419 illos
1100 1381 1215 1419 aliud
1233 1395 1333 1420 esse.
1386 1382 1465 1420 Sed
1487 1383 1535 1421 ad
1559 1396 1656 1421 rem.

60 1435 132 1472 An
150 1434 221 1472 isti
240 1434 437 1473 tulissent
456 1434 777 1483 grammaticum
798 1434 847 1472 de
866 1434 1023 1472 haeresi
1042 1436 1391 1484 pronunciantem
1405 1439 1424 1475 Ῥ
1481 1437 1599 1485 Quod
1628 1438 1662 1476 si
1685 1454 1698 1467 0

62 1489 244 1527 maxime
272 1488 522 1538 suppetisset
551 1488 740 1529 eruditio.
765 1501 851 1527 non
878 1491 1062 1538 poteram
1082 1489 1198 1528 illius
1222 1490 1352 1529 libros
1372 1491 1559 1530 refellere
1579 1492 1662 1530 nisi

0 1543 1 1546 ’
60 1543 188 1581 semel
207 1545 330 1593 atque
349 1545 503 1582 iterum
522 1543 733 1592 perlectos,
752 1543 835 1581 nisi
855 1542 1038 1582 excussis
1057 1543 1160 1583 locis
1178 1547 1373 1583 autorum
1394 1546 1502 1584 vnde
1523 1546 1662 1585 hause-

61 1600 124 1635 rat
151 1610 225 1636 sua
244 1598 448 1647 dogmata.
505 1597 561 1635 Et
579 1597 719 1636 hausit
738 1597 933 1647 pleraque
955 1611 1004 1636 ex
1023 1599 1256 1637 veteribus:
1286 1613 1389 1649 quos
1417 1601 1453 1638 si
1479 1601 1663 1639 nomina-

60 1652 138 1690 tim
158 1652 313 1702 vbique
332 1653 510 1699 citasset,
534 1652 687 1690 bonam
708 1651 892 1690 inuidiae
912 1654 1073 1702 partem
1094 1653 1332 1703 defugisset.
1385 1655 1442 1693 At
1462 1655 1570 1693 mihi
1590 1656 1662 1695 vix

60 1709 146 1745 erat
167 1707 305 1745 ocium
326 1719 417 1744 mea
437 1706 610 1756 legendi,
633 1708 673 1744 et
694 1706 729 1744 si
750 1706 848 1756 quid
871 1707 949 1744 ocii
968 1711 1208 1757 superesset,
1231 1708 1387 1757 malim,
1411 1711 1458 1747 vt
1485 1710 1663 1759 ingenue

61 1761 205 1807 dicam,
229 1761 440 1799 veteribus
458 1760 703 1799 euoluendis
727 1761 980 1810 impendere.
1026 1762 1119 1800 Iam
1135 1775 1231 1800 cum
1251 1766 1291 1801 et
1311 1763 1464 1802 eruditi
1480 1764 1603 1803 multi
1623 1767 1663 1803 et

61 1815 225 1854 scholae
251 1815 376 1854 etiam
398 1815 504 1854 hanc
523 1815 783 1864 prouinciam
804 1815 885 1853 sibi
905 1819 1163 1865 capesserent
1181 1817 1395 1857 refellendi
1417 1818 1662 1861 Lutherum,

63 1882 166 1920 quae
199 1870 344 1908 fuisset
377 1869 640 1920 impudentia
672 1875 827 1908 memet
859 1870 1046 1919 ingerere
1079 1874 1379 1920 transuersum,
1416 1872 1591 1923 aliisque
1624 1876 1664 1912 et

61 1924 271 1963 iudicandi
309 1924 575 1962 autoritatem
614 1925 655 1962 et
688 1924 883 1962 victoriae
915 1924 1089 1974 gloriam
1119 1926 1380 1975 praeripere?
1448 1928 1665 1967 Caeterum

62 1991 164 2028 quos
183 1978 289 2017 illud
311 1978 495 2026 offendit,
519 1978 628 2028 quod
657 1981 751 2028 post
779 1979 1078 2029 praescriptam
1104 1980 1278 2018 docendi
1309 1981 1487 2020 formam
1520 1983 1660 2031 adieci,

67 2032 197 2071 ‘Haec
216 2046 302 2071 non
322 2033 524 2071 admoneo
542 2036 588 2071 vt
606 2033 742 2081 facias,
763 2033 835 2072 sed
855 2035 901 2072 vt
922 2034 1030 2083 quod
1052 2034 1152 2072 facis
1173 2038 1370 2085 perpetuo
1385 2036 1537 2085 facias',
1558 2037 1665 2076 mihi

62 2087 259 2126 videntur
277 2087 502 2126 admodum
523 2087 707 2136 imperiti
738 2088 967 2126 rhetoricae
988 2088 1212 2136 ciuilitatis,
1236 2103 1315 2140 qua
1344 2090 1537 2140 mitigare
1566 2091 1666 2130 sole-

62 2154 158 2180 mus
173 2142 473 2180 admonitionis
488 2142 784 2180 austeritatem.
823 2142 925 2190 Quis
941 2142 1057 2180 enim
1072 2156 1156 2182 non
1171 2144 1292 2182 nouit
1307 2144 1407 2182 haec
1420 2146 1633 2184 schemata
1645 2148 1666 2185 Ῥ

119 2195 199 2234 Sed
219 2209 293 2245 ego
313 2196 559 2234 iamdudum
580 2209 811 2234 memorem
832 2209 992 2245 moneo,
1016 2197 1185 2236 doctum
1207 2199 1341 2246 doceo,
1365 2201 1405 2237 et
1426 2213 1496 2238 sus
1517 2200 1664 2239 Miner-

62 2263 172 2288 uam.
231 2250 443 2289 Nimirum
462 2251 546 2288 iam
566 2251 824 2300 imaginabar
843 2251 965 2289 illum
986 2265 1059 2290 sua
1079 2258 1226 2301 sponte
1244 2253 1376 2291 facere
1395 2254 1501 2303 quod
1521 2255 1571 2293 ab
1591 2255 1665 2293 illo

62 2305 151 2343 fieri
171 2304 374 2344 volebam.
432 2305 607 2355 Alioqui
630 2305 665 2343 si
689 2305 797 2343 nihil
823 2306 868 2342 in
895 2319 940 2343 eo
961 2306 1249 2356 displicuisset,
1272 2307 1455 2346 stultum
1485 2312 1574 2348 erat
1602 2311 1665 2347 tot

62 2358 202 2397 verbis
220 2359 346 2397 aliam
365 2359 574 2398 scribendi
599 2359 776 2398 formam
800 2360 1088 2409 praescribere.
1148 2362 1203 2399 Et
1223 2362 1294 2400 isti
1315 2362 1374 2400 sic
1393 2363 1666 2413 interpretan-

62 2415 142 2461 tur,
170 2413 332 2451 ‘Scribe
354 2413 561 2461 seditiose,
589 2413 720 2452 scribe
746 2414 948 2452 haeretice
963 2415 982 2453 '.
1042 2415 1097 2453 Et
1125 2417 1267 2454 tamen
1293 2415 1330 2453 si
1359 2418 1538 2457 maxime
1569 2418 1665 2457 talis

63 2467 208 2506 fuisset
228 2467 445 2514 LutheruS,
469 2481 521 2506 ne
542 2468 680 2517 potuit
699 2468 868 2518 quidem
894 2469 971 2506 hoc
998 2468 1158 2507 dictum
1185 2470 1305 2508 aliter
1330 2470 1512 2522 intelligi
1539 2486 1664 2523 quam

61 2522 178 2560 iuxta
201 2522 379 2560 formam
406 2523 711 2572 praescriptam.
770 2522 864 2561 Iam
894 2526 936 2561 et
964 2523 1069 2562 illud
1099 2537 1289 2573 peruerse
1317 2525 1660 2576 interpretantur,

64 2576 173 2626 quod
204 2575 434 2614 addiderim
462 2579 503 2614 et
532 2577 601 2615 hic
630 2581 672 2614 et
700 2578 807 2627 apud
836 2578 998 2626 Anglos
1030 2591 1113 2616 non
1142 2591 1292 2627 paucos
1322 2592 1409 2617 esse
1439 2581 1510 2631 qui
1543 2581 1663 2620 libris

63 2630 178 2669 illius
207 2631 404 2679 fauerent,
437 2631 554 2679 quasi
586 2631 791 2669 voluerim
825 2630 950 2669 illum
983 2631 1170 2670 animare
1202 2633 1253 2671 ad
1286 2634 1525 2674 audaciam:
1566 2649 1661 2674 cum

63 2685 202 2735 potius
222 2684 301 2722 hoc
321 2684 489 2734 egerim,
510 2687 556 2723 vt
576 2685 698 2723 illum
714 2686 899 2723 hortarer
912 2686 963 2724 ad
984 2687 1236 2725 moderatius
1257 2687 1664 2741 circunspectiusque

64 2738 340 2786 scribendum,
365 2752 444 2789 quo
473 2739 605 2788 magis
634 2740 887 2778 satisfaceret
916 2740 1119 2779 bonorum
1146 2741 1330 2780 virorum
1360 2743 1523 2791 iudicio,
1548 2748 1590 2783 et
1618 2758 1665 2783 ea

168 2843 240 2874 206.
265 2842 414 2873 tandem
432 2843 470 2873 in
490 2852 544 2873 me
561 2846 598 2874 X.
758 2846 833 2875 erat
850 2855 909 2875 om.
928 2846 968 2875 N.
1126 2846 1199 2875 226.
1220 2845 1307 2877 facis
1323 2849 1376 2877 H:
1402 2847 1509 2878 facias
1526 2850 1560 2879 F.

111 2976 179 3005 193.
207 2966 366 3007 Sultani]
385 2967 435 2998 Cf.
455 2967 519 3007 Ep.
543 2977 634 3003 1041.
650 2968 729 2998 28n.
929 2971 1002 3000 226.
1031 2970 1143 3011 Have]
1172 2971 1230 3011 Ep.
1248 2972 1321 3011 980.
1343 2982 1383 3011 52
1401 2983 1408 3011 ;
1433 2973 1475 3004 cf.
1492 2973 1554 3012 Ep.
1571 2982 1665 3012 ¹143-

110 3019 183 3049 223.
203 3010 468 3051 transuersum]
487 3011 539 3042 cf.
559 3011 623 3051 Ep.
646 3014 735 3051 1156.
753 3014 805 3052 65.
884 3022 963 3052 32η.

1683 359 1742 392 195

1681 633 1744 654 200

1683 907 1744 940 205

1684 1181 1746 1204 210

1686 1729 1747 1751 220

1687 2001 1747 2033 225

1686 2272 1748 2304 230

1686 2542 1744 2574 235
