1990 3353
229 134 310 172 316
697 135 947 175 LETTERS
986 136 1055 174 OF
1094 135 1360 176 ERASMUS
1704 134 1831 190 [1520

229 256 328 282 cans
347 243 540 283 videlicet
559 246 680 294 atque
700 244 827 282 etiam
848 243 1086 293 exprimens
1098 246 1303 285 Thomam
1321 246 1496 296 dignum
1509 245 1637 284 fuisse
1655 245 1830 284 feliciori

230 299 402 346 saeculo,
428 311 523 337 cum
547 299 628 348 ipsi
648 312 722 337 nec
743 299 960 348 ingenium
980 310 1055 337 1100
1075 300 1283 339 industria
1302 301 1525 348 defuisset3
1555 302 1695 339 noster
1717 300 1829 339 theo-

148 354 207 396 265
231 351 351 401 logus
380 353 625 402 grauissime
657 354 707 391 de
740 367 808 391 me
843 355 1016 402 questus
1047 356 1121 403 est,
1154 355 1373 393 clamitans
1407 355 1710 404 blasphemiam
1742 367 1828 393 non

229 406 453 455 ferendam,
477 407 549 457 qui
569 408 775 446 Thomam
802 409 968 446 tantum
995 420 1041 445 ac
1066 412 1155 447 tam
1182 411 1371 448 sanctum
1392 409 1531 447 virum
1557 409 1830 459 appellassem

230 461 461 509 indignum.
523 462 693 510 Opinor,
717 462 752 500 si
781 462 920 511 ipsum
952 462 1149 502 dixissem
1172 464 1309 502 virum
1335 464 1514 513 pistrino
1538 464 1726 513 dignum,
1749 462 1830 501 sibi

228 514 344 553 laudi
372 516 579 564 vertisset,
613 517 722 566 quod
752 516 892 555 virum
922 517 1097 567 dignum
1125 519 1410 567 appellassem.
1471 518 1555 556 Nec
1583 519 1670 556 erat
1699 517 1829 567 queri·

229 570 467 608 moniarum
500 571 609 617 finis,
645 572 774 610 donec
807 570 1008 610 incideret
1043 572 1086 610 in
1117 573 1360 622 theologum
1385 573 1593 622 quendam
1619 571 1701 622 qui,
1733 584 1830 610 cum

147 637 209 669 270
228 622 375 662 Latine
396 624 530 673 sciret,
554 625 789 675 suspicatus
809 626 851 663 id
873 627 981 675 quod
1002 628 1086 664 erat
1108 640 1183 674 res,
1207 627 1435 676 postularet
1454 627 1535 665 sibi
1551 625 1832 665 demonstrari

228 677 379 725 locum,
402 691 447 716 ac
467 680 637 718 tandem
660 683 824 718 ostenso
844 680 933 718 loco
952 680 1045 719 risit
1064 681 1235 720 affatim.
1296 682 1438 731 anue
1458 694 1521 719 res
1534 694 1639 730 pene
1654 681 1699 718 in
1712 680 1830 730 vulgi

226 731 410 770 fabulam
431 734 544 782 exiit,
568 736 610 772 et
629 735 887 784 adagionem.

283 786 361 824 Sed
379 800 544 826 mecum
561 802 698 827 coram
714 789 997 839 expostulauit
1011 790 1128 839 serio,
1146 791 1255 840 quod
1271 790 1423 829 alicubi
1437 790 1597 828 viderer
1611 801 1832 839 agnoscere

226 840 395 879 libellos
414 841 605 881 famosos.
668 843 716 881 Id
745 857 841 882 cum
864 843 971 881 mihi
998 845 1211 883 videretur
1234 845 1472 891 absurdum,
1499 845 1570 894 qui
1596 845 1653 883 sic
1683 843 1827 882 abhor-

146 904 206 938 275
228 908 340 933 ream
360 896 410 934 ab
431 897 509 935 1100
528 911 676 947 genere
695 900 741 936 vt
763 910 885 936 nemo
905 899 1051 948 magis,
1075 902 1116 937 et
1136 899 1366 948 flagitarem
1386 913 1569 949 quonam
1583 900 1828 948 argumento

226 950 268 987 id
289 950 450 997 diceret,
474 952 647 1000 protulit
667 953 807 991 10011111
827 967 877 992 ex
897 953 1071 1002 epistola
1091 953 1136 992 ni
1155 954 1279 992 fallor
1297 954 1348 992 ad
1370 954 1574 992 Thomam
1596 952 1828 1002 Lupsetum

228 1017 329 1052 mea,
373 1005 418 1042 in
457 1019 536 1055 qua
581 1007 726 1056 scripsi
769 1008 876 1057 quod
922 1008 1113 1046 libellum
1150 1009 1359 1046 famosum
1396 1008 1616 1058 aliquoties
1661 1009 1830 1046 excuset

228 1059 460 1097 necessitas.
520 1060 799 1100 Existimabat
825 1075 893 1100 me
917 1062 1137 1100 defendere
1161 1062 1352 1101 libellum
1379 1063 1587 1100 famosum
1614 1063 1827 1112 praetextu

227 1113 496 1162 necessitatis,
518 1115 587 1153 sed
605 1117 743 1153 tamen
761 1129 833 1166 pro
849 1130 922 1155 sua
934 1116 1136 1156 ciuilitate
1148 1117 1281 1155 fassus
1294 1119 1356 1155 est
1371 1117 1447 1155 hoc
1460 1118 1597 1166 aliquo
1612 1118 1829 1166 praetextu

145 1169 208 1200 280
228 1167 396 1206 defendi
411 1181 540 1217 posse,
559 1171 667 1218 quod
681 1171 913 1210 addiderim
931 1175 940 1190 ⁴
953 1172 1062 1221 aliqu
1070 1172 1176 1209 ando
1193 1173 1212 1209 ⁹.
1255 1173 1314 1210 At
1328 1185 1413 1210 non
1427 1171 1633 1209 intellexit
1648 1171 1829 1209 stolidus

226 1221 299 1259 ille
314 1235 460 1260 censor
475 1236 542 1261 me
558 1224 645 1262 11110
661 1227 966 1275 exaggerandae
987 1226 1045 1263 rei
1061 1226 1192 1275 gratia
1206 1226 1392 1265 conferre
1412 1226 1708 1264 detractionem
1730 1238 1826 1275 quo-

226 1276 415 1324 rundam,
445 1279 516 1327 qui
547 1278 747 1327 priuatim
775 1282 817 1317 et
844 1281 1009 1330 publice
1028 1281 1255 1318 mendaciis
1282 1281 1409 1319 etiam
1440 1280 1650 1318 incessant
1669 1280 1827 1318 famam

226 1330 419 1378 alienam,
443 1345 537 1370 cum
558 1333 713 1371 libellis
731 1335 903 1373 famosis
922 1335 1054 1373 veluti
1074 1348 1169 1372 cum
1190 1335 1372 1373 facinore
1388 1335 1645 1373 atrocissimo
1660 1336 1701 1372 et
1717 1333 1827 1383 plus—

227 1398 354 1434 quam
374 1386 562 1436 capitali:
596 1390 638 1426 et
658 1401 709 1426 ex
728 1389 1036 1428 circunstantiis
1056 1389 1295 1427 demonstro
1316 1390 1487 1428 illorum
1507 1388 1826 1427 oblatrationem

145 1441 205 1482 285
225 1439 364 1489 aliqua
383 1453 432 1478 ex
453 1444 567 1490 parte
587 1443 728 1481 minus
752 1444 903 1481 mereri
923 1445 1089 1482 veniam
1110 1457 1232 1493 quam
1255 1445 1447 1482 libellum
1475 1444 1696 1490 famosum,
1718 1442 1825 1492 quod

225 1493 338 1531 hunc
353 1494 575 1544 aliquando
587 1501 751 1535 excuset
764 1498 988 1536 necessitas
1005 1514 1013 1542 ;
1043 1498 1175 1536 veluti
1189 1512 1286 1536 cum
1301 1499 1536 1537 monendus
1551 1500 1623 1536 aut
1639 1498 1828 1535 territan-

227 1548 304 1586 dus
325 1550 388 1586 est
409 1551 624 1599 tyrannus,
643 1565 767 1601 quem
788 1566 957 1590 monere
978 1565 1115 1590 coram
1136 1566 1219 1591 non
1241 1553 1296 1591 sit
1324 1556 1477 1599 tutum,
1501 1565 1596 1590 cum
1621 1555 1762 1590 tamen
1783 1551 1825 1589 id

226 1602 282 1640 sit
317 1616 340 1640 e
368 1604 591 1653 republica.
650 1606 730 1644 Sed
760 1606 831 1644 isti
861 1620 956 1645 cum
987 1608 1078 1644 tuto
1107 1611 1278 1656 possent
1311 1608 1544 1653 admonere,
1579 1609 1720 1644 tamen
1750 1618 1826 1644 nec

224 1657 387 1695 monito
409 1671 483 1696 1100
503 1659 645 1697 audito
667 1673 749 1706 me,
770 1661 924 1699 famam
945 1661 1155 1699 incessant
1175 1663 1412 1700 mendaciis.
1473 1661 1622 1710 Itaque
1635 1673 1719 1698 non
1740 1659 1826 1697 11110

144 1720 207 1752 290
227 1711 360 1760 magis
392 1712 512 1750 faueo
544 1714 697 1752 libellis
727 1715 897 1754 famosis
927 1728 1049 1765 quam
1081 1716 1235 1754 faueret
1270 1715 1494 1763 homicidio
1528 1716 1600 1765 qui
1631 1718 1825 1764 stuprum

226 1778 322 1803 cum
342 1766 566 1805 homicidio
588 1769 806 1816 conferret,
830 1772 871 1807 et
891 1770 950 1808 ita
970 1770 1176 1808 conferret
1195 1773 1242 1809 vt
1262 1771 1417 1809 diceret
1432 1770 1507 1808 hac
1523 1771 1637 1819 parte
1657 1769 1827 1819 grauius

226 1832 313 1858 esse
333 1821 437 1868 cede,
464 1823 573 1870 quod
599 1823 875 1862 homicidium
901 1838 985 1862 non
1009 1824 1165 1863 lederet
1186 1825 1267 1863 nisi
1294 1838 1422 1863 vnam
1446 1824 1629 1862 hominis
1649 1824 1822 1873 partem,

224 1887 397 1924 eamque
417 1876 676 1925 deteriorem,
700 1881 894 1928 stuprum
915 1882 956 1917 et
975 1879 1164 1917 animum
1186 1882 1227 1918 et
1247 1893 1394 1929 corpus
1414 1879 1714 1928 conspurcaret.

281 1928 377 1967 Mox
403 1931 612 1979 pollicitus
635 1934 697 1970 est
726 1946 814 1970 sese
840 1934 978 1972 locum
1008 1933 1289 1972 indicaturum
1319 1934 1361 1972 in
1392 1947 1474 1983 quo
1504 1932 1825 1982 pronunciarem

144 1991 205 2024 295
224 1982 443 2032 Virginem
483 1989 662 2024 matrem
701 1990 943 2037 conceptam
982 1988 1136 2036 absque
1173 1990 1338 2038 peccato
1377 1988 1581 2037 originali.
1640 1987 1825 2024 Rursum

223 2038 401 2087 promisi
438 2051 505 2077 me
540 2041 844 2080 declaraturum
876 2042 1016 2080 locum
1048 2055 1133 2080 non
1168 2043 1445 2090 intellectum,
1484 2042 1518 2080 si
1557 2041 1629 2078 ille
1668 2041 1826 2078 lectum

224 2092 480 2132 ostendisset.
540 2095 596 2132 Et
615 2095 773 2134 indicat
793 2096 944 2140 locum,
965 2097 1009 2134 in
1031 2110 1112 2145 quo
1137 2110 1231 2135 cum
1261 2097 1527 2135 adduxissem
1546 2108 1679 2134 vnum
1703 2096 1826 2144 atque

223 2146 402 2184 alterum
422 2148 715 2188 testimonium
740 2164 790 2188 ex
810 2151 1109 2200 Chrysostomo
1134 2153 1176 2189 et
1196 2153 1450 2201 Augustino,
1470 2151 1515 2188 in
1539 2150 1690 2200 quibus
1716 2148 1826 2186 vide·

224 2203 369 2239 rentur
406 2202 544 2252 aliquo
583 2205 707 2242 niodo
740 2210 953 2253 peccatum
991 2207 1107 2244 actus
1144 2207 1325 2244 tribuere
1363 2205 1539 2255 Virgini,
1581 2204 1649 2242 his
1686 2202 1827 2241 verbis

143 2261 206 2291 300
225 2255 371 2293 claudo
390 2268 636 2302 sermonem,
659 2259 734 2296 ‘Et
756 2273 831 2297 nos
857 2260 1033 2298 facimus
1062 2273 1155 2298 eam
1184 2261 1418 2299 immunem
1442 2271 1612 2309 prorsus
1631 2258 1682 2296 ab
1709 2256 1827 2296 omni

224 2311 391 2358 peccato
409 2311 428 2348 ⁹.
490 2312 582 2349 Hoc
602 2312 666 2350 illi
686 2313 824 2352 visum
846 2317 909 2352 est
932 2315 1269 2365 pronunciatorie
1289 2315 1461 2362 dictum,
1485 2327 1579 2352 cum
1605 2311 1825 2350 intulerim

224 2375 300 2401 nos
332 2376 415 2401 non
449 2368 556 2404 recte
587 2367 758 2405 liberare
789 2381 881 2406 eam
914 2370 964 2407 ab
995 2369 1168 2420 originis
1196 2372 1373 2418 peccato,
1406 2370 1441 2407 si
1469 2368 1576 2407 tanti
1605 2366 1688 2406 viri
1716 2367 1825 2403 recte

224 2416 418 2455 tribuunt
452 2419 513 2457 illi
545 2424 759 2469 peccatum
793 2422 978 2461 actionis
1039 2426 1181 2473 Atque
1213 2424 1280 2462 1110
1312 2436 1492 2461 errorem
1523 2435 1648 2460 suum
1676 2420 1827 2459 lubens

223 2472 406 2520 agnouit,
428 2473 619 2512 videlicet
639 2476 890 2514 dissentiens
910 2491 933 2515 a
954 2478 1067 2516 Scoti
1087 2478 1341 2527 sequacibus.

141 2532 202 2564 305
278 2526 379 2564 Post
415 2526 516 2566 haec
543 2531 718 2568 ventum
749 2533 812 2569 est
841 2532 890 2569 ad
918 2531 1059 2571 locum
1089 2533 1212 2582 longe
1240 2531 1670 2582 periculosissimun1;
1700 2528 1736 2566 is
1764 2529 1827 2566 est

284 2682 359 2719 265.
385 2684 439 2712 H:
465 2685 633 2721 quaestus
649 2687 686 2715 F.
897 2696 971 2725 272.
997 2689 1032 2717 et
1048 2688 1195 2723 FCorriy.
1211 2696 1219 2716 :
1244 2688 1282 2715 vt
1298 2689 1334 2716 F.
1483 2686 1557 2724 283.
1582 2687 1618 2716 et
1641 2694 1699 2714 om.
1715 2685 1758 2714 H.

268 2810 341 2848 276.
369 2810 533 2849 epistola]
555 2811 618 2850 Ep.
639 2821 733 2850 1053.
1058 2811 1219 2851 vex-bully
1236 2813 1407 2842 accurate.
1451 2812 1504 2843 Cf.
1521 2811 1584 2851 Ep.
1608 2812 1699 2849 1196.
1716 2820 1801 2850 51-7
1819 2821 1828 2849 ;

269 2854 344 2884 280.
370 2854 581 2894 aliquando]
606 2855 637 2885 A
662 2855 754 2885 loose
778 2855 984 2894 quotation:
1056 2855 1136 2895 and,
1170 2856 1223 2885 for
1248 2855 1311 2885 the
1339 2855 1556 2886 Dominican
1578 2855 1747 2895 position,
1768 2863 1825 2885 see

224 2897 339 2937 really
395 2898 677 2937 ‘nonnunquam
689 2899 708 2930 ’.
810 2900 874 2930 Sec
922 2899 985 2938 Ep.
1056 2898 1119 2937 Ep.
1143 2907 1233 2937 1173.
1255 2908 1353 2938 12911.

227 2950 321 2979 1053.
340 2950 415 2979 447.
1097 2951 1171 2980 305.
1199 2941 1331 2982 locum]
1349 2942 1408 2972 An
1426 2942 1590 2972 addition
1608 2943 1644 2972 to
1661 2941 1723 2972 the
1741 2942 1827 2971 note

267 2994 341 3023 294.
361 2983 584 3024 locu1n]'l'he
599 2988 681 3016 note
697 2985 812 3024 (1519)
824 2996 867 3015 on
883 2986 983 3016 Matt.
1053 2995 1098 3015 on
1114 2996 1125 3015 1
1141 2986 1218 3015 Cor.
1236 2996 1246 3014 1
1258 2996 1281 3016 1.
1295 2995 1346 3023 24.
1363 2985 1456 3016 ‘Hoc
1467 2987 1521 3016 est
1530 2995 1658 3024 corpus
1670 2983 1825 3016 meum':

227 3037 276 3059 12.
311 3038 363 3067 47.
412 3029 485 3059 'she
517 3029 704 3067 quotation
738 3030 823 3059 here
857 3029 887 3059 is
918 3031 982 3059 not
1052 3029 1154 3059 made
1172 3029 1211 3058 in
1229 3029 1291 3059 the
1309 3029 1447 3059 edition
1466 3031 1504 3059 of
1520 3038 1616 3068 1519.
