1990 3353
92 164 220 219 .1094]
548 166 702 206 FROM
739 164 890 205 JOHN
928 164 1004 203 DE
1043 164 1241 205 HONDT
1616 168 1696 207 243

97 274 364 323 parrochialis
397 275 531 313 sancti
563 274 704 324 Egidii
733 274 876 313 Wasie
910 276 951 313 et
986 274 1164 312 duarum
1196 274 1529 323 capellaniarum,
1564 275 1698 314 sancti

98 328 257 367 Nicolai
269 328 413 369 Wasie
431 331 472 367 et
492 328 737 373 Gaudensis,
752 328 837 367 iam
851 330 970 367 erant
989 328 1200 366 confiscati
1217 331 1258 366 et
1277 331 1508 367 memorato
1528 329 1698 367 domino
1717 346 1758 377 30

98 382 404 432 Tornacen<si)
427 383 574 422 affecti.
634 382 809 421 Obtinui
835 385 978 421 tamen
1001 382 1203 432 precibus,
1227 385 1274 420 vt
1302 383 1400 429 dixi,
1429 383 1536 432 quod
1568 382 1697 420 nichil

95 450 146 475 ex
166 436 250 476 hiis
273 437 535 487 deperditum
560 439 632 484 est,
655 437 778 475 modo
803 437 915 476 intra
942 436 1040 474 hinc
1069 438 1111 474 et
1137 437 1293 475 festum
1322 437 1560 476 natiuitatis
1588 437 1699 475 beati

96 491 297 530 Iohannis
315 492 553 541 proximum
572 504 646 541 ego
666 491 882 530 ostendero
902 493 944 529 et
963 491 1090 529 fidem
1108 490 1240 529 fecero
1259 491 1414 529 eisdem
1441 491 1622 530 dominis
1648 491 1699 529 de

96 544 248 584 litteris
280 545 521 584 huiusmodi
554 546 839 594 Siynfficamus.
907 545 1062 595 Scripsi
1093 545 1195 583 satis
1228 545 1402 583 antehac
1435 546 1542 595 quod
1577 544 1700 584 annis

97 599 278 649 singulis
303 599 553 638 adueniente
574 600 680 638 festo
709 600 868 638 Pasche
898 599 1107 649 expediret
1135 599 1229 637 illas
1258 599 1542 638 transmittere
1558 614 1569 648 ;
1598 599 1699 649 quid
1719 616 1758 646 35

96 666 215 692 cause
243 653 386 698 adfuit,
419 667 491 692 cur
518 653 656 691 littere
684 653 827 692 eedem
858 654 1069 703 hucusque
1100 666 1186 691 non
1214 653 1516 703 applicuerunt,
1548 654 1695 693 nescio.

96 707 305 756 Ceterum,
330 707 497 746 domine
516 708 762 756 venerande,
785 707 883 758 quia
908 707 957 746 de
984 706 1208 755 benefieiis,
1231 721 1310 757 que
1328 707 1543 747 Barbirius
1568 709 1657 758 ipse
1675 721 1698 746 a

97 775 165 800 1110
185 761 356 809 obtinet,
379 762 642 801 dimittendis
670 763 712 800 et
739 761 936 812 pensione
966 775 1038 812 per
1057 761 1317 811 capellanum
1341 762 1520 800 alterum
1540 762 1698 801 domini

97 816 148 854 de
175 815 370 854 Chieruia
398 816 649 865 assignanda
674 816 856 855 scribitis
881 829 970 854 rem
995 818 1128 855 totam
1156 816 1327 854 arbitrio
1356 816 1486 866 ipsius
1516 817 1699 855 Barbirii

97 870 364 919 commisisse,
402 871 525 909 modo
562 884 654 909 eam
690 871 979 920 comprobem:
1026 870 1064 908 si
1099 870 1317 909 Barbirius
1353 871 1565 921 predictus
1602 884 1698 909 cum
1720 887 1762 917 40

98 924 209 974 Rege
242 924 325 963 iam
359 925 429 963 diu
464 924 693 963 desiderato
720 925 895 972 venerit,
929 937 1069 963 secum
1102 926 1211 974 quod
1244 925 1470 963 honestum
1498 926 1577 964 erit
1607 939 1699 964 con-

97 979 293 1026 tractabo,
317 991 391 1017 nec
410 979 589 1018 interero
609 979 780 1029 negocio
799 979 871 1018 vbi
890 981 1026 1018 vestre
1052 979 1286 1017 reuerencie
1312 979 1518 1018 offensum
1545 980 1698 1029 aliquid

96 1034 170 1072 aut
188 1033 465 1083 preiudicium
480 1033 654 1072 afferens
670 1033 964 1084 practicabitur
979 1047 989 1082 ;
1018 1033 1263 1084 quinymmo
1279 1046 1444 1072 causam
1460 1034 1575 1072 illius
1588 1034 1699 1073 haud

96 1087 202 1126 alias
233 1100 279 1126 ac
311 1086 348 1126 si
380 1087 591 1138 propriam
621 1088 779 1127 tuebor.
849 1088 973 1126 Absit
1005 1088 1117 1126 enim
1147 1090 1194 1126 vt
1227 1087 1334 1126 alius
1367 1088 1560 1126 inueniar
1592 1089 1701 1138 apud

99 1145 283 1181 vestram
312 1143 590 1180 reuerenciam
619 1156 744 1194 quam
774 1142 846 1180 alii
874 1142 1009 1181 eidem
1037 1142 1088 1180 de
1117 1155 1183 1180 me
1211 1141 1488 1192 predicarunt.
1721 1159 1761 1189 45

154 1196 365 1235 Dominus
394 1209 512 1234 meus
540 1197 821 1245 honorandus,
842 1196 1038 1245 magister
1062 1196 1238 1235 Iacobus
1266 1197 1316 1235 de
1340 1196 1461 1245 Tielt,
1489 1199 1632 1236 cantor
1660 1199 1702 1236 et

97 1250 323 1290 canonicus
362 1251 703 1301 Curtracen<sis>
743 1253 785 1289 et
821 1251 1067 1290 secretarius
1106 1251 1318 1288 reuerendi
1356 1251 1516 1290 domini
1553 1251 1703 1290 Torna-

97 1304 301 1354 cen(sis>,
323 1305 456 1343 mittit
480 1305 702 1355 quemdam
725 1305 949 1344 honestum
978 1305 1184 1353 iuuenem,
1212 1305 1278 1343 cui
1308 1318 1462 1343 nomen
1492 1305 1703 1344 Iohannes

100 1359 201 1406 Soti,
224 1359 274 1397 de
294 1359 583 1409 Ardemburgo
604 1360 838 1408 oriundum,
857 1373 1090 1409 pauperem,
1108 1359 1351 1398 excellentis
1370 1360 1542 1409 ingenii,
1561 1360 1703 1410 (quem

100 1413 289 1463 pluribus
320 1413 443 1452 annis
477 1414 529 1452 ob
558 1414 718 1464 ingenii
747 1413 1038 1452 excellenciam
1068 1413 1221 1452 litteris
1249 1414 1518 1462 grammatice
1546 1417 1587 1453 et
1615 1417 1702 1453 arte
1722 1431 1762 1462 50

100 1467 288 1506 musicali
310 1468 395 1506 iam
415 1467 516 1506 satis
534 1469 727 1507 edoctum
747 1468 977 1516 enutriuit),
1001 1467 1236 1506 Louanium
1261 1468 1307 1506 111
1334 1468 1506 1518 collegio
1533 1469 1633 1506 Lilii
1658 1468 1702 1506 in

98 1521 262 1560 artibus
290 1521 534 1560 liberalibus
561 1523 876 1561 instruendum:
910 1521 961 1561 ad
992 1522 1149 1560 maiora
1176 1522 1343 1560 tandem
1372 1523 1511 1572 ipsum
1540 1536 1703 1572 promo-

101 1579 231 1623 turus,
255 1576 301 1624 si,
321 1578 445 1626 prout
463 1577 582 1627 cepit,
601 1577 788 1615 studium
804 1589 928 1615 suum
944 1576 1261 1615 continuauerit.
1307 1576 1350 1613 Is
1366 1577 1477 1615 idem
1493 1576 1699 1624 dominus,

101 1632 238 1669 vestre
258 1631 491 1669 reuerencie
511 1631 690 1669 salutem
708 1631 935 1681 plurimam
956 1630 1109 1677 dicens,
1131 1631 1304 1669 eandem
1331 1634 1484 1680 exorat,
1508 1632 1705 1681 dignetur

102 1683 298 1723 iuuenem
321 1685 459 1734 ipsum
485 1686 594 1735 apud
621 1686 852 1736 Regentem
881 1684 1044 1734 collegii
1072 1685 1155 1723 iam
1184 1685 1285 1724 dicti
1314 1685 1464 1724 habere
1494 1699 1702 1724 commen·
1724 1698 1764 1730 55

101 1739 260 1778 datum.
318 1738 434 1777 Bene
461 1740 597 1779 valeat
624 1740 794 1778 interim
819 1741 956 1778 vestra
980 1739 1028 1778 V.
1052 1739 1116 1778 D..
1139 1739 1206 1777 eui
1231 1740 1332 1778 totis
1355 1740 1516 1779 viribus
1545 1740 1635 1779 dies
1664 1743 1704 1779 et

103 1796 243 1832 noctes
262 1806 424 1832 morem
444 1807 584 1844 gerere
603 1795 733 1845 cupio.

159 1848 222 1886 Ex
243 1848 440 1887 Curtraco
462 1848 528 1887 (110
548 1849 892 1887 vicesimaoctaua
911 1848 1068 1886 mensis
1088 1847 1248 1897 Aprilis
1267 1862 1377 1887 anno
1404 1859 1518 1895 1520.

428 1902 627 1942 Eiusdem
646 1906 782 1942 vestre
801 1902 1034 1941 reuerencie
1054 1902 1231 1940 seruitor

646 1957 855 1996 Iohannes
874 1957 924 1996 de
944 1956 1103 2003 Hondt,
1120 1956 1341 1995 canonicus
1363 1957 1703 2007 Curtrac<ensis>
1725 1965 1767 1997 60

643 2014 684 2050 et
701 2011 888 2050 eiusdem
907 2011 987 2049 loci
1007 2010 1331 2051 Christianitatis
1352 2011 1541 2051 decanus.

158 2065 404 2104 Venerando
432 2067 474 2104 et
500 2065 806 2105 humanissimo
835 2065 1016 2113 domino,
1046 2064 1215 2104 domino
1242 2065 1415 2103 Erasmo
1444 2066 1706 2114 Roterdamo,

104 2131 217 2158 sacre
249 2119 398 2170 pagine
428 2120 651 2170 professori
684 2119 1043 2166 excellentissimo,
1074 2119 1252 2158 Louanii
1280 2120 1325 2157 in
1355 2120 1578 2170 pedagogio
1609 2120 1709 2159 Lilii

105 2173 316 2213 residenti.

1465 2228 1650 2267 Louanii.
1727 2238 1767 2277 65

749 2283 800 2320 46.
828 2285 975 2313 canotor
992 2283 1061 2312 MS.

108 2363 189 2394 that
208 2364 394 2394 Barbirius
407 2363 535 2394 should
548 2364 683 2394 receive
694 2364 757 2394 the
770 2364 874 2394 bene·
987 2374 1039 2404 39.
1066 2363 1253 2404 Chieruia]
1270 2363 1334 2393 See
1354 2364 1415 2403 Ep.
1437 2373 1510 2403 532.
1530 2373 1610 2404 2711.

109 2406 192 2437 ficos
205 2406 423 2447 (cf.ll.37—8;
443 2407 566 2446 EE.3;
583 2406 668 2437 ΕΕ.2
681 2411 750 2446 77ζ,
764 2407 874 2438 while
988 2418 1041 2444 41.
1066 2406 1282 2447 desiderato]
1301 2407 1352 2437 Cf.
1375 2407 1436 2446 Ep.
1457 2418 1549 2446 1004.
1573 2418 1672 2448 14511.

107 2449 153 2480 de
172 2450 300 2481 Hondt
312 2450 399 2482 held
412 2451 474 2481 the
487 2460 655 2489 canonry.
703 2451 776 2481 The
790 2461 876 2491 pen·
1052 2450 1211 2490 venerit]
1231 2450 1286 2480 Cf.
1305 2451 1365 2490 Ep.
1391 2461 1483 2490 1079.
1502 2461 1562 2491 9n.

110 2494 188 2525 sion
206 2503 278 2524 was
295 2494 445 2534 charged
462 2504 508 2525 on
524 2495 611 2525 both
637 2504 775 2524 sources
794 2495 875 2534 kEp.
988 2495 1040 2533 46.
1060 2493 1222 2535 Iacobus]
1239 2494 1276 2524 of
1285 2494 1414 2533 Thielt,
1430 2505 1461 2526 Ν.
1475 2496 1513 2526 of
1523 2495 1708 2535 Courtray,

111 2546 183 2576 751.
215 2539 359 2576 12—15);
382 2538 446 2568 but
474 2538 536 2569 the
559 2537 675 2568 whole
699 2547 777 2568 sum
805 2548 875 2568 was
944 2538 1202 2578 vicar-general
1227 2537 1265 2568 os
1292 2538 1352 2568 the
1380 2539 1436 2578 bp.
1468 2539 1506 2569 of
1532 2539 1707 2578 Tournay.

109 2580 193 2621 paid
210 2583 246 2611 to
264 2581 432 2612 Erasmus
448 2581 494 2620 by
510 2581 552 2612 de
576 2580 714 2620 Hondt,
742 2582 779 2611 in
796 2584 876 2621 part
946 2582 990 2612 In
1009 2582 1094 2613 Nov.
1112 2591 1192 2620 1517
1207 2580 1251 2611 de
1268 2581 1394 2612 Hondt
1408 2592 1480 2613 was
1493 2582 1607 2622 living
1618 2582 1709 2613 with

111 2625 167 2655 for
204 2624 356 2655 himself
389 2624 461 2655 and
500 2624 572 2655 also
611 2634 648 2655 as
686 2627 793 2664 agent
823 2625 878 2656 for
945 2625 1022 2655 him
1047 2626 1084 2655 at
1116 2625 1315 2664 Courtray:
1355 2635 1412 2656 see
1443 2626 1474 2657 J.
1493 2626 1536 2657 A.
1556 2626 1707 2663 Clerval,

110 2667 298 2698 Barbirius
315 2669 395 2708 (Ep.
416 2677 486 2707 751.
505 2669 589 2706 4-6;
616 2667 700 2698 ΕΕ.2
726 2670 792 2707 77).
948 2671 1200 2705 Cllchtoucz'z·1'ta,
1220 2668 1312 2708 1894,
1331 2678 1391 2709 pp.
1409 2680 1460 2708 27,
1480 2678 1531 2708 35.

155 2721 206 2750 29.
234 2711 372 2752 Wasie]
402 2712 435 2742 A
459 2712 601 2742 district
632 2712 788 2752 forming
815 2712 877 2742 the
990 2723 1042 2751 49.
1070 2711 1162 2752 Soti]
1181 2712 1250 2742 His
1268 2721 1373 2742 name
1391 2713 1421 2742 is
1438 2716 1500 2743 not
1519 2713 1650 2743 known
1675 2715 1710 2744 to

112 2764 166 2787 NE.
186 2754 225 2785 of
238 2755 421 2795 Flandcrs,
440 2755 512 2786 and
523 2764 566 2787 W.
581 2755 619 2786 of
629 2755 691 2785 the
707 2755 855 2786 Scheldt
871 2766 878 2793 ;
946 2765 1002 2785 me
1034 2756 1232 2786 otherwise.
1288 2756 1357 2786 His
1384 2756 1596 2796 birthplace,
1623 2758 1710 2787 Aar-

111 2808 169 2829 see
193 2798 280 2829 Ant.
309 2798 498 2838 Sanderus,
523 2801 679 2829 annczria
709 2801 875 2838 illustrata,
947 2799 1118 2839 denburg,
1146 2799 1211 2829 lies
1236 2808 1288 2829 NE.
1317 2800 1355 2829 of
1374 2800 1519 2840 Bruges
1538 2810 1625 2830 near
1648 2800 1710 2831 the

113 2842 139 2872 11
173 2842 303 2881 (1644),
337 2842 474 2881 538-53.
535 2842 584 2873 St.
614 2842 782 2873 Nicholas
813 2843 878 2872 lies
947 2843 1071 2873 mouth
1089 2842 1126 2873 of
1139 2843 1201 2873 the
1217 2842 1374 2874 Scheldt.

114 2884 272 2925 midway
288 2886 448 2916 between
465 2886 638 2925 Antwerp
655 2885 726 2916 and
745 2886 876 2925 Ghent‚
991 2895 1042 2924 55.
1069 2885 1281 2928 Regentem]
1302 2886 1457 2926 Nevius;
1481 2896 1537 2917 see
1554 2887 1616 2926 Ep.
1646 2887 1710 2927 298

115 2929 206 2958 with
232 2929 282 2959 St.
313 2929 412 2960 Giles
436 2930 472 2959 to
501 2929 563 2959 the
589 2937 620 2959 x.
647 2929 685 2960 of
707 2930 745 2960 it.
794 2930 878 2960 Bar·
948 2929 1079 2961 introd.

114 2972 228 3003 birius
244 2971 502 3011 subsequently
517 2972 627 3003 ceded
645 2972 695 3003 St.
723 2972 821 3004 Giles
845 2976 879 3003 10
992 2974 1047 3012 56.
1070 2973 1111 3003 V.
1131 2971 1191 3014 D.]
1209 2973 1413 3004 veneranda
1431 2973 1640 3004 dominatio.

116 3015 172 3046 his
203 3016 351 3046 brother
377 3015 547 3046 Nicholas
573 3016 652 3056 (Ep.
682 3016 785 3057 613);
824 3026 880 3047 see
991 3018 1043 3047 61.
1071 3016 1374 3058 Christianitatis]
1401 3018 1444 3047 In
1470 3017 1532 3047 the
1558 3019 1658 3048 notes

116 3058 180 3098 Ep.
200 3069 290 3098 1245.
952 3060 1035 3098 ER,
1052 3070 1084 3099 p.
1099 3069 1171 3098 373,
1185 3059 1259 3090 this
1272 3060 1301 3090 is
1315 3060 1505 3100 explained
1519 3070 1557 3090 as
1570 3063 1690 3091 ruralis

160 3103 212 3141 38.
238 3101 480 3142 capellanum]
498 3102 516 3133 Ι
534 3106 667 3134 cannot
682 3103 846 3142 identify.
951 3114 988 3132 us
1005 3103 1156 3143 opposed
1172 3106 1206 3134 to
1220 3103 1281 3133 the
1298 3107 1433 3134 decanus
1448 3106 1592 3140 capituli.

882 3159 959 3184 R2
