1990 3353
96 156 219 210 1039]
615 156 685 193 TO
722 156 875 194 JOHN
915 152 1177 193 SLECHTA
1621 155 1697 193 117

93 265 137 304 in
172 265 413 315 quotidiano
447 265 602 303 vestitu
637 277 906 312 consecrasse,
942 266 1083 302 tamen
1120 264 1298 314 impium
1332 267 1395 302 est
1433 266 1698 302 contemnere

93 321 202 370 quod
236 333 320 358 non
350 320 503 370 absque
534 319 708 357 salutari
738 318 910 357 consilio
944 320 1040 367 post
1068 331 1092 356 a
1122 319 1320 357 Patribus
1350 321 1413 357 est
1441 318 1695 356 institutum.

93 374 361 413 Ceremoniae
392 376 502 421 sunt,
533 374 604 412 sed
634 373 702 412 his
731 373 977 411 ceremoniis
1005 373 1352 411 commendantur
1377 373 1529 422 populo
1558 372 1701 410 diuina

95 429 305 479 mysteria.
364 429 418 466 Et
437 428 473 466 si
493 427 602 466 nihil
621 427 746 475 aliud,
770 440 969 477 quorsum
990 427 1140 465 attinet
1159 427 1204 465 in
1228 441 1275 465 ea
1295 441 1338 465 re
1357 426 1576 465 dissentire
1598 439 1701 475 quae

94 485 197 522 citra
231 483 449 533 negocium
480 484 616 531 potest
644 482 888 520 obseruari?
925 481 1009 519 nisi
1037 481 1233 519 Pontifex
1263 482 1478 520 Romanus
1511 481 1587 518 hoc
1617 480 1700 519 illis

94 538 368 588 permitteret,
405 540 453 575 vt
486 537 537 574 ad
572 536 837 586 antiquitatis
869 536 1115 574 memoriam
1153 536 1241 574 suis
1279 536 1432 574 ritibus
1473 537 1698 582 vterentur,

95 592 447 643 quemadmodum
487 591 654 630 Graecis
690 594 731 629 et
769 590 1152 629 Mediolanensibus
1190 603 1286 628 suos
1319 590 1507 628 concedit
1539 590 1645 627 ritus
1678 603 1702 627 a

97 647 254 686 nostris
282 646 468 684 multum
496 645 692 683 diuersos.
754 645 870 693 Quod
902 645 937 683 si
965 644 1058 682 istis
1084 646 1301 694 tantopere
1324 646 1457 693 placet
1482 643 1702 682 Dominica

96 701 291 752 precatio,
323 714 370 739 ea
399 703 439 738 et
469 700 601 737 nostri
630 699 814 737 sacrificii
844 712 938 749 pars
967 701 1040 737 est.
1100 700 1158 738 Vt
1187 699 1368 738 stultum
1402 702 1464 737 est
1494 699 1600 736 nihil
1634 698 1702 736 ad-

97 756 272 802 miscere
294 755 420 793 sacris
442 757 606 803 praeter
631 767 758 792 vnam
784 754 1077 803 precationem,
1109 753 1168 792 ita
1194 767 1279 792 non
1307 756 1414 791 recte
1443 754 1603 791 faciunt
1631 753 1703 802 qui

96 810 304 860 quaslibet
324 808 607 859 quorumlibet
625 810 796 846 naenias
814 808 1054 846 admiscent.

153 865 246 903 Iam
267 877 370 914 quae
391 864 440 901 de
460 864 732 901 sacrament-is
753 863 952 910 sentiunt,
975 862 1217 900 absurdiora
1237 864 1334 900 sunt
1361 875 1486 911 quam
1513 864 1558 899 vt
1585 873 1704 899 aures

99 919 191 969 piae
223 919 329 957 ferre
363 918 551 968 possint3
594 917 679 955 nisi
713 918 823 968 quod
857 931 879 955 e
912 917 1041 956 tantis
1074 917 1198 954 malis
1232 917 1310 954 hoc
1343 917 1443 954 boni
1483 928 1705 966 possumus

98 987 330 1023 excerpere,
365 986 417 1011 ne
450 985 528 1010 nos
560 972 684 1010 rebus
715 972 821 1010 bene
854 971 1062 1010 institutis
1094 971 1144 1009 ad
1179 973 1399 1021 quaestum
1433 974 1504 1009 aut
1535 971 1705 1008 inanem

100 1028 276 1078 gloriam
315 1030 388 1066 aut
425 1027 551 1065 etiam
589 1026 858 1074 tyrannidem
895 1026 1127 1064 abutamur.
1189 1026 1365 1075 Vigilias
1406 1039 1452 1064 ac
1494 1025 1706 1063 moderata

100 1083 253 1121 ieiunia
282 1082 463 1120 demiror
491 1094 572 1130 qua
600 1081 736 1119 fronte
765 1081 1048 1127 contemnant,
1077 1093 1208 1129 quum
1236 1094 1283 1118 ea
1310 1080 1428 1118 nobis
1451 1081 1577 1134 tqties
1598 1082 1706 1129 Apo-

100 1137 259 1176 stolicis
292 1137 430 1175 verbis
464 1137 835 1174 commendentur:
880 1147 1119 1185 quanquam
1149 1135 1199 1173 ad
1229 1135 1329 1173 haec
1359 1134 1507 1173 malim
1537 1134 1706 1172 hortatu

100 1192 196 1230 duci
216 1191 408 1229 homines
428 1204 553 1240 quam
573 1190 748 1239 imperio
767 1190 890 1228 trahi.

157 1247 286 1285 Porro
307 1247 357 1284 de
378 1246 494 1284 festis
517 1245 662 1283 diebus
689 1258 773 1282 non
800 1245 984 1283 multum
1010 1243 1126 1282 abest
1150 1243 1328 1282 istorum
1356 1243 1496 1293 opinio
1520 1255 1542 1280 a
1568 1242 1706 1281 seculo

103 1300 368 1350 Hieronymi.
428 1300 549 1337 Nunc
589 1299 633 1336 in
671 1299 927 1337 immensum
957 1299 1139 1337 accreuit
1172 1298 1374 1336 festorum
1409 1297 1541 1343 turba,
1577 1310 1708 1347 quum

102 1356 232 1394 nullis
252 1356 398 1393 diebus
416 1355 512 1405 plus
531 1354 732 1392 scelerum
753 1354 990 1392 committat
1015 1353 1189 1401 vulgus:
1218 1356 1271 1401 et,
1296 1353 1405 1402 quod
1430 1356 1493 1390 est
1516 1352 1708 1389 inhuma-

104 1411 339 1457 nissimum,
373 1411 578 1459 coguntur
607 1421 696 1445 esse
726 1408 853 1446 ociosi
882 1411 992 1446 totos
1023 1408 1126 1454 dies,
1156 1407 1228 1456 qui
1257 1420 1342 1445 non
1376 1407 1470 1445 aliis
1504 1406 1709 1444 reditibus

102 1466 223 1504 alunt
242 1477 390 1503 vxores
409 1477 455 1502 ac
474 1463 636 1511 liberos,
659 1462 846 1500 fortassis
867 1463 993 1500 etiam
1020 1464 1222 1511 parenteS,
1247 1475 1369 1511 quam
1398 1474 1521 1510 opera
1548 1461 1705 1498 diurna.

105 1519 185 1557 His
210 1519 392 1557 indicere
417 1519 543 1556 ferias
569 1531 644 1555 nec
672 1517 768 1555 dare
794 1518 1028 1567 quicquain,
1054 1516 1154 1566 quid
1181 1518 1244 1554 est
1268 1516 1382 1554 aliud
1410 1528 1536 1565 quam
1562 1528 1632 1553 eos
1657 1514 1708 1552 ad

105 1575 259 1612 famem
280 1573 476 1623 adigere?
514 1573 608 1611 Sint
628 1573 771 1610 crebra
791 1574 908 1618 festa,
930 1571 1000 1609 sed
1022 1571 1066 1608 in
1087 1571 1256 1619 templis
1273 1585 1282 1618 3
1311 1571 1361 1608 ad
1384 1583 1487 1620 quae
1508 1569 1710 1607 diuitibus

105 1629 227 1666 liceat
259 1628 464 1676 accedere,
493 1628 563 1665 sed
596 1628 655 1665 ita
685 1630 732 1665 vt
765 1626 1015 1676 pauperibus
1050 1625 1171 1663 liceat
1202 1626 1354 1663 viuere.
1419 1624 1575 1663 Saltem
1604 1622 1710 1661 illud

104 1683 410 1730 concederetur,
443 1684 489 1720 vt
523 1683 700 1731 peractis
733 1681 860 1719 sacris
893 1681 1064 1718 redeant
1092 1680 1143 1718 ad
1174 1683 1337 1719 sanctos
1371 1679 1544 1717 labores.
1604 1677 1712 1725 Quid

106 1738 221 1775 enim
251 1737 434 1775 sanctius
464 1749 590 1786 quam
619 1749 822 1776 manuum
845 1735 985 1773 labore
1009 1735 1241 1784 prospicere
1265 1734 1407 1772 liberis
1432 1747 1477 1772 ac
1498 1733 1712 1771 familiae?

108 1792 230 1830 Nunc
258 1793 308 1829 ad
339 1791 563 1829 cuiuslibet
591 1790 927 1842 superstitiosum
957 1790 1153 1827 affectum
1181 1788 1420 1827 instituitur
1449 1789 1580 1825 festus
1609 1787 1708 1833 dies,

109 1847 194 1885 imo
223 1846 307 1883 fere
336 1846 527 1883 videmus
556 1846 634 1884 hoc
663 1846 802 1884 studio
831 1857 920 1883 esse
949 1844 1199 1894 quibusdam
1230 1843 1444 1893 episcopis,
1477 1845 1523 1880 vt
1557 1841 1714 1891 singuli

107 1900 297 1951 singulos
316 1901 443 1938 festos
461 1900 549 1938 dies
568 1901 723 1940 addant
741 1899 986 1946 calendario,
1011 1912 1091 1948 quo
1111 1899 1175 1936 vel
1196 1899 1273 1936 hoc
1292 1898 1570 1936 monumento
1591 1908 1714 1934 suum

109 1955 337 1993 nobilitent
365 1955 661 2004 episcopatum.
722 1956 879 1993 Verum
903 1956 949 1991 vt
972 1956 1033 1991 est
1061 1953 1320 1991 obedientiae
1343 1951 1554 2002 popularis
1583 1951 1714 1988 obser·

110 2023 208 2048 nare
234 2009 344 2059 quod
370 2023 394 2047 a
419 2009 658 2059 proceribus
685 2008 892 2047 Ecclesiae
916 2007 1225 2057 praescribitur,
1251 2009 1309 2045 ita
1334 2007 1484 2044 horum
1511 2008 1597 2043 erat
1625 2018 1715 2053 pru-

109 2063 275 2103 dentiae
302 2077 385 2101 non
411 2067 567 2101 temere
588 2062 958 2102 constitutionibus
976 2062 1219 2100 huiusmodi
1239 2062 1303 2099 vel
1324 2073 1493 2110 grauare
1514 2059 1715 2109 populum

109 2119 178 2158 vel
199 2118 307 2156 male
325 2119 542 2156 consulere
561 2119 748 2157 moribus
764 2116 954 2168 publicis.

167 2173 384 2211 Hactenus
409 2186 430 2210 e
457 2172 542 2211 tuis
565 2173 698 2211 literis
724 2173 919 2211 morbum
947 2171 1244 2220 cognouimus3
1276 2182 1387 2207 nunc
1408 2168 1570 2206 vtinam
1591 2167 1717 2206 medi-

111 2228 204 2266 cina
221 2227 354 2265 fidelis
368 2230 409 2265 et
424 2227 566 2265 efficax
580 2228 713 2277 possit
728 2225 955 2275 excogitari
971 2227 980 2264 ἔ
1020 2226 1074 2263 Et
1090 2225 1272 2263 arbitror
1284 2236 1410 2274 posse,
1430 2223 1464 2260 si
1480 2223 1603 2260 modo
1619 2221 1717 2260 boni

111 2294 340 2332 grauesque
355 2282 435 2320 viri
454 2282 536 2319 huc
555 2282 657 2320 totis
676 2281 924 2320 incumbant
944 2280 1095 2318 studiis
1113 2294 1121 2326 ;
1150 2278 1396 2329 praesertim
1412 2290 1508 2315 curn
1524 2277 1718 2316 Carolum

113 2336 340 2374 habeamus
373 2336 599 2385 Caesarem,
637 2336 686 2375 ad
720 2349 768 2374 ea
801 2348 904 2386 quae
938 2337 1037 2372 sunt
1076 2333 1338 2371 Christianae
1376 2332 1592 2381 religionis
1630 2333 1718 2369 toto

115 2394 276 2441 pectore
316 2403 580 2439 propensum,
618 2404 714 2429 cum
748 2390 932 2428 Leonem
966 2389 1193 2426 habeamus
1231 2387 1276 2425 in
1314 2387 1462 2436 primis
1496 2386 1644 2423 mitem
1678 2388 1719 2422 et

115 2444 376 2483 exorabilem.
438 2445 620 2483 Pulchre
658 2445 783 2483 coibit
821 2443 1048 2491 concordia,
1091 2443 1127 2480 si
1172 2455 1267 2491 pars
1307 2444 1480 2490 vtraque
1522 2439 1718 2478 nonnihil

114 2499 365 2537 concesserit
383 2499 515 2537 alteri.
577 2500 767 2538 Fortasse
793 2498 1071 2536 finitimarum
1099 2497 1317 2546 regionum
1345 2495 1534 2545 querelae
1561 2495 1721 2532 faciunt

116 2557 163 2592 vt
183 2553 368 2603 plerique
388 2553 563 2591 istorum
584 2554 834 2592 abhorreant
860 2566 884 2590 a
910 2552 1125 2590 dominatu
1153 2550 1372 2589 Pontificis
1397 2549 1587 2595 Romani,
1613 2548 1720 2598 quod

117 2621 160 2646 se
181 2608 398 2645 clamitent
418 2607 692 2646 inclementer
711 2607 885 2658 expilari
912 2606 1126 2654 premique
1152 2605 1325 2643 saeuitia
1350 2617 1493 2642 eorum
1520 2617 1591 2652 per
1617 2615 1721 2652 quos
1743 2617 1755 2636 .·
1786 2638 1802 2647 ν

116 2664 320 2712 geruntur
353 2661 574 2700 Pontificia
607 2662 785 2712 negocia.
843 2661 923 2700 Sed
957 2663 1029 2698 aut
1063 2673 1137 2709 ego
1171 2660 1294 2708 plane
1328 2658 1459 2706 fallor,
1494 2661 1564 2695 aut
1604 2657 1721 2695 facile

118 2715 413 2765 impetrabitur
431 2716 482 2753 ab
502 2716 673 2766 ingenio
693 2716 844 2754 Leonis
864 2714 1059 2753 clementi
1079 2714 1194 2751 iuxta
1213 2727 1258 2752 ac
1277 2713 1362 2762 pio,
1381 2715 1428 2751 vt
1448 2715 1489 2750 et
1510 2711 1722 2761 perplexas

118 2771 380 2820 superiorum
400 2771 636 2819 temporum
660 2771 842 2809 rationes
869 2769 1047 2813 omittat,
1072 2770 1113 2806 et
1139 2768 1183 2805 in
1210 2770 1421 2818 posterum
1445 2766 1573 2804 etiam
1597 2778 1719 2815 quam

120 2824 348 2863 minimum
374 2823 425 2862 ab
453 2824 541 2863 illis
567 2825 712 2875 exigat,
744 2824 990 2874 praesertim
1014 2823 1048 2860 si
1072 2835 1159 2860 sese
1183 2835 1355 2872 syncero
1380 2823 1540 2870 pectore
1568 2820 1629 2857 illi
1651 2833 1721 2857 ceu

468 2903 539 2933 194.
566 2895 825 2934 praescribitur
842 2891 917 2923 FN²
934 2904 941 2923 :
967 2891 1202 2931 proscribitur
1218 2891 1269 2920 Nl
1287 2893 1383 2921 Loml.

171 2995 240 3025 168.
276 2992 623 3034 Mediolanensibus]
660 2993 734 3023 The
772 2993 985 3024 Ambrosiam
1021 2992 1100 3031 rito,
1138 2991 1214 3021 still
1249 2993 1284 3021 in
1322 3001 1383 3022 us⁴¹
1415 2991 1636 3030 throughout
1663 2990 1723 3020 tln¹

123 3039 291 3077 province
309 3039 347 3068 of
360 3037 484 3068 Milan.

1724 434 1782 475 165

1731 1245 1791 1276 180

1734 1521 1793 1560 185

1737 1799 1797 1831 190

1740 2071 1798 2102 195

1740 2345 1801 2367 200
