<?xml version="1.0" encoding="UTF-8"?>
<!DOCTYPE html PUBLIC "-//W3C//DTD XHTML 1.0 Transitional//EN"
    "http://www.w3.org/TR/xhtml1/DTD/xhtml1-transitional.dtd">
<html xmlns="http://www.w3.org/1999/xhtml" xml:lang="en" lang="en">
 <head>
  <title>
</title>
<meta http-equiv="Content-Type" content="text/html;charset=utf-8" />
  <meta name='ocr-system' content='tesseract 3.04.00' />
  <meta name='ocr-capabilities' content='ocr_page ocr_carea ocr_par ocr_line ocrx_word'/>
</head>
<body>
  <div class='ocr_page' id='page_1' title='image "./opusepistolarumd04erasuoft_0320.png"; bbox 0 0 1990 3353; ppageno 0'>
   <div class='ocr_carea' id='block_1_1' title="bbox 191 378 250 402">
    <p class='ocr_par' dir='ltr' id='par_1_1' title="bbox 191 378 250 402">
     <span class='ocr_line' id='line_1_1' title="bbox 191 378 250 402; baseline 0.034 -2"><span class='ocrx_word' id='word_1_1' title='bbox 191 378 250 402; x_wconf 86' lang='lat'>110</span> 
     </span>
    </p>
   </div>
   <div class='ocr_carea' id='block_1_2' title="bbox 187 648 246 680">
    <p class='ocr_par' dir='ltr' id='par_1_2' title="bbox 187 648 246 680">
     <span class='ocr_line' id='line_1_2' title="bbox 187 648 246 680; baseline -0.017 -10"><span class='ocrx_word' id='word_1_2' title='bbox 187 648 246 680; x_wconf 86' lang='lat'>115</span> 
     </span>
    </p>
   </div>
   <div class='ocr_carea' id='block_1_3' title="bbox 191 922 255 944">
    <p class='ocr_par' dir='ltr' id='par_1_3' title="bbox 191 922 255 944">
     <span class='ocr_line' id='line_1_3' title="bbox 191 922 255 944; baseline 0 0"><span class='ocrx_word' id='word_1_3' title='bbox 191 922 255 944; x_wconf 88' lang='lat'>120</span> 
     </span>
    </p>
   </div>
   <div class='ocr_carea' id='block_1_4' title="bbox 194 1194 253 1225">
    <p class='ocr_par' dir='ltr' id='par_1_4' title="bbox 194 1194 253 1225">
     <span class='ocr_line' id='line_1_4' title="bbox 194 1194 253 1225; baseline -0.017 -9"><span class='ocrx_word' id='word_1_4' title='bbox 194 1194 253 1225; x_wconf 79' lang='lat'>125</span> 
     </span>
    </p>
   </div>
   <div class='ocr_carea' id='block_1_5' title="bbox 194 1466 254 1497">
    <p class='ocr_par' dir='ltr' id='par_1_5' title="bbox 194 1466 254 1497">
     <span class='ocr_line' id='line_1_5' title="bbox 194 1466 254 1497; baseline 0.017 -10"><span class='ocrx_word' id='word_1_5' title='bbox 194 1466 254 1497; x_wconf 81' lang='lat'>130</span> 
     </span>
    </p>
   </div>
   <div class='ocr_carea' id='block_1_6' title="bbox 193 1739 253 1770">
    <p class='ocr_par' dir='ltr' id='par_1_6' title="bbox 193 1739 253 1770">
     <span class='ocr_line' id='line_1_6' title="bbox 193 1739 253 1770; baseline 0 0"><span class='ocrx_word' id='word_1_6' title='bbox 193 1739 253 1770; x_wconf 79' lang='lat'>135</span> 
     </span>
    </p>
   </div>
   <div class='ocr_carea' id='block_1_7' title="bbox 191 2010 254 2042">
    <p class='ocr_par' dir='ltr' id='par_1_7' title="bbox 191 2010 254 2042">
     <span class='ocr_line' id='line_1_7' title="bbox 191 2010 254 2042; baseline 0.016 -10"><span class='ocrx_word' id='word_1_7' title='bbox 191 2010 254 2042; x_wconf 75' lang='lat'>140</span> 
     </span>
    </p>
   </div>
   <div class='ocr_carea' id='block_1_8' title="bbox 194 2283 250 2313">
    <p class='ocr_par' dir='ltr' id='par_1_8' title="bbox 194 2283 250 2313">
     <span class='ocr_line' id='line_1_8' title="bbox 194 2283 250 2313; baseline 0 0"><span class='ocrx_word' id='word_1_8' title='bbox 194 2283 250 2313; x_wconf 79' lang='lat'>145</span> 
     </span>
    </p>
   </div>
   <div class='ocr_carea' id='block_1_9' title="bbox 193 2553 254 2585">
    <p class='ocr_par' dir='ltr' id='par_1_9' title="bbox 193 2553 254 2585">
     <span class='ocr_line' id='line_1_9' title="bbox 193 2553 254 2585; baseline 0 -11"><span class='ocrx_word' id='word_1_9' title='bbox 193 2553 254 2585; x_wconf 84' lang='lat'>¹50</span> 
     </span>
    </p>
   </div>
   <div class='ocr_carea' id='block_1_10' title="bbox 273 148 1883 203">
    <p class='ocr_par' dir='ltr' id='par_1_10' title="bbox 273 148 1883 203">
     <span class='ocr_line' id='line_1_10' title="bbox 273 148 1883 203; baseline 0 -16"><span class='ocrx_word' id='word_1_10' title='bbox 273 149 355 187; x_wconf 79' lang='lat'>274</span> <span class='ocrx_word' id='word_1_11' title='bbox 739 149 992 190; x_wconf 84' lang='lat' dir='ltr'>LETTERS</span> <span class='ocrx_word' id='word_1_12' title='bbox 1031 150 1100 189; x_wconf 87' lang='lat' dir='ltr'>OF</span> <span class='ocrx_word' id='word_1_13' title='bbox 1140 150 1408 189; x_wconf 79' lang='lat' dir='ltr'><strong>ERASMUS</strong></span> <span class='ocrx_word' id='word_1_14' title='bbox 1756 148 1883 203; x_wconf 89' lang='lat'>[1520</span> 
     </span>
    </p>
   </div>
   <div class='ocr_carea' id='block_1_11' title="bbox 272 258 1883 2701">
    <p class='ocr_par' dir='ltr' id='par_1_11' title="bbox 272 258 1883 1288">
     <span class='ocr_line' id='line_1_11' title="bbox 274 258 1883 310; baseline 0.001 -13"><span class='ocrx_word' id='word_1_15' title='bbox 274 258 450 297; x_wconf 82' lang='lat' dir='ltr'>vixisset</span> <span class='ocrx_word' id='word_1_16' title='bbox 466 273 475 298; x_wconf 72' lang='grc' dir='ltr'>ε</span> <span class='ocrx_word' id='word_1_17' title='bbox 507 259 659 298; x_wconf 81' lang='lat' dir='ltr'>Graece</span> <span class='ocrx_word' id='word_1_18' title='bbox 679 272 786 304; x_wconf 83' lang='lat' dir='ltr'>vero,</span> <span class='ocrx_word' id='word_1_19' title='bbox 810 261 856 297; x_wconf 86' lang='lat' dir='ltr'>vt</span> <span class='ocrx_word' id='word_1_20' title='bbox 876 259 1149 308; x_wconf 89' lang='lat' dir='ltr'>profiteantur</span> <span class='ocrx_word' id='word_1_21' title='bbox 1169 259 1316 299; x_wconf 83' lang='lat' dir='ltr'>Graeci</span> <span class='ocrx_word' id='word_1_22' title='bbox 1335 259 1418 310; x_wconf 89' lang='lat' dir='ltr'>ipsi</span> <span class='ocrx_word' id='word_1_23' title='bbox 1438 272 1556 309; x_wconf 88' lang='lat' dir='ltr'>posse</span> <span class='ocrx_word' id='word_1_24' title='bbox 1575 259 1626 298; x_wconf 88' lang='lat' dir='ltr'>ab</span> <span class='ocrx_word' id='word_1_25' title='bbox 1653 258 1728 298; x_wconf 90' lang='lat' dir='ltr'>illo</span> <span class='ocrx_word' id='word_1_26' title='bbox 1748 260 1883 299; x_wconf 90' lang='lat' dir='ltr'>doceri</span> 
     </span>
     <span class='ocr_line' id='line_1_12' title="bbox 275 312 1881 364; baseline 0.001 -12"><span class='ocrx_word' id='word_1_27' title='bbox 275 326 319 352; x_wconf 90' lang='lat' dir='ltr'>se</span> <span class='ocrx_word' id='word_1_28' title='bbox 355 313 543 363; x_wconf 88' lang='lat' dir='ltr'>linguam</span> <span class='ocrx_word' id='word_1_29' title='bbox 581 326 712 352; x_wconf 91' lang='lat' dir='ltr'>suam.</span> <span class='ocrx_word' id='word_1_30' title='bbox 772 312 1070 364; x_wconf 81' lang='lat' dir='ltr'>Philosophiae</span> <span class='ocrx_word' id='word_1_31' title='bbox 1109 327 1239 364; x_wconf 90' lang='lat' dir='ltr'>quum</span> <span class='ocrx_word' id='word_1_32' title='bbox 1280 327 1369 353; x_wconf 87' lang='lat' dir='ltr'>esse</span> <span class='ocrx_word' id='word_1_33' title='bbox 1412 313 1537 353; x_wconf 89' lang='lat' dir='ltr'>illum</span> <span class='ocrx_word' id='word_1_34' title='bbox 1578 313 1881 364; x_wconf 73' lang='lat' dir='ltr'>peritissimum</span> 
     </span>
     <span class='ocr_line' id='line_1_13' title="bbox 275 368 1881 419; baseline 0.001 -13"><span class='ocrx_word' id='word_1_35' title='bbox 275 368 460 406; x_wconf 84' lang='lat' dir='ltr'>clamant</span> <span class='ocrx_word' id='word_1_36' title='bbox 478 368 694 406; x_wconf 87' lang='lat' dir='ltr'>volumina</span> <span class='ocrx_word' id='word_1_37' title='bbox 712 368 894 417; x_wconf 91' lang='lat' dir='ltr'>quinque</span> <span class='ocrx_word' id='word_1_38' title='bbox 917 368 979 407; x_wconf 89' lang='lat' dir='ltr'>De</span> <span class='ocrx_word' id='word_1_39' title='bbox 996 370 1115 417; x_wconf 88' lang='lat' dir='ltr'>Asse,</span> <span class='ocrx_word' id='word_1_40' title='bbox 1138 370 1234 407; x_wconf 90' lang='lat' dir='ltr'>tum</span> <span class='ocrx_word' id='word_1_41' title='bbox 1252 382 1350 407; x_wconf 87' lang='lat' dir='ltr'>vero</span> <span class='ocrx_word' id='word_1_42' title='bbox 1371 371 1577 419; x_wconf 89' lang='lat' dir='ltr'>quantum</span> <span class='ocrx_word' id='word_1_43' title='bbox 1595 370 1735 407; x_wconf 87' lang='lat' dir='ltr'>teneat</span> <span class='ocrx_word' id='word_1_44' title='bbox 1758 381 1881 407; x_wconf 90' lang='lat' dir='ltr'>nemo</span> 
     </span>
     <span class='ocr_line' id='line_1_14' title="bbox 275 422 1880 473; baseline 0.001 -14"><span class='ocrx_word' id='word_1_45' title='bbox 275 422 395 461; x_wconf 83' lang='lat' dir='ltr'>facile</span> <span class='ocrx_word' id='word_1_46' title='bbox 415 422 645 468; x_wconf 84' lang='lat' dir='ltr'>crediderit,</span> <span class='ocrx_word' id='word_1_47' title='bbox 670 422 753 460; x_wconf 90' lang='lat' dir='ltr'>nisi</span> <span class='ocrx_word' id='word_1_48' title='bbox 773 422 845 471; x_wconf 89' lang='lat' dir='ltr'>qui</span> <span class='ocrx_word' id='word_1_49' title='bbox 863 435 960 460; x_wconf 89' lang='lat' dir='ltr'>eum</span> <span class='ocrx_word' id='word_1_50' title='bbox 980 423 1150 473; x_wconf 87' lang='lat' dir='ltr'>propius</span> <span class='ocrx_word' id='word_1_51' title='bbox 1174 423 1370 473; x_wconf 86' lang='lat' dir='ltr'>spectarit</span> <span class='ocrx_word' id='word_1_52' title='bbox 1396 424 1438 460; x_wconf 86' lang='lat' dir='ltr'>et</span> <span class='ocrx_word' id='word_1_53' title='bbox 1466 435 1516 460; x_wconf 81' lang='lat' dir='ltr'>ex</span> <span class='ocrx_word' id='word_1_54' title='bbox 1541 423 1749 468; x_wconf 89' lang='lat' dir='ltr'>interiore,</span> <span class='ocrx_word' id='word_1_55' title='bbox 1770 422 1880 473; x_wconf 88' lang='lat' dir='ltr'>quod</span> 
     </span>
     <span class='ocr_line' id='line_1_15' title="bbox 275 476 1880 524; baseline 0.001 -10"><span class='ocrx_word' id='word_1_56' title='bbox 275 477 406 524; x_wconf 91' lang='lat' dir='ltr'>aiunt,</span> <span class='ocrx_word' id='word_1_57' title='bbox 443 477 531 514; x_wconf 88' lang='lat' dir='ltr'>vita</span> <span class='ocrx_word' id='word_1_58' title='bbox 566 476 687 514; x_wconf 91' lang='lat' dir='ltr'>norit.</span> <span class='ocrx_word' id='word_1_59' title='bbox 748 476 1111 524; x_wconf 79' lang='lat' dir='ltr'>Quemadmodum</span> <span class='ocrx_word' id='word_1_60' title='bbox 1145 478 1200 515; x_wconf 90' lang='lat' dir='ltr'>sit</span> <span class='ocrx_word' id='word_1_61' title='bbox 1233 477 1277 515; x_wconf 89' lang='lat' dir='ltr'>in</span> <span class='ocrx_word' id='word_1_62' title='bbox 1315 477 1532 515; x_wconf 75' lang='lat' dir='ltr'>autoribus</span> <span class='ocrx_word' id='word_1_63' title='bbox 1563 479 1752 516; x_wconf 87' lang='lat' dir='ltr'>versatus</span> <span class='ocrx_word' id='word_1_64' title='bbox 1783 477 1880 515; x_wconf 89' lang='lat' dir='ltr'>nolo</span> 
     </span>
     <span class='ocr_line' id='line_1_16' title="bbox 276 530 1882 581; baseline 0.001 -13"><span class='ocrx_word' id='word_1_65' title='bbox 276 530 495 580; x_wconf 88' lang='lat' dir='ltr'>quisquam</span> <span class='ocrx_word' id='word_1_66' title='bbox 516 530 619 569; x_wconf 89' lang='lat' dir='ltr'>sciat</span> <span class='ocrx_word' id='word_1_67' title='bbox 644 543 711 569; x_wconf 92' lang='lat' dir='ltr'>me</span> <span class='ocrx_word' id='word_1_68' title='bbox 738 530 910 579; x_wconf 80' lang='lat' dir='ltr'>dicente,</span> <span class='ocrx_word' id='word_1_69' title='bbox 935 531 1007 569; x_wconf 92' lang='lat' dir='ltr'>sed</span> <span class='ocrx_word' id='word_1_70' title='bbox 1033 531 1243 581; x_wconf 84' lang='lat' dir='ltr'>magistris</span> <span class='ocrx_word' id='word_1_71' title='bbox 1268 531 1627 570; x_wconf 89' lang='lat' dir='ltr'>Annotationibus</span> <span class='ocrx_word' id='word_1_72' title='bbox 1651 531 1697 570; x_wconf 89' lang='lat' dir='ltr'>in</span> <span class='ocrx_word' id='word_1_73' title='bbox 1720 531 1882 570; x_wconf 88' lang='lat' dir='ltr'>Pande·</span> 
     </span>
     <span class='ocr_line' id='line_1_17' title="bbox 275 584 1879 635; baseline 0.001 -12"><span class='ocrx_word' id='word_1_74' title='bbox 275 587 362 623; x_wconf 87' lang='lat' dir='ltr'>ctas</span> <span class='ocrx_word' id='word_1_75' title='bbox 390 585 494 622; x_wconf 90' lang='lat' dir='ltr'>iuris</span> <span class='ocrx_word' id='word_1_76' title='bbox 521 587 563 622; x_wconf 91' lang='lat' dir='ltr'>et</span> <span class='ocrx_word' id='word_1_77' title='bbox 595 584 715 623; x_wconf 88' lang='lat' dir='ltr'>libris</span> <span class='ocrx_word' id='word_1_78' title='bbox 749 585 811 623; x_wconf 92' lang='lat' dir='ltr'>De</span> <span class='ocrx_word' id='word_1_79' title='bbox 844 586 963 624; x_wconf 83' lang='lat' dir='ltr'>Asse.</span> <span class='ocrx_word' id='word_1_80' title='bbox 1022 586 1140 634; x_wconf 93' lang='lat' dir='ltr'>Quod</span> <span class='ocrx_word' id='word_1_81' title='bbox 1175 599 1278 635; x_wconf 91' lang='lat' dir='ltr'>opus</span> <span class='ocrx_word' id='word_1_82' title='bbox 1313 586 1402 624; x_wconf 90' lang='lat' dir='ltr'>eius</span> <span class='ocrx_word' id='word_1_83' title='bbox 1437 586 1687 625; x_wconf 87' lang='lat' dir='ltr'>Hermolaos</span> <span class='ocrx_word' id='word_1_84' title='bbox 1722 598 1879 634; x_wconf 88' lang='lat' dir='ltr'>omnes,</span> 
     </span>
     <span class='ocr_line' id='line_1_18' title="bbox 276 638 1881 689; baseline 0.002 -12"><span class='ocrx_word' id='word_1_85' title='bbox 276 639 407 687; x_wconf 90' lang='lat' dir='ltr'>Picos,</span> <span class='ocrx_word' id='word_1_86' title='bbox 437 638 678 687; x_wconf 88' lang='lat' dir='ltr'>Politianos,</span> <span class='ocrx_word' id='word_1_87' title='bbox 710 640 851 688; x_wconf 85' lang='lat' dir='ltr'>Gazas,</span> <span class='ocrx_word' id='word_1_88' title='bbox 880 640 1033 688; x_wconf 84' lang='lat' dir='ltr'>Vallas,</span> <span class='ocrx_word' id='word_1_89' title='bbox 1063 642 1257 678; x_wconf 76' lang='lat' dir='ltr'>cunctam</span> <span class='ocrx_word' id='word_1_90' title='bbox 1283 640 1454 678; x_wconf 88' lang='lat' dir='ltr'>Italiam</span> <span class='ocrx_word' id='word_1_91' title='bbox 1479 640 1714 689; x_wconf 88' lang='lat' dir='ltr'>pudefecit;</span> <span class='ocrx_word' id='word_1_92' title='bbox 1747 639 1808 678; x_wconf 86' lang='lat' dir='ltr'>ita</span> <span class='ocrx_word' id='word_1_93' title='bbox 1833 642 1881 680; x_wconf 85' lang='lat' dir='ltr'>vt</span> 
     </span>
     <span class='ocr_line' id='line_1_19' title="bbox 276 693 1880 744; baseline 0.001 -13"><span class='ocrx_word' id='word_1_94' title='bbox 276 707 361 731; x_wconf 85' lang='lat' dir='ltr'>non</span> <span class='ocrx_word' id='word_1_95' title='bbox 391 693 534 732; x_wconf 88' lang='lat' dir='ltr'>minus</span> <span class='ocrx_word' id='word_1_96' title='bbox 561 694 788 743; x_wconf 86' lang='lat' dir='ltr'>prudenter</span> <span class='ocrx_word' id='word_1_97' title='bbox 815 694 920 732; x_wconf 91' lang='lat' dir='ltr'>illud</span> <span class='ocrx_word' id='word_1_98' title='bbox 950 708 1076 744; x_wconf 86' lang='lat' dir='ltr'>quam</span> <span class='ocrx_word' id='word_1_99' title='bbox 1105 708 1200 733; x_wconf 90' lang='lat' dir='ltr'>vere</span> <span class='ocrx_word' id='word_1_100' title='bbox 1228 695 1440 744; x_wconf 86' lang='lat' dir='ltr'>scripserit</span> <span class='ocrx_word' id='word_1_101' title='bbox 1469 694 1720 742; x_wconf 83' lang='lat' dir='ltr'>Tonstallus,</span> <span class='ocrx_word' id='word_1_102' title='bbox 1751 694 1880 733; x_wconf 91' lang='lat' dir='ltr'>homo</span> 
     </span>
     <span class='ocr_line' id='line_1_20' title="bbox 274 747 1881 798; baseline 0.001 -13"><span class='ocrx_word' id='word_1_103' title='bbox 274 747 555 796; x_wconf 88' lang='lat' dir='ltr'>doctissimus,</span> <span class='ocrx_word' id='word_1_104' title='bbox 579 748 667 786; x_wconf 84' lang='lat' dir='ltr'>fore</span> <span class='ocrx_word' id='word_1_105' title='bbox 691 750 738 787; x_wconf 91' lang='lat' dir='ltr'>vt</span> <span class='ocrx_word' id='word_1_106' title='bbox 765 749 920 787; x_wconf 89' lang='lat' dir='ltr'>derisui</span> <span class='ocrx_word' id='word_1_107' title='bbox 945 749 1113 787; x_wconf 89' lang='lat' dir='ltr'>habitus</span> <span class='ocrx_word' id='word_1_108' title='bbox 1138 751 1248 787; x_wconf 90' lang='lat' dir='ltr'>esset</span> <span class='ocrx_word' id='word_1_109' title='bbox 1274 749 1479 797; x_wconf 78' lang='lat' dir='ltr'>Budaeus,</span> <span class='ocrx_word' id='word_1_110' title='bbox 1502 748 1538 787; x_wconf 84' lang='lat' dir='ltr'>si</span> <span class='ocrx_word' id='word_1_111' title='bbox 1563 762 1667 798; x_wconf 90' lang='lat' dir='ltr'>opus</span> <span class='ocrx_word' id='word_1_112' title='bbox 1691 748 1752 787; x_wconf 90' lang='lat' dir='ltr'>De</span> <span class='ocrx_word' id='word_1_113' title='bbox 1771 750 1881 788; x_wconf 85' lang='lat' dir='ltr'>Asse</span> 
     </span>
     <span class='ocr_line' id='line_1_21' title="bbox 274 801 1879 853; baseline 0.003 -14"><span class='ocrx_word' id='word_1_114' title='bbox 274 804 499 852; x_wconf 78' lang='lat' dir='ltr'>antequam</span> <span class='ocrx_word' id='word_1_115' title='bbox 520 803 695 850; x_wconf 88' lang='lat' dir='ltr'>aederet,</span> <span class='ocrx_word' id='word_1_116' title='bbox 713 802 921 853; x_wconf 90' lang='lat' dir='ltr'>professus</span> <span class='ocrx_word' id='word_1_117' title='bbox 940 803 1087 842; x_wconf 86' lang='lat' dir='ltr'>fuisset</span> <span class='ocrx_word' id='word_1_118' title='bbox 1103 816 1146 841; x_wconf 90' lang='lat' dir='ltr'>se</span> <span class='ocrx_word' id='word_1_119' title='bbox 1162 803 1426 852; x_wconf 86' lang='lat' dir='ltr'>scripturum.</span> <span class='ocrx_word' id='word_1_120' title='bbox 1472 801 1564 842; x_wconf 72' lang='grc' dir='ltr'>Οὐδ’</span> <span class='ocrx_word' id='word_1_121' title='bbox 1581 806 1716 843; x_wconf 83' lang='grc' dir='ltr'>ἐκεῖνος</span> <span class='ocrx_word' id='word_1_122' title='bbox 1730 803 1879 853; x_wconf 80' lang='grc' dir='ltr'>ψευδής,</span> 
     </span>
     <span class='ocr_line' id='line_1_22' title="bbox 274 856 1880 908; baseline 0.001 -14"><span class='ocrx_word' id='word_1_123' title='bbox 274 857 379 897; x_wconf 85' lang='grc' dir='ltr'>ὅστις</span> <span class='ocrx_word' id='word_1_124' title='bbox 399 857 588 908; x_wconf 84' lang='grc' dir='ltr'>ἐπέγραψε</span> <span class='ocrx_word' id='word_1_125' title='bbox 610 857 635 876; x_wconf 79' lang='lat'><strong>“</strong></span> <span class='ocrx_word' id='word_1_126' title='bbox 649 858 922 906; x_wconf 83' lang='grc' dir='ltr'>Μωμήσασθαι</span> <span class='ocrx_word' id='word_1_127' title='bbox 940 860 1057 896; x_wconf 79' lang='grc' dir='ltr'>ταῦτα</span> <span class='ocrx_word' id='word_1_128' title='bbox 1076 858 1167 908; x_wconf 74' lang='grc' dir='ltr'>ῥᾷόν</span> <span class='ocrx_word' id='word_1_129' title='bbox 1188 861 1291 896; x_wconf 86' lang='grc' dir='ltr'>ἐστιν</span> <span class='ocrx_word' id='word_1_130' title='bbox 1306 856 1329 907; x_wconf 76' lang='grc' dir='ltr'>ἢ</span> <span class='ocrx_word' id='word_1_131' title='bbox 1344 858 1588 907; x_wconf 85' lang='grc' dir='ltr'>μιμήσασθαι</span> <span class='ocrx_word' id='word_1_132' title='bbox 1600 858 1634 896; x_wconf 85' lang='grc'>”.</span> <span class='ocrx_word' id='word_1_133' title='bbox 1674 857 1784 905; x_wconf 80' lang='lat' dir='ltr'>Quid</span> <span class='ocrx_word' id='word_1_134' title='bbox 1804 871 1880 907; x_wconf 75' lang='lat' dir='ltr'>ego</span> 
     </span>
     <span class='ocr_line' id='line_1_23' title="bbox 275 911 1875 961; baseline 0.001 -12"><span class='ocrx_word' id='word_1_135' title='bbox 275 911 326 949; x_wconf 90' lang='lat' dir='ltr'>de</span> <span class='ocrx_word' id='word_1_136' title='bbox 345 911 533 949; x_wconf 87' lang='lat' dir='ltr'>moribus</span> <span class='ocrx_word' id='word_1_137' title='bbox 553 911 731 961; x_wconf 82' lang='lat' dir='ltr'>loquar?</span> <span class='ocrx_word' id='word_1_138' title='bbox 769 911 877 959; x_wconf 89' lang='lat' dir='ltr'>Quid</span> <span class='ocrx_word' id='word_1_139' title='bbox 899 926 984 950; x_wconf 88' lang='lat' dir='ltr'>non</span> <span class='ocrx_word' id='word_1_140' title='bbox 1003 914 1067 950; x_wconf 90' lang='lat' dir='ltr'>est</span> <span class='ocrx_word' id='word_1_141' title='bbox 1093 913 1136 950; x_wconf 85' lang='lat' dir='ltr'>in</span> <span class='ocrx_word' id='word_1_142' title='bbox 1162 925 1209 950; x_wconf 89' lang='lat' dir='ltr'>eo</span> <span class='ocrx_word' id='word_1_143' title='bbox 1237 925 1454 950; x_wconf 90' lang='lat' dir='ltr'>summum</span> <span class='ocrx_word' id='word_1_144' title='bbox 1481 914 1523 950; x_wconf 87' lang='lat' dir='ltr'>et</span> <span class='ocrx_word' id='word_1_145' title='bbox 1549 911 1875 961; x_wconf 86' lang='lat' dir='ltr'>suspiciendum,</span> 
     </span>
     <span class='ocr_line' id='line_1_24' title="bbox 272 966 1880 1016; baseline 0.001 -13"><span class='ocrx_word' id='word_1_146' title='bbox 272 966 506 1004; x_wconf 87' lang='lat' dir='ltr'>facilitasne</span> <span class='ocrx_word' id='word_1_147' title='bbox 526 968 566 1004; x_wconf 89' lang='lat' dir='ltr'>et</span> <span class='ocrx_word' id='word_1_148' title='bbox 587 966 838 1011; x_wconf 87' lang='lat' dir='ltr'>humanitas,</span> <span class='ocrx_word' id='word_1_149' title='bbox 860 968 954 1004; x_wconf 88' lang='lat' dir='ltr'>tum</span> <span class='ocrx_word' id='word_1_150' title='bbox 974 967 1102 1005; x_wconf 87' lang='lat' dir='ltr'>etiam</span> <span class='ocrx_word' id='word_1_151' title='bbox 1128 966 1349 1016; x_wconf 80' lang='lat' dir='ltr'>aequitas?</span> <span class='ocrx_word' id='word_1_152' title='bbox 1377 980 1431 1004; x_wconf 89' lang='lat' dir='ltr'>an</span> <span class='ocrx_word' id='word_1_153' title='bbox 1459 967 1592 1015; x_wconf 88' lang='lat' dir='ltr'>pietas</span> <span class='ocrx_word' id='word_1_154' title='bbox 1618 967 1663 1004; x_wconf 90' lang='lat' dir='ltr'>in</span> <span class='ocrx_word' id='word_1_155' title='bbox 1689 966 1812 1004; x_wconf 87' lang='lat' dir='ltr'>diuos</span> <span class='ocrx_word' id='word_1_156' title='bbox 1837 968 1880 1005; x_wconf 86' lang='lat' dir='ltr'>et</span> 
     </span>
     <span class='ocr_line' id='line_1_25' title="bbox 272 1020 1880 1070; baseline 0.001 -12"><span class='ocrx_word' id='word_1_157' title='bbox 272 1020 504 1059; x_wconf 78' lang='lat' dir='ltr'>mortales?</span> <span class='ocrx_word' id='word_1_158' title='bbox 540 1020 696 1059; x_wconf 88' lang='lat' dir='ltr'>Aditus</span> <span class='ocrx_word' id='word_1_159' title='bbox 724 1021 894 1070; x_wconf 88' lang='lat' dir='ltr'>patebat</span> <span class='ocrx_word' id='word_1_160' title='bbox 922 1021 1088 1059; x_wconf 87' lang='lat' dir='ltr'>homini</span> <span class='ocrx_word' id='word_1_161' title='bbox 1121 1021 1174 1059; x_wconf 90' lang='lat' dir='ltr'>ad</span> <span class='ocrx_word' id='word_1_162' title='bbox 1200 1020 1503 1070; x_wconf 83' lang='lat' dir='ltr'>amplissimam</span> <span class='ocrx_word' id='word_1_163' title='bbox 1529 1021 1744 1059; x_wconf 87' lang='lat' dir='ltr'>fortunam</span> <span class='ocrx_word' id='word_1_164' title='bbox 1769 1034 1880 1070; x_wconf 86' lang='lat' dir='ltr'>aper-</span> 
     </span>
     <span class='ocr_line' id='line_1_26' title="bbox 272 1074 1881 1125; baseline 0.001 -13"><span class='ocrx_word' id='word_1_165' title='bbox 272 1074 473 1121; x_wconf 89' lang='lat' dir='ltr'>tissimus,</span> <span class='ocrx_word' id='word_1_166' title='bbox 498 1074 533 1112; x_wconf 90' lang='lat' dir='ltr'>si</span> <span class='ocrx_word' id='word_1_167' title='bbox 551 1074 618 1113; x_wconf 86' lang='lat' dir='ltr'>vel</span> <span class='ocrx_word' id='word_1_168' title='bbox 639 1075 773 1113; x_wconf 90' lang='lat' dir='ltr'>latum</span> <span class='ocrx_word' id='word_1_169' title='bbox 792 1088 976 1125; x_wconf 88' lang='lat' dir='ltr'>vnguem</span> <span class='ocrx_word' id='word_1_170' title='bbox 996 1075 1265 1113; x_wconf 86' lang='lat' dir='ltr'>sustinuisset</span> <span class='ocrx_word' id='word_1_171' title='bbox 1288 1075 1338 1114; x_wconf 90' lang='lat' dir='ltr'>ab</span> <span class='ocrx_word' id='word_1_172' title='bbox 1357 1075 1620 1114; x_wconf 84' lang='lat' dir='ltr'>exactissima</span> <span class='ocrx_word' id='word_1_173' title='bbox 1639 1075 1714 1113; x_wconf 89' lang='lat' dir='ltr'>illa</span> <span class='ocrx_word' id='word_1_174' title='bbox 1733 1077 1775 1113; x_wconf 89' lang='lat' dir='ltr'>et</span> <span class='ocrx_word' id='word_1_175' title='bbox 1794 1075 1881 1114; x_wconf 88' lang='lat' dir='ltr'>suis</span> 
     </span>
     <span class='ocr_line' id='line_1_27' title="bbox 274 1128 1879 1179; baseline 0.001 -13"><span class='ocrx_word' id='word_1_176' title='bbox 274 1128 469 1167; x_wconf 89' lang='lat' dir='ltr'>omnibus</span> <span class='ocrx_word' id='word_1_177' title='bbox 489 1129 677 1167; x_wconf 90' lang='lat' dir='ltr'>numeris</span> <span class='ocrx_word' id='word_1_178' title='bbox 696 1129 876 1178; x_wconf 88' lang='lat' dir='ltr'>perfecta</span> <span class='ocrx_word' id='word_1_179' title='bbox 891 1130 1047 1168; x_wconf 90' lang='lat' dir='ltr'>virtute</span> <span class='ocrx_word' id='word_1_180' title='bbox 1068 1129 1289 1168; x_wconf 87' lang='lat' dir='ltr'>discedere.</span> <span class='ocrx_word' id='word_1_181' title='bbox 1332 1128 1455 1168; x_wconf 89' lang='lat' dir='ltr'>Hanc</span> <span class='ocrx_word' id='word_1_182' title='bbox 1470 1130 1667 1179; x_wconf 89' lang='lat' dir='ltr'>praetulit</span> <span class='ocrx_word' id='word_1_183' title='bbox 1681 1129 1879 1168; x_wconf 77' lang='lat' dir='ltr'>omnibus</span> 
     </span>
     <span class='ocr_line' id='line_1_28' title="bbox 273 1183 1879 1234; baseline 0.001 -14"><span class='ocrx_word' id='word_1_184' title='bbox 273 1184 464 1222; x_wconf 87' lang='lat' dir='ltr'>fortunae</span> <span class='ocrx_word' id='word_1_185' title='bbox 501 1183 728 1233; x_wconf 84' lang='lat' dir='ltr'>promissis,</span> <span class='ocrx_word' id='word_1_186' title='bbox 773 1184 969 1222; x_wconf 89' lang='lat' dir='ltr'>omnibus</span> <span class='ocrx_word' id='word_1_187' title='bbox 1005 1183 1320 1222; x_wconf 79' lang='lat' dir='ltr'>blandimentis.</span> <span class='ocrx_word' id='word_1_188' title='bbox 1392 1183 1620 1234; x_wconf 90' lang='lat' dir='ltr'>Nunquam</span> <span class='ocrx_word' id='word_1_189' title='bbox 1657 1183 1879 1234; x_wconf 85' lang='lat' dir='ltr'>splendore</span> 
     </span>
     <span class='ocr_line' id='line_1_29' title="bbox 273 1237 1492 1288; baseline 0.001 -12"><span class='ocrx_word' id='word_1_190' title='bbox 273 1251 399 1287; x_wconf 91' lang='lat' dir='ltr'>opum</span> <span class='ocrx_word' id='word_1_191' title='bbox 421 1238 665 1287; x_wconf 87' lang='lat' dir='ltr'>perstrictus</span> <span class='ocrx_word' id='word_1_192' title='bbox 684 1237 735 1276; x_wconf 88' lang='lat' dir='ltr'>ab</span> <span class='ocrx_word' id='word_1_193' title='bbox 755 1251 884 1288; x_wconf 89' lang='lat' dir='ltr'>aequo</span> <span class='ocrx_word' id='word_1_194' title='bbox 904 1240 1131 1288; x_wconf 87' lang='lat' dir='ltr'>sanctoque</span> <span class='ocrx_word' id='word_1_195' title='bbox 1151 1239 1292 1277; x_wconf 84' lang='lat' dir='ltr'>oculos</span> <span class='ocrx_word' id='word_1_196' title='bbox 1313 1237 1492 1277; x_wconf 82' lang='lat' dir='ltr'>deflexit.</span> 
     </span>
    </p>

    <p class='ocr_par' dir='ltr' id='par_1_12' title="bbox 272 1291 1880 2591">
     <span class='ocr_line' id='line_1_30' title="bbox 327 1291 1879 1343; baseline 0 -13"><span class='ocrx_word' id='word_1_197' title='bbox 327 1291 415 1330; x_wconf 85' lang='lat' dir='ltr'>Scis</span> <span class='ocrx_word' id='word_1_198' title='bbox 444 1293 492 1330; x_wconf 88' lang='lat' dir='ltr'>tu</span> <span class='ocrx_word' id='word_1_199' title='bbox 521 1292 621 1331; x_wconf 90' lang='lat' dir='ltr'>haec</span> <span class='ocrx_word' id='word_1_200' title='bbox 651 1293 793 1330; x_wconf 91' lang='lat' dir='ltr'>omnia</span> <span class='ocrx_word' id='word_1_201' title='bbox 820 1306 911 1332; x_wconf 91' lang='lat' dir='ltr'>esse</span> <span class='ocrx_word' id='word_1_202' title='bbox 939 1306 1048 1341; x_wconf 90' lang='lat' dir='ltr'>vera,</span> <span class='ocrx_word' id='word_1_203' title='bbox 1080 1294 1123 1331; x_wconf 91' lang='lat' dir='ltr'>et</span> <span class='ocrx_word' id='word_1_204' title='bbox 1147 1292 1385 1343; x_wconf 89' lang='lat' dir='ltr'>eloquentia</span> <span class='ocrx_word' id='word_1_205' title='bbox 1410 1294 1483 1331; x_wconf 88' lang='lat' dir='ltr'>tua</span> <span class='ocrx_word' id='word_1_206' title='bbox 1508 1305 1594 1331; x_wconf 92' lang='lat' dir='ltr'>non</span> <span class='ocrx_word' id='word_1_207' title='bbox 1620 1293 1779 1331; x_wconf 89' lang='lat' dir='ltr'>maiora</span> <span class='ocrx_word' id='word_1_208' title='bbox 1806 1292 1879 1331; x_wconf 88' lang='lat' dir='ltr'>illa</span> 
     </span>
     <span class='ocr_line' id='line_1_31' title="bbox 273 1346 1878 1397; baseline 0 -13"><span class='ocrx_word' id='word_1_209' title='bbox 273 1360 401 1396; x_wconf 88' lang='lat' dir='ltr'>quam</span> <span class='ocrx_word' id='word_1_210' title='bbox 420 1346 506 1385; x_wconf 90' lang='lat' dir='ltr'>sint</span> <span class='ocrx_word' id='word_1_211' title='bbox 525 1346 636 1385; x_wconf 88' lang='lat' dir='ltr'>facis.</span> <span class='ocrx_word' id='word_1_212' title='bbox 696 1346 846 1385; x_wconf 89' lang='lat' dir='ltr'>Nescio</span> <span class='ocrx_word' id='word_1_213' title='bbox 865 1361 918 1386; x_wconf 91' lang='lat' dir='ltr'>an</span> <span class='ocrx_word' id='word_1_214' title='bbox 944 1361 1096 1397; x_wconf 90' lang='lat' dir='ltr'>posses,</span> <span class='ocrx_word' id='word_1_215' title='bbox 1118 1347 1176 1386; x_wconf 83' lang='lat' dir='ltr'>ita</span> <span class='ocrx_word' id='word_1_216' title='bbox 1202 1347 1287 1385; x_wconf 91' lang='lat' dir='ltr'>iam</span> <span class='ocrx_word' id='word_1_217' title='bbox 1311 1347 1363 1385; x_wconf 92' lang='lat' dir='ltr'>ad</span> <span class='ocrx_word' id='word_1_218' title='bbox 1391 1359 1601 1385; x_wconf 88' lang='lat' dir='ltr'>summam</span> <span class='ocrx_word' id='word_1_219' title='bbox 1628 1360 1878 1396; x_wconf 89' lang='lat' dir='ltr'>peruenere;</span> 
     </span>
     <span class='ocr_line' id='line_1_32' title="bbox 272 1401 1879 1452; baseline 0 -13"><span class='ocrx_word' id='word_1_220' title='bbox 272 1401 345 1439; x_wconf 89' lang='lat' dir='ltr'>sed</span> <span class='ocrx_word' id='word_1_221' title='bbox 374 1403 484 1439; x_wconf 89' lang='lat' dir='ltr'>certe</span> <span class='ocrx_word' id='word_1_222' title='bbox 513 1414 645 1447; x_wconf 82' lang='lat' dir='ltr'>ornas,</span> <span class='ocrx_word' id='word_1_223' title='bbox 672 1403 713 1439; x_wconf 91' lang='lat' dir='ltr'>et</span> <span class='ocrx_word' id='word_1_224' title='bbox 743 1401 801 1439; x_wconf 86' lang='lat' dir='ltr'>sic</span> <span class='ocrx_word' id='word_1_225' title='bbox 829 1415 919 1440; x_wconf 88' lang='lat' dir='ltr'>rem</span> <span class='ocrx_word' id='word_1_226' title='bbox 948 1415 993 1440; x_wconf 87' lang='lat' dir='ltr'>se</span> <span class='ocrx_word' id='word_1_227' title='bbox 1021 1401 1173 1440; x_wconf 86' lang='lat' dir='ltr'>habere</span> <span class='ocrx_word' id='word_1_228' title='bbox 1201 1402 1436 1452; x_wconf 86' lang='lat' dir='ltr'>persuades.</span> <span class='ocrx_word' id='word_1_229' title='bbox 1497 1401 1648 1450; x_wconf 85' lang='lat' dir='ltr'>Diligis</span> <span class='ocrx_word' id='word_1_230' title='bbox 1677 1403 1724 1439; x_wconf 93' lang='lat' dir='ltr'>tu</span> <span class='ocrx_word' id='word_1_231' title='bbox 1753 1403 1879 1450; x_wconf 86' lang='lat' dir='ltr'>atque</span> 
     </span>
     <span class='ocr_line' id='line_1_33' title="bbox 272 1455 1877 1506; baseline 0.001 -13"><span class='ocrx_word' id='word_1_232' title='bbox 272 1455 372 1494; x_wconf 88' lang='lat' dir='ltr'>adeo</span> <span class='ocrx_word' id='word_1_233' title='bbox 392 1468 507 1494; x_wconf 89' lang='lat' dir='ltr'>amas</span> <span class='ocrx_word' id='word_1_234' title='bbox 528 1455 757 1494; x_wconf 89' lang='lat' dir='ltr'>Budaeum.</span> <span class='ocrx_word' id='word_1_235' title='bbox 799 1456 877 1494; x_wconf 87' lang='lat' dir='ltr'>Est</span> <span class='ocrx_word' id='word_1_236' title='bbox 897 1456 976 1494; x_wconf 88' lang='lat' dir='ltr'>tibi</span> <span class='ocrx_word' id='word_1_237' title='bbox 995 1470 1106 1495; x_wconf 91' lang='lat' dir='ltr'>vnus</span> <span class='ocrx_word' id='word_1_238' title='bbox 1125 1457 1196 1494; x_wconf 91' lang='lat' dir='ltr'>ille</span> <span class='ocrx_word' id='word_1_239' title='bbox 1215 1457 1260 1494; x_wconf 91' lang='lat' dir='ltr'>in</span> <span class='ocrx_word' id='word_1_240' title='bbox 1281 1456 1348 1494; x_wconf 90' lang='lat' dir='ltr'>his</span> <span class='ocrx_word' id='word_1_241' title='bbox 1369 1455 1593 1505; x_wconf 87' lang='lat' dir='ltr'>Cisalpinis</span> <span class='ocrx_word' id='word_1_242' title='bbox 1611 1456 1733 1494; x_wconf 88' lang='lat' dir='ltr'>terris</span> <span class='ocrx_word' id='word_1_243' title='bbox 1752 1468 1877 1506; x_wconf 89' lang='lat' dir='ltr'>quem</span> 
     </span>
     <span class='ocr_line' id='line_1_34' title="bbox 272 1509 1879 1560; baseline 0.001 -12"><span class='ocrx_word' id='word_1_244' title='bbox 272 1509 489 1559; x_wconf 88' lang='lat' dir='ltr'>perpaucis</span> <span class='ocrx_word' id='word_1_245' title='bbox 528 1509 733 1548; x_wconf 89' lang='lat' dir='ltr'>Italorum</span> <span class='ocrx_word' id='word_1_246' title='bbox 771 1523 856 1548; x_wconf 87' lang='lat' dir='ltr'>non</span> <span class='ocrx_word' id='word_1_247' title='bbox 893 1511 1108 1560; x_wconf 86' lang='lat' dir='ltr'>praeferas.</span> <span class='ocrx_word' id='word_1_248' title='bbox 1182 1510 1250 1549; x_wconf 84' lang='lat' dir='ltr'>Sic</span> <span class='ocrx_word' id='word_1_249' title='bbox 1288 1510 1338 1548; x_wconf 91' lang='lat' dir='ltr'>de</span> <span class='ocrx_word' id='word_1_250' title='bbox 1375 1510 1450 1548; x_wconf 92' lang='lat' dir='ltr'>illo</span> <span class='ocrx_word' id='word_1_251' title='bbox 1494 1510 1634 1556; x_wconf 86' lang='lat' dir='ltr'>sentis,</span> <span class='ocrx_word' id='word_1_252' title='bbox 1676 1510 1735 1548; x_wconf 89' lang='lat' dir='ltr'>sic</span> <span class='ocrx_word' id='word_1_253' title='bbox 1776 1509 1879 1549; x_wconf 88' lang='lat' dir='ltr'>colis</span> 
     </span>
     <span class='ocr_line' id='line_1_35' title="bbox 273 1563 1878 1613; baseline -0.001 -10"><span class='ocrx_word' id='word_1_254' title='bbox 273 1563 564 1613; x_wconf 70' lang='lat' dir='ltr'>veneral-isque</span> <span class='ocrx_word' id='word_1_255' title='bbox 596 1564 814 1613; x_wconf 86' lang='lat' dir='ltr'>ingenium</span> <span class='ocrx_word' id='word_1_256' title='bbox 842 1566 885 1603; x_wconf 92' lang='lat' dir='ltr'>et</span> <span class='ocrx_word' id='word_1_257' title='bbox 924 1565 1061 1603; x_wconf 87' lang='lat' dir='ltr'>studia</span> <span class='ocrx_word' id='word_1_258' title='bbox 1095 1565 1193 1603; x_wconf 91' lang='lat' dir='ltr'>eius.</span> <span class='ocrx_word' id='word_1_259' title='bbox 1254 1564 1336 1602; x_wconf 89' lang='lat' dir='ltr'>Ille</span> <span class='ocrx_word' id='word_1_260' title='bbox 1366 1564 1553 1603; x_wconf 87' lang='lat' dir='ltr'>vicissim</span> <span class='ocrx_word' id='word_1_261' title='bbox 1590 1565 1644 1612; x_wconf 90' lang='lat' dir='ltr'>te,</span> <span class='ocrx_word' id='word_1_262' title='bbox 1678 1577 1763 1602; x_wconf 84' lang='lat' dir='ltr'>non</span> <span class='ocrx_word' id='word_1_263' title='bbox 1796 1577 1878 1613; x_wconf 90' lang='lat' dir='ltr'>quo</span> 
     </span>
     <span class='ocr_line' id='line_1_36' title="bbox 273 1618 1879 1668; baseline 0.001 -12"><span class='ocrx_word' id='word_1_264' title='bbox 273 1618 450 1668; x_wconf 85' lang='lat' dir='ltr'>gratiam</span> <span class='ocrx_word' id='word_1_265' title='bbox 479 1619 628 1657; x_wconf 89' lang='lat' dir='ltr'>referat</span> <span class='ocrx_word' id='word_1_266' title='bbox 657 1619 728 1656; x_wconf 87' lang='lat' dir='ltr'>sed</span> <span class='ocrx_word' id='word_1_267' title='bbox 758 1619 866 1668; x_wconf 90' lang='lat' dir='ltr'>quod</span> <span class='ocrx_word' id='word_1_268' title='bbox 899 1618 959 1657; x_wconf 87' lang='lat' dir='ltr'>ita</span> <span class='ocrx_word' id='word_1_269' title='bbox 991 1619 1134 1666; x_wconf 87' lang='lat' dir='ltr'>sentit,</span> <span class='ocrx_word' id='word_1_270' title='bbox 1162 1619 1395 1668; x_wconf 89' lang='lat' dir='ltr'>principem</span> <span class='ocrx_word' id='word_1_271' title='bbox 1429 1620 1470 1656; x_wconf 91' lang='lat' dir='ltr'>te</span> <span class='ocrx_word' id='word_1_272' title='bbox 1503 1618 1720 1656; x_wconf 85' lang='lat' dir='ltr'>literarum</span> <span class='ocrx_word' id='word_1_273' title='bbox 1752 1618 1879 1657; x_wconf 84' lang='lat' dir='ltr'>huius</span> 
     </span>
     <span class='ocr_line' id='line_1_37' title="bbox 273 1673 1874 1723; baseline 0 -13"><span class='ocrx_word' id='word_1_274' title='bbox 273 1673 421 1711; x_wconf 88' lang='lat' dir='ltr'>aetatis</span> <span class='ocrx_word' id='word_1_275' title='bbox 441 1673 658 1722; x_wconf 89' lang='lat' dir='ltr'>praedicat,</span> <span class='ocrx_word' id='word_1_276' title='bbox 677 1673 721 1710; x_wconf 89' lang='lat' dir='ltr'>in</span> <span class='ocrx_word' id='word_1_277' title='bbox 742 1673 907 1723; x_wconf 87' lang='lat' dir='ltr'>fastigio</span> <span class='ocrx_word' id='word_1_278' title='bbox 928 1673 1036 1711; x_wconf 88' lang='lat' dir='ltr'>locat</span> <span class='ocrx_word' id='word_1_279' title='bbox 1054 1673 1312 1712; x_wconf 86' lang='lat' dir='ltr'>eruditionis.</span> <span class='ocrx_word' id='word_1_280' title='bbox 1372 1673 1608 1722; x_wconf 77' lang='lat' dir='ltr'>Ingenium,</span> <span class='ocrx_word' id='word_1_281' title='bbox 1627 1673 1874 1721; x_wconf 89' lang='lat' dir='ltr'>doctrinam,</span> 
     </span>
     <span class='ocr_line' id='line_1_38' title="bbox 273 1726 1879 1776; baseline 0.001 -12"><span class='ocrx_word' id='word_1_282' title='bbox 273 1730 548 1765; x_wconf 85' lang='lat' dir='ltr'>monumenta</span> <span class='ocrx_word' id='word_1_283' title='bbox 567 1726 630 1765; x_wconf 89' lang='lat' dir='ltr'>tui</span> <span class='ocrx_word' id='word_1_284' title='bbox 649 1727 839 1776; x_wconf 84' lang='lat' dir='ltr'>religiose</span> <span class='ocrx_word' id='word_1_285' title='bbox 860 1727 969 1766; x_wconf 88' lang='lat' dir='ltr'>colit.</span> <span class='ocrx_word' id='word_1_286' title='bbox 1022 1729 1173 1767; x_wconf 84' lang='lat' dir='ltr'>Famae</span> <span class='ocrx_word' id='word_1_287' title='bbox 1192 1741 1238 1766; x_wconf 89' lang='lat' dir='ltr'>ac</span> <span class='ocrx_word' id='word_1_288' title='bbox 1258 1727 1443 1770; x_wconf 86' lang='lat' dir='ltr'>nominis</span> <span class='ocrx_word' id='word_1_289' title='bbox 1463 1727 1527 1765; x_wconf 85' lang='lat' dir='ltr'>tui</span> <span class='ocrx_word' id='word_1_290' title='bbox 1546 1727 1879 1765; x_wconf 88' lang='lat' dir='ltr'>studiosissimus</span> 
     </span>
     <span class='ocr_line' id='line_1_39' title="bbox 272 1781 1880 1830; baseline -0.001 -10"><span class='ocrx_word' id='word_1_291' title='bbox 272 1784 345 1820; x_wconf 86' lang='lat' dir='ltr'>est.</span> <span class='ocrx_word' id='word_1_292' title='bbox 405 1781 573 1830; x_wconf 87' lang='lat' dir='ltr'>Pergite</span> <span class='ocrx_word' id='word_1_293' title='bbox 593 1795 667 1819; x_wconf 89' lang='lat' dir='ltr'>vos</span> <span class='ocrx_word' id='word_1_294' title='bbox 686 1794 826 1819; x_wconf 90' lang='lat' dir='ltr'>amare</span> <span class='ocrx_word' id='word_1_295' title='bbox 847 1784 1007 1829; x_wconf 89' lang='lat' dir='ltr'>mutuo,</span> <span class='ocrx_word' id='word_1_296' title='bbox 1029 1796 1103 1821; x_wconf 90' lang='lat' dir='ltr'>vos</span> <span class='ocrx_word' id='word_1_297' title='bbox 1124 1782 1268 1829; x_wconf 85' lang='lat' dir='ltr'>colere,</span> <span class='ocrx_word' id='word_1_298' title='bbox 1291 1795 1367 1820; x_wconf 90' lang='lat' dir='ltr'>vos</span> <span class='ocrx_word' id='word_1_299' title='bbox 1392 1781 1599 1820; x_wconf 81' lang='lat' dir='ltr'>admirari.</span> <span class='ocrx_word' id='word_1_300' title='bbox 1659 1781 1752 1820; x_wconf 89' lang='lat' dir='ltr'>Duo</span> <span class='ocrx_word' id='word_1_301' title='bbox 1777 1781 1880 1819; x_wconf 89' lang='lat' dir='ltr'>estis</span> 
     </span>
     <span class='ocr_line' id='line_1_40' title="bbox 272 1835 1879 1886; baseline 0 -12"><span class='ocrx_word' id='word_1_302' title='bbox 272 1849 467 1886; x_wconf 83' lang='lat' dir='ltr'>corpora3</span> <span class='ocrx_word' id='word_1_303' title='bbox 498 1835 566 1873; x_wconf 88' lang='lat' dir='ltr'>sed</span> <span class='ocrx_word' id='word_1_304' title='bbox 596 1835 640 1872; x_wconf 90' lang='lat' dir='ltr'>in</span> <span class='ocrx_word' id='word_1_305' title='bbox 667 1836 720 1874; x_wconf 91' lang='lat' dir='ltr'>iis</span> <span class='ocrx_word' id='word_1_306' title='bbox 746 1836 895 1874; x_wconf 87' lang='lat' dir='ltr'>vnicus</span> <span class='ocrx_word' id='word_1_307' title='bbox 920 1839 983 1874; x_wconf 91' lang='lat' dir='ltr'>est</span> <span class='ocrx_word' id='word_1_308' title='bbox 1009 1838 1187 1875; x_wconf 88' lang='lat' dir='ltr'>animus.</span> <span class='ocrx_word' id='word_1_309' title='bbox 1248 1837 1338 1884; x_wconf 86' lang='lat' dir='ltr'>Quo</span> <span class='ocrx_word' id='word_1_310' title='bbox 1365 1835 1597 1886; x_wconf 88' lang='lat' dir='ltr'>spectaculo</span> <span class='ocrx_word' id='word_1_311' title='bbox 1622 1836 1763 1885; x_wconf 88' lang='lat' dir='ltr'>potest</span> <span class='ocrx_word' id='word_1_312' title='bbox 1789 1848 1879 1874; x_wconf 87' lang='lat' dir='ltr'>esse</span> 
     </span>
     <span class='ocr_line' id='line_1_41' title="bbox 273 1890 1878 1941; baseline 0.001 -14"><span class='ocrx_word' id='word_1_313' title='bbox 273 1890 431 1941; x_wconf 90' lang='lat' dir='ltr'>gratius</span> <span class='ocrx_word' id='word_1_314' title='bbox 451 1890 617 1939; x_wconf 88' lang='lat' dir='ltr'>aliquod</span> <span class='ocrx_word' id='word_1_315' title='bbox 639 1890 836 1929; x_wconf 88' lang='lat' dir='ltr'>studiosis</span> <span class='ocrx_word' id='word_1_316' title='bbox 857 1891 1052 1929; x_wconf 90' lang='lat' dir='ltr'>omnibus</span> <span class='ocrx_word' id='word_1_317' title='bbox 1076 1893 1149 1929; x_wconf 84' lang='lat' dir='ltr'>aut</span> <span class='ocrx_word' id='word_1_318' title='bbox 1174 1891 1430 1929; x_wconf 79' lang='lat' dir='ltr'>iucundius?</span> <span class='ocrx_word' id='word_1_319' title='bbox 1467 1890 1576 1928; x_wconf 89' lang='lat' dir='ltr'>Nam</span> <span class='ocrx_word' id='word_1_320' title='bbox 1602 1890 1711 1940; x_wconf 92' lang='lat' dir='ltr'>quod</span> <span class='ocrx_word' id='word_1_321' title='bbox 1738 1892 1878 1928; x_wconf 90' lang='lat' dir='ltr'>tecum</span> 
     </span>
     <span class='ocr_line' id='line_1_42' title="bbox 273 1944 1874 1994; baseline 0 -12"><span class='ocrx_word' id='word_1_322' title='bbox 273 1944 458 1994; x_wconf 90' lang='lat' dir='ltr'>epistolis</span> <span class='ocrx_word' id='word_1_323' title='bbox 491 1945 592 1982; x_wconf 86' lang='lat' dir='ltr'>lusit</span> <span class='ocrx_word' id='word_1_324' title='bbox 624 1945 763 1993; x_wconf 88' lang='lat' dir='ltr'>paulo,</span> <span class='ocrx_word' id='word_1_325' title='bbox 797 1947 845 1983; x_wconf 91' lang='lat' dir='ltr'>vt</span> <span class='ocrx_word' id='word_1_326' title='bbox 877 1945 1084 1984; x_wconf 88' lang='lat' dir='ltr'>videbitur</span> <span class='ocrx_word' id='word_1_327' title='bbox 1116 1946 1257 1983; x_wconf 85' lang='lat' dir='ltr'>forsan</span> <span class='ocrx_word' id='word_1_328' title='bbox 1291 1945 1344 1983; x_wconf 91' lang='lat' dir='ltr'>iis</span> <span class='ocrx_word' id='word_1_329' title='bbox 1378 1944 1451 1994; x_wconf 89' lang='lat' dir='ltr'>qui</span> <span class='ocrx_word' id='word_1_330' title='bbox 1483 1958 1557 1983; x_wconf 91' lang='lat' dir='ltr'>vos</span> <span class='ocrx_word' id='word_1_331' title='bbox 1586 1957 1672 1982; x_wconf 90' lang='lat' dir='ltr'>non</span> <span class='ocrx_word' id='word_1_332' title='bbox 1705 1946 1874 1993; x_wconf 91' lang='lat' dir='ltr'>norunt,</span> 
     </span>
     <span class='ocr_line' id='line_1_43' title="bbox 273 1999 1878 2049; baseline -0.001 -12"><span class='ocrx_word' id='word_1_333' title='bbox 273 1999 460 2038; x_wconf 87' lang='lat' dir='ltr'>acerbius</span> <span class='ocrx_word' id='word_1_334' title='bbox 480 2001 521 2037; x_wconf 88' lang='lat' dir='ltr'>et</span> <span class='ocrx_word' id='word_1_335' title='bbox 540 2002 684 2037; x_wconf 90' lang='lat' dir='ltr'>contra</span> <span class='ocrx_word' id='word_1_336' title='bbox 703 1999 745 2037; x_wconf 89' lang='lat' dir='ltr'>id</span> <span class='ocrx_word' id='word_1_337' title='bbox 767 1999 875 2049; x_wconf 91' lang='lat' dir='ltr'>quod</span> <span class='ocrx_word' id='word_1_338' title='bbox 894 2001 1079 2038; x_wconf 89' lang='lat' dir='ltr'>vestram</span> <span class='ocrx_word' id='word_1_339' title='bbox 1099 2000 1330 2038; x_wconf 89' lang='lat' dir='ltr'>amicitiam</span> <span class='ocrx_word' id='word_1_340' title='bbox 1350 1999 1531 2047; x_wconf 86' lang='lat' dir='ltr'>decebat,</span> <span class='ocrx_word' id='word_1_341' title='bbox 1555 1999 1700 2047; x_wconf 82' lang='lat' dir='ltr'>multa,</span> <span class='ocrx_word' id='word_1_342' title='bbox 1718 2000 1765 2037; x_wconf 85' lang='lat' dir='ltr'>vt</span> <span class='ocrx_word' id='word_1_343' title='bbox 1785 2000 1878 2036; x_wconf 91' lang='lat' dir='ltr'>tum</span> 
     </span>
     <span class='ocr_line' id='line_1_44' title="bbox 274 2053 1874 2104; baseline 0 -13"><span class='ocrx_word' id='word_1_344' title='bbox 274 2066 326 2091; x_wconf 75' lang='lat' dir='ltr'>ex</span> <span class='ocrx_word' id='word_1_345' title='bbox 344 2056 521 2103; x_wconf 87' lang='lat' dir='ltr'>vtroque</span> <span class='ocrx_word' id='word_1_346' title='bbox 541 2055 744 2102; x_wconf 90' lang='lat' dir='ltr'>vestrum,</span> <span class='ocrx_word' id='word_1_347' title='bbox 766 2056 858 2091; x_wconf 85' lang='lat' dir='ltr'>tum</span> <span class='ocrx_word' id='word_1_348' title='bbox 877 2054 1006 2092; x_wconf 87' lang='lat' dir='ltr'>etiam</span> <span class='ocrx_word' id='word_1_349' title='bbox 1027 2068 1076 2092; x_wconf 85' lang='lat' dir='ltr'>ex</span> <span class='ocrx_word' id='word_1_350' title='bbox 1097 2068 1140 2092; x_wconf 92' lang='lat' dir='ltr'>re</span> <span class='ocrx_word' id='word_1_351' title='bbox 1156 2055 1246 2104; x_wconf 90' lang='lat' dir='ltr'>ipsa</span> <span class='ocrx_word' id='word_1_352' title='bbox 1266 2053 1465 2103; x_wconf 87' lang='lat' dir='ltr'>intelligo,</span> <span class='ocrx_word' id='word_1_353' title='bbox 1487 2053 1533 2091; x_wconf 92' lang='lat' dir='ltr'>in</span> <span class='ocrx_word' id='word_1_354' title='bbox 1552 2066 1674 2091; x_wconf 84' lang='lat' dir='ltr'>causa</span> <span class='ocrx_word' id='word_1_355' title='bbox 1692 2053 1874 2091; x_wconf 84' lang='lat' dir='ltr'>fuerunt.</span> 
     </span>
     <span class='ocr_line' id='line_1_45' title="bbox 274 2107 1878 2158; baseline -0.001 -12"><span class='ocrx_word' id='word_1_356' title='bbox 274 2107 470 2146; x_wconf 89' lang='lat' dir='ltr'>Primum</span> <span class='ocrx_word' id='word_1_357' title='bbox 499 2108 607 2157; x_wconf 91' lang='lat' dir='ltr'>quod</span> <span class='ocrx_word' id='word_1_358' title='bbox 636 2110 810 2157; x_wconf 87' lang='lat' dir='ltr'>vterque</span> <span class='ocrx_word' id='word_1_359' title='bbox 844 2109 1101 2147; x_wconf 85' lang='lat' dir='ltr'>occasionem</span> <span class='ocrx_word' id='word_1_360' title='bbox 1135 2108 1391 2158; x_wconf 86' lang='lat' dir='ltr'>quaeritabat</span> <span class='ocrx_word' id='word_1_361' title='bbox 1424 2107 1582 2157; x_wconf 79' lang='lat' dir='ltr'>prolixe</span> <span class='ocrx_word' id='word_1_362' title='bbox 1615 2108 1665 2145; x_wconf 90' lang='lat' dir='ltr'>ad</span> <span class='ocrx_word' id='word_1_363' title='bbox 1699 2107 1878 2145; x_wconf 86' lang='lat' dir='ltr'>alterum</span> 
     </span>
     <span class='ocr_line' id='line_1_46' title="bbox 274 2161 1877 2212; baseline -0.001 -12"><span class='ocrx_word' id='word_1_364' title='bbox 274 2162 494 2209; x_wconf 82' lang='lat' dir='ltr'>scribendi,</span> <span class='ocrx_word' id='word_1_365' title='bbox 516 2175 591 2200; x_wconf 90' lang='lat' dir='ltr'>nec</span> <span class='ocrx_word' id='word_1_366' title='bbox 611 2175 776 2211; x_wconf 88' lang='lat' dir='ltr'>semper</span> <span class='ocrx_word' id='word_1_367' title='bbox 795 2162 846 2201; x_wconf 92' lang='lat' dir='ltr'>de</span> <span class='ocrx_word' id='word_1_368' title='bbox 872 2163 1077 2201; x_wconf 85' lang='lat' dir='ltr'>laudibus.</span> <span class='ocrx_word' id='word_1_369' title='bbox 1139 2163 1250 2201; x_wconf 89' lang='lat' dir='ltr'>Nam</span> <span class='ocrx_word' id='word_1_370' title='bbox 1275 2163 1319 2200; x_wconf 93' lang='lat' dir='ltr'>id</span> <span class='ocrx_word' id='word_1_371' title='bbox 1346 2164 1594 2212; x_wconf 88' lang='lat' dir='ltr'>perpetuum</span> <span class='ocrx_word' id='word_1_372' title='bbox 1618 2161 1877 2211; x_wconf 88' lang='lat' dir='ltr'>longumque</span> 
     </span>
     <span class='ocr_line' id='line_1_47' title="bbox 274 2215 1872 2266; baseline -0.001 -12"><span class='ocrx_word' id='word_1_373' title='bbox 274 2229 358 2254; x_wconf 87' lang='lat' dir='ltr'>non</span> <span class='ocrx_word' id='word_1_374' title='bbox 386 2217 524 2265; x_wconf 91' lang='lat' dir='ltr'>potest</span> <span class='ocrx_word' id='word_1_375' title='bbox 548 2229 660 2255; x_wconf 88' lang='lat' dir='ltr'>esse:</span> <span class='ocrx_word' id='word_1_376' title='bbox 690 2218 763 2254; x_wconf 89' lang='lat' dir='ltr'>aut</span> <span class='ocrx_word' id='word_1_377' title='bbox 789 2216 826 2254; x_wconf 86' lang='lat' dir='ltr'>si</span> <span class='ocrx_word' id='word_1_378' title='bbox 852 2219 996 2266; x_wconf 89' lang='lat' dir='ltr'>potest,</span> <span class='ocrx_word' id='word_1_379' title='bbox 1020 2221 1083 2256; x_wconf 90' lang='lat' dir='ltr'>est</span> <span class='ocrx_word' id='word_1_380' title='bbox 1109 2219 1250 2255; x_wconf 87' lang='lat' dir='ltr'>tamen</span> <span class='ocrx_word' id='word_1_381' title='bbox 1277 2229 1378 2254; x_wconf 91' lang='lat' dir='ltr'>suus</span> <span class='ocrx_word' id='word_1_382' title='bbox 1403 2216 1604 2265; x_wconf 89' lang='lat' dir='ltr'>cuiusque</span> <span class='ocrx_word' id='word_1_383' title='bbox 1629 2215 1691 2254; x_wconf 90' lang='lat' dir='ltr'>rei</span> <span class='ocrx_word' id='word_1_384' title='bbox 1709 2215 1872 2254; x_wconf 91' lang='lat' dir='ltr'>modus.</span> 
     </span>
     <span class='ocr_line' id='line_1_48' title="bbox 274 2269 1877 2322; baseline -0.001 -14"><span class='ocrx_word' id='word_1_385' title='bbox 274 2270 495 2320; x_wconf 89' lang='lat' dir='ltr'>Quumque</span> <span class='ocrx_word' id='word_1_386' title='bbox 514 2271 754 2320; x_wconf 82' lang='lat' dir='ltr'>eloquentia</span> <span class='ocrx_word' id='word_1_387' title='bbox 774 2271 862 2320; x_wconf 87' lang='lat' dir='ltr'>ipsa</span> <span class='ocrx_word' id='word_1_388' title='bbox 882 2271 973 2310; x_wconf 88' lang='lat' dir='ltr'>sine</span> <span class='ocrx_word' id='word_1_389' title='bbox 997 2272 1135 2322; x_wconf 89' lang='lat' dir='ltr'>aliquo</span> <span class='ocrx_word' id='word_1_390' title='bbox 1159 2272 1277 2310; x_wconf 91' lang='lat' dir='ltr'>velut</span> <span class='ocrx_word' id='word_1_391' title='bbox 1300 2270 1564 2319; x_wconf 83' lang='lat' dir='ltr'>antagonista</span> <span class='ocrx_word' id='word_1_392' title='bbox 1588 2270 1728 2317; x_wconf 86' lang='lat' dir='ltr'>iaceat,</span> <span class='ocrx_word' id='word_1_393' title='bbox 1751 2269 1877 2308; x_wconf 89' lang='lat' dir='ltr'>libuit</span> 
     </span>
     <span class='ocr_line' id='line_1_49' title="bbox 274 2323 1877 2374; baseline -0.001 -12"><span class='ocrx_word' id='word_1_394' title='bbox 274 2324 394 2363; x_wconf 90' lang='lat' dir='ltr'>initio</span> <span class='ocrx_word' id='word_1_395' title='bbox 414 2338 489 2363; x_wconf 90' lang='lat' dir='ltr'>vos</span> <span class='ocrx_word' id='word_1_396' title='bbox 509 2325 672 2363; x_wconf 89' lang='lat' dir='ltr'>leuibus</span> <span class='ocrx_word' id='word_1_397' title='bbox 692 2325 939 2374; x_wconf 90' lang='lat' dir='ltr'>quibusdam</span> <span class='ocrx_word' id='word_1_398' title='bbox 961 2326 1146 2364; x_wconf 86' lang='lat' dir='ltr'>stimulis</span> <span class='ocrx_word' id='word_1_399' title='bbox 1172 2325 1354 2363; x_wconf 89' lang='lat' dir='ltr'>inuicem</span> <span class='ocrx_word' id='word_1_400' title='bbox 1373 2337 1567 2374; x_wconf 89' lang='lat' dir='ltr'>pungere.</span> <span class='ocrx_word' id='word_1_401' title='bbox 1628 2324 1735 2372; x_wconf 89' lang='lat' dir='ltr'>Quid</span> <span class='ocrx_word' id='word_1_402' title='bbox 1763 2323 1877 2361; x_wconf 87' lang='lat' dir='ltr'>enim</span> 
     </span>
     <span class='ocr_line' id='line_1_50' title="bbox 274 2378 1877 2428; baseline 0 -12"><span class='ocrx_word' id='word_1_403' title='bbox 274 2381 336 2417; x_wconf 90' lang='lat' dir='ltr'>est</span> <span class='ocrx_word' id='word_1_404' title='bbox 374 2381 523 2427; x_wconf 80' lang='lat' dir='ltr'>orator,</span> <span class='ocrx_word' id='word_1_405' title='bbox 566 2380 601 2417; x_wconf 90' lang='lat' dir='ltr'>si</span> <span class='ocrx_word' id='word_1_406' title='bbox 639 2379 705 2417; x_wconf 83' lang='lat' dir='ltr'>vel</span> <span class='ocrx_word' id='word_1_407' title='bbox 744 2379 857 2418; x_wconf 86' lang='lat' dir='ltr'>solus</span> <span class='ocrx_word' id='word_1_408' title='bbox 894 2379 1005 2418; x_wconf 91' lang='lat' dir='ltr'>dicat</span> <span class='ocrx_word' id='word_1_409' title='bbox 1042 2381 1108 2419; x_wconf 92' lang='lat' dir='ltr'>vel</span> <span class='ocrx_word' id='word_1_410' title='bbox 1145 2393 1230 2418; x_wconf 91' lang='lat' dir='ltr'>non</span> <span class='ocrx_word' id='word_1_411' title='bbox 1268 2379 1320 2417; x_wconf 89' lang='lat' dir='ltr'>ab</span> <span class='ocrx_word' id='word_1_412' title='bbox 1358 2378 1439 2417; x_wconf 91' lang='lat' dir='ltr'>alio</span> <span class='ocrx_word' id='word_1_413' title='bbox 1472 2378 1722 2416; x_wconf 90' lang='lat' dir='ltr'>sollicitetur</span> <span class='ocrx_word' id='word_1_414' title='bbox 1753 2380 1877 2428; x_wconf 88' lang='lat' dir='ltr'>atque</span> 
     </span>
     <span class='ocr_line' id='line_1_51' title="bbox 274 2432 1877 2484; baseline 0 -14"><span class='ocrx_word' id='word_1_415' title='bbox 274 2432 506 2472; x_wconf 80' lang='lat' dir='ltr'>excitetur?</span> <span class='ocrx_word' id='word_1_416' title='bbox 552 2435 714 2482; x_wconf 86' lang='lat' dir='ltr'>torpeat</span> <span class='ocrx_word' id='word_1_417' title='bbox 752 2447 918 2472; x_wconf 88' lang='lat' dir='ltr'>necesse</span> <span class='ocrx_word' id='word_1_418' title='bbox 956 2437 1018 2472; x_wconf 84' lang='lat' dir='ltr'>est</span> <span class='ocrx_word' id='word_1_419' title='bbox 1055 2435 1340 2484; x_wconf 89' lang='lat' dir='ltr'>langueatque.</span> <span class='ocrx_word' id='word_1_420' title='bbox 1407 2433 1451 2472; x_wconf 87' lang='lat' dir='ltr'>C.</span> <span class='ocrx_word' id='word_1_421' title='bbox 1492 2432 1694 2471; x_wconf 89' lang='lat' dir='ltr'>Erucium</span> <span class='ocrx_word' id='word_1_422' title='bbox 1731 2432 1877 2471; x_wconf 87' lang='lat' dir='ltr'>scribit</span> 
     </span>
     <span class='ocr_line' id='line_1_52' title="bbox 273 2486 1877 2537; baseline -0.001 -12"><span class='ocrx_word' id='word_1_423' title='bbox 273 2486 412 2525; x_wconf 88' lang='lat' dir='ltr'>Cicero</span> <span class='ocrx_word' id='word_1_424' title='bbox 433 2486 790 2536; x_wconf 85' lang='lat' dir='ltr'>negligentissime</span> <span class='ocrx_word' id='word_1_425' title='bbox 811 2488 1007 2526; x_wconf 87' lang='lat' dir='ltr'>Roscium</span> <span class='ocrx_word' id='word_1_426' title='bbox 1025 2488 1276 2526; x_wconf 85' lang='lat' dir='ltr'>Amerinum</span> <span class='ocrx_word' id='word_1_427' title='bbox 1296 2499 1517 2534; x_wconf 86' lang='lat' dir='ltr'>accusasse,</span> <span class='ocrx_word' id='word_1_428' title='bbox 1535 2487 1646 2537; x_wconf 91' lang='lat' dir='ltr'>quod</span> <span class='ocrx_word' id='word_1_429' title='bbox 1662 2486 1877 2525; x_wconf 88' lang='lat' dir='ltr'>neminem</span> 
     </span>
     <span class='ocr_line' id='line_1_53' title="bbox 273 2540 1048 2591; baseline 0.004 -13"><span class='ocrx_word' id='word_1_430' title='bbox 273 2540 552 2590; x_wconf 81' lang='lat' dir='ltr'>suspicaretur</span> <span class='ocrx_word' id='word_1_431' title='bbox 572 2542 660 2580; x_wconf 90' lang='lat' dir='ltr'>fore</span> <span class='ocrx_word' id='word_1_432' title='bbox 681 2542 752 2591; x_wconf 88' lang='lat' dir='ltr'>qui</span> <span class='ocrx_word' id='word_1_433' title='bbox 772 2543 1048 2591; x_wconf 87' lang='lat' dir='ltr'>responderet.</span> 
     </span>
    </p>

    <p class='ocr_par' dir='ltr' id='par_1_13' title="bbox 274 2593 1878 2701">
     <span class='ocr_line' id='line_1_54' title="bbox 329 2593 1878 2646; baseline 0 -14"><span class='ocrx_word' id='word_1_434' title='bbox 329 2595 476 2644; x_wconf 87' lang='lat' dir='ltr'>Itaque</span> <span class='ocrx_word' id='word_1_435' title='bbox 494 2596 679 2644; x_wconf 90' lang='lat' dir='ltr'>primum</span> <span class='ocrx_word' id='word_1_436' title='bbox 700 2597 750 2634; x_wconf 93' lang='lat' dir='ltr'>de</span> <span class='ocrx_word' id='word_1_437' title='bbox 769 2597 962 2646; x_wconf 88' lang='lat' dir='ltr'>operibus</span> <span class='ocrx_word' id='word_1_438' title='bbox 980 2597 1129 2635; x_wconf 89' lang='lat' dir='ltr'>vestris</span> <span class='ocrx_word' id='word_1_439' title='bbox 1148 2596 1298 2634; x_wconf 85' lang='lat' dir='ltr'>iniecta</span> <span class='ocrx_word' id='word_1_440' title='bbox 1322 2594 1492 2643; x_wconf 89' lang='lat' dir='ltr'>mentio,</span> <span class='ocrx_word' id='word_1_441' title='bbox 1517 2608 1687 2644; x_wconf 88' lang='lat' dir='ltr'>campus</span> <span class='ocrx_word' id='word_1_442' title='bbox 1712 2593 1878 2632; x_wconf 87' lang='lat' dir='ltr'>dicendi</span> 
     </span>
     <span class='ocr_line' id='line_1_55' title="bbox 274 2649 1876 2701; baseline -0.001 -13"><span class='ocrx_word' id='word_1_443' title='bbox 274 2662 360 2688; x_wconf 90' lang='lat' dir='ltr'>non</span> <span class='ocrx_word' id='word_1_444' title='bbox 378 2651 602 2699; x_wconf 88' lang='lat' dir='ltr'>angustus:</span> <span class='ocrx_word' id='word_1_445' title='bbox 632 2663 731 2688; x_wconf 88' lang='lat' dir='ltr'>nam</span> <span class='ocrx_word' id='word_1_446' title='bbox 751 2650 978 2700; x_wconf 86' lang='lat' dir='ltr'>scripsistis</span> <span class='ocrx_word' id='word_1_447' title='bbox 997 2651 1181 2701; x_wconf 90' lang='lat' dir='ltr'>plurima</span> <span class='ocrx_word' id='word_1_448' title='bbox 1199 2652 1240 2689; x_wconf 88' lang='lat' dir='ltr'>et</span> <span class='ocrx_word' id='word_1_449' title='bbox 1259 2649 1558 2697; x_wconf 88' lang='lat' dir='ltr'>eruditissima,</span> <span class='ocrx_word' id='word_1_450' title='bbox 1580 2651 1620 2687; x_wconf 89' lang='lat' dir='ltr'>et</span> <span class='ocrx_word' id='word_1_451' title='bbox 1646 2661 1749 2699; x_wconf 87' lang='lat' dir='ltr'>quae</span> <span class='ocrx_word' id='word_1_452' title='bbox 1775 2650 1876 2687; x_wconf 90' lang='lat' dir='ltr'>sunt</span> 
     </span>
    </p>
   </div>
   <div class='ocr_carea' id='block_1_12' title="bbox 273 2758 1875 2844">
    <p class='ocr_par' dir='ltr' id='par_1_14' title="bbox 273 2758 1875 2844">
     <span class='ocr_line' id='line_1_56' title="bbox 319 2758 1875 2800; baseline 0 -11"><span class='ocrx_word' id='word_1_453' title='bbox 319 2760 392 2791; x_wconf 90' lang='lat'>118.</span> <span class='ocrx_word' id='word_1_454' title='bbox 418 2761 470 2790; x_wconf 89' lang='lat' dir='ltr'>H:</span> <span class='ocrx_word' id='word_1_455' title='bbox 496 2758 606 2799; x_wconf 77' lang='grc' dir='ltr'>ψευδὲς</span> <span class='ocrx_word' id='word_1_456' title='bbox 621 2762 656 2791; x_wconf 83' lang='lat' dir='ltr'>F.</span> <span class='ocrx_word' id='word_1_457' title='bbox 785 2763 854 2792; x_wconf 88' lang='lat'>126.</span> <span class='ocrx_word' id='word_1_458' title='bbox 881 2760 1094 2800; x_wconf 84' lang='lat' dir='ltr'>perstrictus</span> <span class='ocrx_word' id='word_1_459' title='bbox 1109 2762 1152 2790; x_wconf 88' lang='lat' dir='ltr'>F:</span> <span class='ocrx_word' id='word_1_460' title='bbox 1178 2760 1194 2790; x_wconf 89' lang='lat'>‘?</span> <span class='ocrx_word' id='word_1_461' title='bbox 1210 2760 1420 2799; x_wconf 84' lang='lat' dir='ltr'>prestrictus</span> <span class='ocrx_word' id='word_1_462' title='bbox 1435 2761 1604 2799; x_wconf 68' lang='lat' dir='ltr'>leyendum.</span> <span class='ocrx_word' id='word_1_463' title='bbox 1638 2760 1682 2796; x_wconf 75' lang='lat' dir='ltr'>Cf.</span> <span class='ocrx_word' id='word_1_464' title='bbox 1702 2761 1783 2796; x_wconf 63' lang='grc' dir='ltr'><strong><em>ΕΜ).</em></strong></span> <span class='ocrx_word' id='word_1_465' title='bbox 1799 2768 1875 2798; x_wconf 87' lang='lat'>317.</span> 
     </span>
     <span class='ocr_line' id='line_1_57' title="bbox 273 2803 1144 2844; baseline 0.002 -12"><span class='ocrx_word' id='word_1_466' title='bbox 273 2812 324 2843; x_wconf 86' lang='lat'>32,</span> <span class='ocrx_word' id='word_1_467' title='bbox 345 2813 419 2842; x_wconf 88' lang='lat'>319.</span> <span class='ocrx_word' id='word_1_468' title='bbox 439 2812 470 2841; x_wconf 85' lang='lat'>3.</span> <span class='ocrx_word' id='word_1_469' title='bbox 608 2813 678 2842; x_wconf 85' lang='lat'>137.</span> <span class='ocrx_word' id='word_1_470' title='bbox 705 2804 780 2843; x_wconf 82' lang='lat' dir='ltr'>Quo</span> <span class='ocrx_word' id='word_1_471' title='bbox 796 2807 910 2836; x_wconf 88' lang='lat' dir='ltr'><em>FLB:</em></span> <span class='ocrx_word' id='word_1_472' title='bbox 934 2803 1033 2844; x_wconf 83' lang='lat' dir='ltr'>Quod</span> <span class='ocrx_word' id='word_1_473' title='bbox 1049 2806 1144 2834; x_wconf 80' lang='lat' dir='ltr'>Lond.</span> 
     </span>
    </p>
   </div>
   <div class='ocr_carea' id='block_1_13' title="bbox 272 2908 1875 3081">
    <p class='ocr_par' dir='ltr' id='par_1_15' title="bbox 320 2908 1349 2951">
     <span class='ocr_line' id='line_1_58' title="bbox 320 2908 1349 2951; baseline -0.001 -10"><span class='ocrx_word' id='word_1_474' title='bbox 320 2912 391 2941; x_wconf 88' lang='lat'>116.</span> <span class='ocrx_word' id='word_1_475' title='bbox 418 2909 639 2951; x_wconf 79' lang='lat' dir='ltr'>Tonstallus]</span> <span class='ocrx_word' id='word_1_476' title='bbox 665 2909 727 2950; x_wconf 88' lang='lat' dir='ltr'>Ep.</span> <span class='ocrx_word' id='word_1_477' title='bbox 748 2919 821 2949; x_wconf 88' lang='lat'>571.</span> <span class='ocrx_word' id='word_1_478' title='bbox 841 2911 959 2949; x_wconf 76' lang='lat'>87-92.</span> <span class='ocrx_word' id='word_1_479' title='bbox 1106 2919 1143 2947; x_wconf 91' lang='lat'>14</span> <span class='ocrx_word' id='word_1_480' title='bbox 1162 2908 1234 2939; x_wconf 81' lang='lat' dir='ltr'>Oct.</span> <span class='ocrx_word' id='word_1_481' title='bbox 1256 2910 1349 2948; x_wconf 83' lang='lat'>1516.</span> 
     </span>
    </p>

    <p class='ocr_par' dir='ltr' id='par_1_16' title="bbox 272 2951 1875 3081">
     <span class='ocr_line' id='line_1_59' title="bbox 321 2951 1875 2994; baseline 0 -10"><span class='ocrx_word' id='word_1_482' title='bbox 321 2963 390 2993; x_wconf 90' lang='lat'>119.</span> <span class='ocrx_word' id='word_1_483' title='bbox 417 2952 658 2994; x_wconf 85' lang='grc' dir='ltr'>Μωμὴσασθαι]</span> <span class='ocrx_word' id='word_1_484' title='bbox 704 2953 791 2984; x_wconf 86' lang='lat' dir='ltr'>This</span> <span class='ocrx_word' id='word_1_485' title='bbox 830 2953 1047 2993; x_wconf 82' lang='lat' dir='ltr'>inscription</span> <span class='ocrx_word' id='word_1_486' title='bbox 1150 2961 1221 2990; x_wconf 84' lang='lat'>131.</span> <span class='ocrx_word' id='word_1_487' title='bbox 1240 2952 1430 2992; x_wconf 81' lang='lat' dir='ltr'>perpaucis</span> <span class='ocrx_word' id='word_1_488' title='bbox 1446 2977 1454 2984; x_wconf 91' lang='lat'>.</span> <span class='ocrx_word' id='word_1_489' title='bbox 1471 2976 1480 2985; x_wconf 90' lang='lat'>.</span> <span class='ocrx_word' id='word_1_490' title='bbox 1495 2976 1504 2984; x_wconf 95' lang='lat'>.</span> <span class='ocrx_word' id='word_1_491' title='bbox 1518 2951 1608 2994; x_wconf 90' lang='lat' dir='ltr'>non]</span> <span class='ocrx_word' id='word_1_492' title='bbox 1626 2962 1666 2984; x_wconf 87' lang='lat' dir='ltr'>sc.</span> <span class='ocrx_word' id='word_1_493' title='bbox 1682 2952 1875 2993; x_wconf 88' lang='lat' dir='ltr'>plerisque.</span> 
     </span>
     <span class='ocr_line' id='line_1_60' title="bbox 273 2996 1813 3037; baseline -0.001 -9"><span class='ocrx_word' id='word_1_494' title='bbox 273 3006 421 3037; x_wconf 85' lang='lat' dir='ltr'>appears</span> <span class='ocrx_word' id='word_1_495' title='bbox 438 3007 483 3027; x_wconf 88' lang='lat' dir='ltr'>on</span> <span class='ocrx_word' id='word_1_496' title='bbox 501 2997 564 3027; x_wconf 84' lang='lat' dir='ltr'>the</span> <span class='ocrx_word' id='word_1_497' title='bbox 582 2997 766 3036; x_wconf 78' lang='lat' dir='ltr'>title-page</span> <span class='ocrx_word' id='word_1_498' title='bbox 783 2996 820 3028; x_wconf 84' lang='lat' dir='ltr'>of</span> <span class='ocrx_word' id='word_1_499' title='bbox 833 2998 894 3027; x_wconf 87' lang='lat' dir='ltr'>the</span> <span class='ocrx_word' id='word_1_500' title='bbox 919 2996 1048 3027; x_wconf 88' lang='lat' dir='ltr'>second</span> <span class='ocrx_word' id='word_1_501' title='bbox 1147 3005 1219 3034; x_wconf 86' lang='lat'>144.</span> <span class='ocrx_word' id='word_1_502' title='bbox 1244 2996 1386 3036; x_wconf 87' lang='lat' dir='ltr'>modus]</span> <span class='ocrx_word' id='word_1_503' title='bbox 1413 2996 1463 3028; x_wconf 83' lang='lat' dir='ltr'>Of.</span> <span class='ocrx_word' id='word_1_504' title='bbox 1485 2996 1572 3028; x_wconf 87' lang='lat' dir='ltr'>Hor.</span> <span class='ocrx_word' id='word_1_505' title='bbox 1591 2999 1624 3027; x_wconf 88' lang='lat' dir='ltr'>S.</span> <span class='ocrx_word' id='word_1_506' title='bbox 1645 3005 1672 3028; x_wconf 92' lang='lat'>1.</span> <span class='ocrx_word' id='word_1_507' title='bbox 1694 3006 1721 3026; x_wconf 91' lang='lat'>1.</span> <span class='ocrx_word' id='word_1_508' title='bbox 1743 2996 1813 3027; x_wconf 88' lang='lat'>106.</span> 
     </span>
     <span class='ocr_line' id='line_1_61' title="bbox 272 3039 1805 3081; baseline -0.001 -9"><span class='ocrx_word' id='word_1_509' title='bbox 272 3041 413 3072; x_wconf 86' lang='lat' dir='ltr'>edition</span> <span class='ocrx_word' id='word_1_510' title='bbox 430 3040 469 3071; x_wconf 91' lang='lat' dir='ltr'>of</span> <span class='ocrx_word' id='word_1_511' title='bbox 481 3041 543 3072; x_wconf 83' lang='lat' dir='ltr'>the</span> <span class='ocrx_word' id='word_1_512' title='bbox 559 3043 602 3071; x_wconf 81' lang='lat' dir='ltr'>De</span> <span class='ocrx_word' id='word_1_513' title='bbox 617 3043 706 3081; x_wconf 80' lang='lat' dir='ltr'>Asse,</span> <span class='ocrx_word' id='word_1_514' title='bbox 726 3040 837 3079; x_wconf 75' lang='lat' dir='ltr'>Paris,</span> <span class='ocrx_word' id='word_1_515' title='bbox 855 3041 887 3072; x_wconf 81' lang='lat' dir='ltr'>J.</span> <span class='ocrx_word' id='word_1_516' title='bbox 903 3039 1047 3077; x_wconf 83' lang='lat' dir='ltr'>Badius,</span> <span class='ocrx_word' id='word_1_517' title='bbox 1148 3049 1218 3078; x_wconf 77' lang='lat'>149.</span> <span class='ocrx_word' id='word_1_518' title='bbox 1245 3039 1382 3081; x_wconf 82' lang='lat' dir='ltr'>Cicero]</span> <span class='ocrx_word' id='word_1_519' title='bbox 1408 3041 1496 3072; x_wconf 77' lang='lat' dir='ltr'>Rosc.</span> <span class='ocrx_word' id='word_1_520' title='bbox 1513 3043 1589 3071; x_wconf 81' lang='lat' dir='ltr'>Am.</span> <span class='ocrx_word' id='word_1_521' title='bbox 1610 3048 1661 3071; x_wconf 82' lang='lat'>21.</span> <span class='ocrx_word' id='word_1_522' title='bbox 1679 3039 1732 3078; x_wconf 87' lang='lat'>58,</span> <span class='ocrx_word' id='word_1_523' title='bbox 1753 3050 1805 3080; x_wconf 86' lang='lat'>59.</span> 
     </span>
    </p>
   </div>
   <div class='ocr_carea' id='block_1_14' title="bbox 1963 1761 1990 3353">
    <p class='ocr_par' dir='ltr' id='par_1_17' title="bbox 1963 1761 1990 3353">
     <span class='ocr_line' id='line_1_62' title="bbox 1963 1761 1990 3353; baseline 0 0"><span class='ocrx_word' id='word_1_524' title='bbox 1963 1761 1990 3353; x_wconf 95' lang='lat' dir='ltr'> </span> 
     </span>
    </p>
   </div>
  </div>
 </body>
</html>
