1990 3353
86 134 208 190 1000]
588 136 658 175 TO
694 134 955 174 LORENZO
992 133 1164 174 PUCCI
1631 134 1684 172 27

83 246 161 284 hac
192 249 307 297 parte
337 247 570 297 Cyprianus
601 245 925 296 Hieronymum,
962 245 1097 294 magis
1125 244 1277 294 vbique
1305 244 1438 282 serius
1466 256 1511 281 ac
1541 242 1683 281 minus

85 300 310 347 affectans3
340 314 436 339 cum
457 300 536 347 hic,
560 300 912 350 quemadmodum
932 301 973 338 et
991 298 1289 347 Tertullianus,
1312 298 1356 336 in
1382 298 1466 336 risu
1497 311 1598 346 pene
1627 297 1681 336 sit

84 355 344 402 immodicus,
360 354 538 393 subinde
551 354 745 393 desidens
760 355 806 393 in
822 353 1185 404 expatiationibus,
1201 352 1434 402 plurimum
1449 352 1682 390 admiscens
1703 367 1743 399 95

85 422 136 447 ex
154 410 369 459 prophana
387 409 624 448 literatum:
655 422 759 459 quae
779 409 904 456 dotes,
928 408 964 446 si
983 407 1099 446 laudi
1118 407 1281 452 dantur,
1305 420 1390 445 non
1410 408 1498 444 tam
1519 405 1683 444 defuere

86 464 294 514 Cypriano
315 477 440 514 quam
459 463 526 501 vel
547 465 707 512 spretae
728 465 827 502 sunt
842 439 910 501 vel
929 461 1154 512 neglectae.
1215 461 1363 499 Nihil
1352 474 1397 499 in
1414 460 1491 499 hoc
1506 473 1622 509 repe1
1624 472 1683 499 les

87 518 196 568 quod
216 518 268 556 ad
295 517 618 557 ostentationem
644 517 803 568 ingenii
830 516 965 556 videii
986 516 1120 567 possit
1146 516 1337 563 ascitum,
1364 516 1437 554 aut
1461 515 1569 564 quod
1596 513 1683 552 vllo

85 575 204 622 pacto
233 572 450 611 vafriciem
479 571 623 621 sapiat,
655 584 758 621 quae
787 584 872 610 non
901 571 1018 610 abest
1053 571 1326 620 Hieronymo.
1385 569 1499 608 Talis
1531 568 1684 617 vbique

86 627 290 665 sermonis
309 626 478 665 habitus
497 629 559 664 est
578 629 625 665 vt
643 625 759 675 loqui
779 625 936 664 sentias
954 638 1050 664 vere
1073 624 1358 663 Christianum
1378 623 1619 674 episcopum
1638 635 1684 660 ac
1707 637 1768 659 100

86 681 287 731 martyrio
319 681 585 719 destinatum.
646 680 799 719 Pectus
832 680 949 719 ardet
983 679 1237 730 Euangelica
1265 679 1428 728 pietate,
1460 679 1502 716 et
1530 676 1686 727 pectori

86 736 310 785 respondet
330 735 472 774 oratio.
532 735 737 785 Loquitur
758 735 921 781 diserta,
945 734 1015 772 sed
1039 734 1175 783 magis
1201 733 1324 771 fortia
1350 745 1478 782 quam
1503 732 1657 770 diserta
1671 745 1681 779 ;

86 803 219 839 neque
239 792 327 828 tam
350 789 537 839 loquitur
555 789 680 827 fortia
701 802 827 839 quam
847 788 964 836 Viuit,
988 790 1036 827 vt
1056 788 1142 837 ipse
1162 787 1359 826 meminit
1379 786 1544 825 alicubi.

142 844 254 882 Huic
286 843 489 882 nimirum
523 856 719 893 personae
749 844 883 893 magis
913 843 1164 892 congruebat
1193 841 1375 892 dignitas
1399 853 1526 891 quam
1555 840 1681 890 lepos,

89 898 258 938 etiamsi
278 898 380 937 locis
400 898 559 948 aliquot
579 898 759 936 declarat
779 898 859 937 sibi
879 910 965 936 non
985 897 1166 935 defuisse
1194 909 1355 943 nasum,
1379 895 1512 934 sicubi
1541 907 1607 932 res
1628 893 1689 932 ita
1710 909 1768 941 105

87 953 362 1003 postulasset.
392 953 509 991 velut
531 952 600 990 vbi
616 952 842 991 salsissime
858 952 966 990 ridet
981 951 1237 990 haereticum
1255 950 1461 1000 quendam
1479 949 1550 999 qui
1566 961 1686 997 nega-

87 1007 157 1045 bat
178 1007 435 1070 Cyprianum
454 1007 694 1046 habendum
716 1021 790 1057 pro
811 1006 1026 1057 episcop03
1056 1006 1205 1044 deinde
1224 1018 1319 1043 cum
1340 1004 1495 1043 refellit
1520 1016 1590 1042 eos
1615 1003 1687 1052 qui

88 1075 173 1100 non
192 1062 413 1100 immersos
433 1062 502 1100 sed
525 1061 760 1112 aspersione
779 1074 906 1111 aquae
927 1059 1187 1111 baptizatos
1176 1073 1221 1097 111
1241 1058 1485 1109 peliculosis
1512 1057 1684 1105 morbis,

88 1129 174 1155 non
191 1116 452 1156 Christianos
468 1116 536 1154 sed
555 1116 726 1154 clinicos
744 1115 966 1154 censebant
969 1114 1262 1177 appellandos.
1322 1114 1430 1152 Nam
1446 1113 1512 1151 1110
1528 1113 1689 1163 praeter

88 1173 331 1221 perpetuam
351 1171 470 1209 illam
492 1170 806 1216 iucunditatem,
831 1169 1049 1219 sanguinis
1070 1169 1112 1207 in
1132 1181 1294 1207 morem
1314 1181 1385 1218 per
1404 1181 1528 1206 omne
1540 1179 1688 1217 corpus
1710 1178 1772 1201 110

89 1238 285 1287 sparsam,
309 1225 411 1264 iocis
440 1225 564 1263 etiam
589 1238 635 1263 ac
664 1224 847 1263 dicteriis
871 1224 1016 1263 vtitur.
1077 1224 1129 1262 In
1156 1236 1240 1261 vna
1263 1222 1470 1262 duntaxat
1495 1221 1680 1272 epistola,

88 1280 206 1318 cuius
243 1279 415 1318 initium
457 1281 518 1318 est
552 1280 660 1318 Bene
693 1280 887 1327 admones,
920 1280 1087 1325 Donate,
1118 1277 1316 1316 nonnihil
1351 1278 1451 1316 lusit
1490 1277 1688 1326 apparatu

87 1347 321 1384 pompaque
335 1334 568 1381 sermonis,
559 1348 568 1356 ·
599 1334 709 1372 vnde
730 1336 772 1372 et
791 1333 1057 1383 Augustinus
1072 1334 1271 1382 comptae,
1288 1331 1492 1370 iucundae
1509 1329 1689 1380 splendi-

90 1389 247 1439 daeque
277 1388 473 1427 dictionis
501 1388 706 1438 depromit
739 1388 991 1438 exemplum.
1049 1387 1193 1426 Talem
1224 1386 1434 1425 Ecclesiae
1464 1385 1685 1432 doctorem,

89 1443 217 1482 talem
238 1442 497 1482 Christianae
518 1443 686 1493 pietatis
706 1442 910 1481 athletam
931 1442 1053 1481 nobis
1082 1441 1193 1480 dedit
1222 1441 1437 1479 rhetorum
1463 1439 1613 1485 schola,
1636 1451 1690 1476 ne
1712 1453 1774 1486 115

90 1497 182 1548 quis
202 1497 282 1536 sibi
301 1497 450 1536 stolide
470 1498 628 1547 placeat
645 1497 755 1546 quod
775 1497 884 1535 nihil
910 1496 1136 1535 rhetorices
1161 1495 1355 1545 attigerit.
1415 1494 1528 1532 Effer
1530 1496 1602 1532 ant
1617 1492 1692 1531 alii

91 1554 295 1602 quantum
315 1551 419 1590 libet
438 1565 508 1590 eos
528 1564 631 1601 quos
651 1551 773 1590 nobis
791 1551 1037 1590 aediderunt
1057 1550 1369 1589 dialecticorum
1385 1562 1431 1587 ac
1447 1549 1530 1587 Per
1531 1547 1692 1598 ipateti-

91 1619 233 1645 corum
257 1606 435 1654 scholae,
459 1619 563 1655 quos
592 1618 668 1644 nec
693 1619 770 1644 nos
793 1619 892 1644 sane
920 1605 1234 1655 improbamus3
1266 1605 1375 1642 certe
1401 1603 1557 1653 plimas
1580 1602 1691 1640 inter

91 1661 342 1700 orthodoxos
361 1663 499 1710 patres
519 1660 728 1710 Cypriano
740 1660 887 1699 tribuit
904 1659 1017 1710 Papa
1033 1658 1247 1699 Gelasius
1236 1672 1281 1696 111
1297 1658 1492 1706 Decretis,
1515 1669 1564 1709 15
1578 1657 1688 1704 dist„

90 1729 122 1754 0.
147 1715 293 1755 Sancta
311 1716 530 1754 Rhomana.
1715 1724 1775 1747 120

147 1769 241 1809 Iam
269 1769 458 1808 fortassis
487 1782 573 1808 non
601 1769 674 1808 abs
702 1782 745 1807 re
775 1769 905 1808 fuerit
936 1767 1132 1807 nonnihil
1166 1768 1368 1817 attingere
1399 1767 1448 1805 de
1483 1766 1690 1817 dogmatis

92 1823 228 1872 huius,
267 1837 290 1863 a
323 1823 475 1874 quibus
508 1824 633 1862 hodie
657 1823 853 1863 dissentit
888 1823 1095 1870 Ecclesia3
1138 1822 1246 1861 inter
1278 1835 1381 1872 quae
1414 1835 1509 1860 cum
1542 1821 1691 1871 primis

92 1878 292 1918 iactatum
313 1880 375 1917 est
394 1878 515 1926 illud,
539 1878 648 1928 quod
669 1878 932 1917 existimaret
950 1876 1176 1916 haereticos
1189 1876 1240 1915 ab
1257 1875 1463 1915 Ecclesiae
1482 1876 1690 1914 consortio

93 1935 275 1972 semotos
294 1946 339 1972 ac
359 1932 649 1971 schismaticos
668 1932 779 1971 nihil
798 1946 918 1983 agere
937 1932 1198 1982 baptizando.
1257 1931 1390 1981 Atqui
1410 1930 1510 1969 haec
1525 1932 1688 1969 senten·

92 1988 151 2026 tia
184 2001 269 2026 non
299 1987 374 2026 vni
407 1987 563 2037 placuit
598 1987 816 2037 Cypriano,
856 2000 1004 2026 verum
1043 1985 1251 2037 plerisque
1284 1985 1480 2024 omnibus
1513 1985 1688 2032 Africae,
1717 1999 1775 2030 125

93 2042 315 2081 Numidiae
330 2041 688 2092 Mauritaniaeque
707 2042 935 2092 episcopis:
965 2041 1074 2091 quod
1094 2039 1261 2079 abunde
1280 2040 1545 2089 perspicuum
1560 2041 1624 2078 est
1644 2052 1694 2078 ex

92 2097 196 2135 actis
224 2096 374 2146 synodi
403 2096 754 2146 Carthaginensis,
786 2109 890 2146 quae
922 2109 1000 2134 nos
1028 2094 1255 2134 adiecimus
1289 2094 1332 2132 in
1367 2094 1442 2132 hac
1475 2093 1690 2132 aeditione.

93 2150 204 2200 Quin
223 2151 362 2201 ipsum
382 2150 509 2189 etiam
530 2150 743 2190 Hilarium
762 2150 986 2201 aliquando
1006 2149 1134 2188 huius
1152 2149 1279 2187 fuisse
1301 2148 1543 2194 sententiae,
1567 2150 1614 2186 vt
1641 2147 1693 2187 ab

92 2205 283 2245 Arrianis
302 2204 532 2255 baptizatos
551 2218 637 2244 non
662 2205 863 2256 reciperet
889 2205 971 2243 nisi
997 2217 1140 2243 rursus
1167 2203 1220 2242 ab
1247 2202 1490 2241 orthodoxis
1518 2202 1694 2252 baptiza-

136 2313 189 2343 94.
217 2301 523 2342 quemadmodum
542 2303 578 2333 et
593 2301 840 2333 Tertullianus
855 2304 928 2332 add.
949 2302 976 2333 δ.
1070 2309 1139 2331 111.
1165 2309 1205 2331 ac
1220 2311 1240 2330 α
1255 2310 1263 2330 :
1280 2301 1386 2338 atque
1402 2302 1443 2331 N.
1536 2309 1606 2331 122.
1626 2299 1696 2331 dis-

92 2347 203 2378 sentit
218 2358 238 2376 α
253 2357 261 2377 :
285 2346 479 2377 dissentire
495 2345 641 2376 videtur
657 2346 684 2376 δ.
820 2355 891 2384 123.
920 2344 1011 2375 illud
1027 2347 1101 2375 add.
1119 2345 1145 2375 δ.
1283 2344 1352 2374 128.
1379 2343 1473 2383 Quin
1491 2345 1608 2383 ipsum
1628 2366 1636 2374 .
1655 2366 1662 2374 .
1683 2366 1692 2374 .

97 2399 166 2429 147.
184 2392 367 2430 receptum
382 2401 402 2420 α
419 2391 509 2430 (128.
529 2389 648 2430 ipsum
663 2390 771 2420 etiam
787 2388 971 2419 Hilarium
983 2387 1180 2428 aliquando
1197 2399 1216 2417 α
1231 2397 1239 2418 x
1255 2389 1290 2417 et
1305 2386 1501 2426 Hilarium,
1516 2387 1696 2418 Romanae

94 2434 271 2465 Ecclesiae
291 2433 482 2464 diaconum
497 2444 531 2473 γ.
657 2442 731 2472 129.
755 2433 904 2464 Arianis
919 2433 970 2472 γ.)
988 2444 995 2463 :
1020 2432 1128 2462 Error
1150 2433 1226 2461 erat
1250 2431 1415 2470 simplex,
1435 2441 1508 2462 non
1526 2440 1568 2461 ex
1585 2431 1696 2462 ambi-

95 2479 194 2509 tione
211 2477 408 2517 malitiaue,
427 2476 488 2508 sed
504 2486 547 2508 ex
564 2477 755 2507 haereseon
773 2476 854 2508 odio
870 2479 905 2507 et
922 2476 1183 2507 ecclesiasticae
1200 2475 1350 2505 vnitatis
1366 2484 1486 2506 amore
1504 2475 1694 2515 prosectu&

132 2589 202 2619 106.
217 2586 457 2627 haereticum]
468 2586 542 2618 The
557 2587 736 2618 reference
750 2596 862 2617 seems
976 2594 1046 2624 127.
1064 2584 1170 2626 actis]
1191 2584 1265 2616 The
1279 2586 1452 2616 Sententiae
1463 2586 1697 2622 Episcopormn:

97 2633 132 2662 to
149 2632 192 2662 be
209 2633 245 2662 to
262 2631 432 2670 StepIoen,
451 2640 471 2661 a
488 2631 616 2670 bishop
636 2630 720 2670 ‘qui
738 2630 860 2660 haere·
929 2639 984 2660 see
1002 2628 1136 2660 introd.

97 2675 250 2706 ticorum
267 2683 407 2705 causam
426 2676 550 2705 contra
562 2674 789 2705 Christianos
802 2696 809 2704 .
827 2696 835 2704 .
851 2697 859 2704 .
977 2674 1047 2704 128.
1067 2672 1266 2712 Hilarium]
1279 2672 1323 2702 In
1337 2671 1398 2703 the
1415 2681 1496 2711 1535
1509 2671 1645 2703 edition
1660 2672 1698 2702 of

97 2717 257 2750 adserere
273 2719 440 2750 conatur’
458 2717 674 2759 (Cypr.Epp.
691 2728 742 2757 74.
763 2726 789 2757 1,
807 2726 859 2756 75.
930 2716 1110 2747 Erasmus·
1128 2716 1268 2756 preface
1291 2718 1326 2746 to
1350 2715 1481 2754 Hilary
1497 2716 1576 2755 (Ep.
1601 2724 1694 2754 1334.

98 2762 167 2801 25).
929 2760 1181 2799 530—69)there
1193 2760 1223 2790 is
1232 2759 1394 2799 achange
1402 2759 1552 2798 ofequal
1562 2760 1697 2798 magni-

144 2805 215 2836 108.
240 2815 312 2836 non
339 2804 546 2846 immersos]
578 2805 686 2845 Cypr.
715 2807 774 2842 Ep.
805 2805 859 2844 69.
930 2803 1014 2834 tude
1027 2803 1115 2834 with
1130 2803 1210 2834 that
1228 2803 1330 2834 made
1340 2803 1427 2834 here
1444 2803 1482 2833 in
1500 2804 1526 2834 δ.
1572 2803 1622 2833 As
1635 2802 1697 2832 the

102 2858 209 2888 12,13.
930 2847 1128 2878 correction
1140 2847 1178 2877 in
1189 2847 1276 2878 each
1289 2847 1396 2877 letter
1409 2847 1439 2877 is
1450 2845 1556 2877 based
1570 2856 1615 2877 on
1634 2846 1696 2875 the

146 2901 216 2923 111.
242 2891 407 2933 epistola]
425 2891 499 2923 The
515 2893 557 2923 Dc
576 2895 686 2923 Gratia
702 2894 768 2922 Dei.
931 2900 1028 2922 same
1042 2900 1184 2931 passage
1202 2890 1240 2921 of
1252 2891 1404 2928 Jerome,
1420 2891 1449 2921 it
1464 2890 1493 2920 is
1509 2889 1605 2921 clear
1618 2889 1696 2919 that

145 2945 217 2975 113.
234 2935 477 2976 Augustinus]
488 2938 571 2967 Doct.
584 2938 694 2968 Christ.
706 2945 736 2973 4.
750 2944 861 2974 ¹4·31·
932 2935 1094 2966 between
1122 2943 1204 2974 1525
1228 2934 1299 2965 and
1327 2943 1411 2973 ¹530
1432 2934 1602 2965 Erasmus
1626 2931 1696 2962 had

146 2989 216 3019 119.
240 2978 418 3020 Gelasius]
442 2979 481 3011 in
497 2982 643 3011 Gratiani
658 2982 815 3010 Decretum
836 2988 861 3017 1,
932 2978 1037 3009 made
1065 2988 1113 3018 up
1141 2978 1198 3009 his
1226 2977 1330 3008 mind
1363 2978 1445 3008 that
1476 2977 1538 3008 the
1564 2976 1695 3014 Hilary

99 3022 132 3054 d.
157 3032 208 3063 15,
232 3033 259 3055 c.
276 3033 307 3063 3,
328 3025 343 3061 5
358 3032 389 3054 2.
932 3021 1087 3053 referred
1105 3024 1141 3053 to
1158 3031 1230 3052 was
1247 3024 1309 3052 not
1332 3021 1393 3052 the
1408 3021 1464 3061 bp.
1480 3020 1518 3051 of
1533 3020 1695 3051 Poitiers.
