1990 3353
571 125 640 164 ΤΟ
678 124 929 164 JODOCUS
967 124 1146 164 JONAS
1584 121 1663 161 523

0 162 1 171 ¹
65 123 187 178 1211]

0 239 1 249 ¹
60 234 175 273 domi
193 238 317 285 atque
343 236 388 273 in
414 235 575 282 itinere,
596 234 864 273 vehementer
889 233 1198 281 adniirabatur;
1228 245 1327 271 nam
1353 232 1512 271 cultum
1545 231 1663 269 eccle-
1682 247 1746 279 510

59 288 272 328 siasticum
294 289 515 339 magnifice
535 289 626 327 fieri
645 289 764 327 valde
783 288 995 338 probabat.

0 383 1 388 ,
113 343 344 382 Innumera
372 346 471 382 sunt
498 343 622 382 hodie
656 344 700 381 in
734 342 910 392 publicis
942 341 1096 380 scholis
1126 341 1420 391 receptissima,
1454 353 1476 377 a
1510 339 1662 390 quibus

0 402 1 451 ζ
60 396 132 435 1119
150 397 384 447 plurimum
403 397 683 436 dissentiebat.
735 397 796 435 De
813 396 966 446 quibus
980 397 1090 434 inter
1104 396 1306 434 amiculos
1320 395 1427 434 solet
1440 394 1663 444 aliquando

0 456 1 472 l
60 452 269 499 conferre;
316 453 423 502 apud
463 452 564 490 alios
603 451 906 498 dissimulabat,
947 464 1000 489 ne
1047 450 1264 499 geminum
1307 451 1468 499 caperet
1510 448 1663 486 incom-

0 582 1 601 ÷
59 559 262 599 iacturam
289 561 456 599 faceret.

60 506 245 553 modum,
278 509 324 544 vt
356 509 398 545 et
427 506 535 544 nihil
562 506 780 556 proficeret
811 505 894 544 nisi
919 505 965 543 in
991 505 1120 554 peius,
1143 508 1184 542 et
1212 503 1534 543 existimationis
1566 515 1663 541 suae
1683 519 1743 551 515

515 560 669 599 Nullus
702 562 790 598 erat
821 559 927 598 liber
952 560 1039 597 tam
1067 558 1300 597 haereticus
1328 571 1452 608 quem
1480 557 1550 595 ille
1578 569 1663 595 non

59 616 219 653 attente
246 615 467 662 euolueret,
496 615 637 653 dicens
665 627 709 653 se
737 613 833 664 plus
860 613 1114 663 aliquotiens
1140 626 1190 651 ex
1215 613 1302 651 illis
1329 625 1469 662 capere
1488 612 1659 658 fructus,

60 681 186 718 quam
207 683 255 707 ex
275 669 426 707 horum
445 669 561 708 libris
581 669 652 720 qui
675 669 733 707 sic
760 668 900 707 omnia
924 667 1135 706 definiunt
1153 670 1200 705 vt
1229 667 1468 717 frequenter
1497 666 1664 704 adulen-

59 725 129 761 tur
161 723 413 773 coryphaeis,
438 736 742 773 nonnunquam
767 724 809 761 et
834 721 916 761 sibi
943 721 1056 772 ipsis
1117 722 1245 760 Recte
1273 720 1473 770 loquendi
1502 720 1662 770 copiam

62 790 146 815 11011
165 777 320 816 ferebat
340 778 427 827 peti
446 791 468 816 e
487 777 845 828 praeceptionibus
863 775 1252 827 grammaticorum:
1283 788 1385 826 quas
1403 773 1663 812 asseuerabat
1682 790 1746 822 520

60 831 216 870 officere
235 832 285 870 ad
306 832 411 870 bene
429 832 666 879 dicendum,
691 845 766 870 nec
785 831 828 870 id
857 831 1095 880 contingere
1122 830 1205 868 nisi
1233 830 1476 868 euoluendis
1495 828 1664 879 optimis

59 886 288 925 autoribus.
346 886 423 925 Sed
446 886 572 925 huius
592 886 799 936 opinionis
818 887 907 936 ipse
927 898 1082 935 poenas
1103 884 1227 924 dedit.
1289 883 1396 922 Cum
1417 883 1531 921 enim
1558 884 1664 921 esset

59 943 100 979 et
120 942 268 979 natura
287 943 328 979 et
348 941 579 980 eruditione
599 941 813 989 facundus,
835 954 881 979 ac
903 939 1057 978 dicenti
1076 940 1183 977 mira
1206 939 1446 988 suppeteret
1465 937 1665 976 orationis

59 994 266 1043 hubertas,
289 998 429 1034 tamen
449 996 634 1034 scribens
653 995 830 1034 subinde
849 994 1066 1034 labebatur
1084 994 1129 1032 in
1154 993 1222 1032 his
1241 1007 1344 1043 quae
1364 992 1502 1031 solent
1520 993 1665 1030 notare

61 1049 203 1087 critici.
261 1051 404 1100 Atque
433 1050 520 1098 hac,
554 1050 599 1088 ni
628 1050 761 1097 fallor,
789 1049 922 1099 gratia
951 1062 974 1088 a
1004 1048 1124 1087 libris
1155 1047 1384 1086 scribendis
1413 1046 1660 1084 abstinebat.
1685 1061 1746 1092 525

59 1103 201 1153 Atque
222 1105 384 1143 vtinam
405 1117 490 1143 non
510 1105 804 1144 abstinuisset!
835 1117 934 1143 nam
955 1102 1080 1142 huius
1099 1103 1178 1141 viri
1197 1102 1469 1152 cogitationes
1489 1113 1664 1150 quacun-

61 1171 139 1208 que
160 1158 285 1197 etiam
304 1158 451 1208 lingua
470 1159 656 1209 proditas
676 1159 865 1209 optarim.

114 1212 207 1251 Iam
227 1226 279 1251 ne
301 1213 400 1263 quid
421 1213 603 1252 defuisse
629 1216 803 1264 putetur
822 1212 1033 1252 absolutae
1054 1211 1188 1251 Coleti
1217 1211 1375 1261 pietati,
1398 1211 1665 1260 tempestates

61 1267 210 1317 quibus
229 1268 408 1317 agitatus
428 1270 490 1306 est
509 1268 657 1318 accipe.
717 1268 946 1317 Nunquam
975 1267 1040 1305 illi
1062 1267 1167 1304 bene
1194 1267 1443 1305 conuenerat
1470 1278 1565 1302 cum
1589 1277 1665 1302 suo

61 1321 264 1371 Episcopo
281 1337 290 1370 ;
338 1322 388 1360 de
422 1323 540 1361 cuius
574 1322 762 1361 moribus
800 1335 852 1360 ne
887 1321 985 1372 quid
1020 1321 1166 1368 dicam,
1201 1320 1513 1370 superstitiosus
1542 1321 1664 1367 atque

61 1376 244 1415 inuictus
273 1380 359 1415 erat
379 1377 568 1425 Scotista‚
601 1379 642 1416 et
671 1377 747 1415 hoc
781 1377 950 1416 nomine
980 1376 1059 1414 sibi
1088 1375 1296 1414 semideus
1314 1374 1555 1413 videbatur:
1587 1386 1666 1422 quo

61 1430 229 1481 quidem
249 1444 299 1469 ex
320 1444 467 1481 genere
487 1445 582 1470 cum
603 1432 764 1481 aliquot
784 1431 975 1470 nouerim
995 1443 1098 1480 quos
1126 1429 1260 1468 nolim
1285 1428 1498 1479 improbos
1530 1427 1665 1477 appel·

62 1485 162 1534 lare,
183 1485 350 1524 nullum
380 1489 519 1524 tamen
549 1486 685 1524 adhuc
704 1486 793 1525 vidi
821 1499 944 1536 quem
975 1498 1068 1523 mea
1096 1484 1266 1535 quidem
1296 1482 1502 1522 sententia
1532 1481 1666 1531 possis

1685 1332 1749 1363 530

5 1557 7 1560 ⁴
60 1553 157 1578 vere
176 1553 358 1590 pureque
379 1540 512 1579 dicere
533 1540 828 1580 Christianum.
888 1539 974 1578 Nec
993 1539 1221 1578 admodum
1246 1540 1387 1587 gratus
1414 1539 1499 1575 erat
1526 1536 1666 1585 pleris-

0 2011 4 2035 ἱ
62 2012 97 2041 to
116 2010 156 2040 be
175 2009 256 2040 that
273 2009 372 2040 Colet
397 2009 567 2049 regarded
590 2010 654 2040 the
679 2009 828 2040 hurried

63 1607 141 1644 que
161 1595 227 1632 sui
247 1594 421 1644 collegii,
446 1595 557 1645 quod
578 1595 762 1634 tenacior
781 1597 887 1634 esset
908 1594 1150 1644 disciplinae
1168 1592 1395 1642 regularis3
1425 1605 1470 1629 ac
1490 1590 1665 1629 subinde

62 1649 369 1698 quiritabantur
388 1662 430 1687 se
451 1662 525 1698 pro
545 1649 761 1688 monachis
781 1649 934 1696 haberi,
960 1661 1199 1698 quanquam
1220 1647 1297 1685 hoc
1318 1645 1542 1696 collegium
1564 1645 1665 1683 olim

61 1703 154 1751 fuit,
179 1706 219 1742 et
239 1704 283 1741 in
305 1703 483 1743 vetustis
503 1704 753 1754 syngraphis
772 1705 946 1743 vocatur
964 1702 1175 1741 Orientale
1195 1701 1512 1740 monasterium.

116 1758 196 1797 Sed
213 1771 309 1796 cum
325 1758 409 1797 iam
425 1758 567 1797 odium
583 1759 694 1797 senis
707 1758 1043 1809 Episcopi—iam
1056 1756 1171 1796 enim
1186 1758 1274 1795 erat
1290 1769 1374 1794 non
1390 1755 1531 1793 minor
1544 1754 1665 1792 annis

1685 1607 1748 1638 535

107 1845 181 1882 518.
205 1844 402 1875 adulentur
416 1847 466 1875 F:
489 1845 506 1875 ‘3
518 1844 765 1875 aduersentur.
1370 1851 1444 1881 524.
1465 1841 1610 1871 ubertas·
1624 1841 1663 1871 N.

61 1888 136 1927 538.
167 1889 238 1918 iam
257 1888 357 1918 enim
373 1890 450 1919 erat
465 1890 510 1919 F:
538 1890 614 1919 erat
631 1889 729 1919 enim
739 1891 784 1920 H.

843 1854 919 1883 520.
944 1846 979 1874 H
991 1855 997 1874 :
1015 1842 1238 1874 asseuerebat
1250 1845 1285 1873 F.

106 1975 179 2005 510.
205 1965 307 2006 nam]
325 1966 398 1996 The
413 1965 488 1996 line
502 1966 541 1996 of
550 1966 705 2006 thought
716 1975 828 1997 seems
898 1966 1000 2004 latyn
1037 1964 1165 2004 speche
1177 1965 1197 1994 ⁷.
1246 1961 1418 2001 Lupton’s
1453 1960 1665 2000 judgement

899 2009 937 2039 of
965 2008 1077 2045 Colet,
1110 2009 1148 2038 in
1180 2006 1320 2045 editing
1353 2005 1410 2035 his
1442 2007 1590 2035 Treatz'ses
1628 2015 1666 2034 on

61 2054 253 2093 repetition
268 2053 305 2084 of
315 2063 333 2083 a
348 2053 442 2083 fixed
453 2053 622 2092 quantity
633 2053 672 2084 of
684 2063 831 2093 prayers

62 2097 309 2136 asdetracting
320 2097 409 2128 from
424 2096 486 2127 the
493 2107 622 2137 proper
631 2097 830 2137 solemnity

61 2142 99 2172 of
111 2141 175 2171 the
191 2140 311 2171 ritual.

105 2194 180 2223 512.
206 2184 360 2224 publicis
383 2183 530 2226 scholis]
556 2185 630 2216 The
652 2185 829 2216 universi-

60 2229 149 2260 ties:
176 2228 219 2260 cf.
238 2228 260 2259 l.
282 2229 384 2266 486n.

103 2281 178 2312 513.
208 2271 313 2313 solet]
335 2272 386 2303 Cf.
404 2271 427 2302 1.
445 2273 525 2312 89n.

106 2325 180 2356 520.
206 2315 533 2358 praeceptionibus]
549 2317 604 2347 On
616 2316 696 2347 that
706 2325 829 2356 peren-

62 2360 139 2392 nial
156 2359 295 2399 subject
319 2360 357 2389 of
375 2365 617 2399 controversy,
636 2360 699 2391 the
723 2360 827 2390 value

62 2404 100 2435 of
111 2413 293 2444 grammar
312 2405 347 2433 111
372 2403 435 2434 the
458 2402 566 2443 study
583 2404 621 2434 of
641 2404 826 2443 1anguage,

60 2448 230 2479 Erasmus
244 2448 273 2477 is
291 2446 478 2486 evidently
487 2447 691 2488 combating
704 2457 723 2478 a
735 2448 828 2478 view

61 2489 250 2532 expressed
268 2491 305 2521 in
319 2489 450 2521 Colet's
460 2493 630 2522 Accidence
645 2490 716 2531 (ed.
734 2500 826 2530 1527,

65 2535 105 2566 f0.
132 2535 179 2565 D*3
204 2538 261 2565 v0:
300 2534 454 2573 Lupton,
484 2536 555 2572 Life
585 2537 622 2572 of
646 2536 731 2574 Colet,
769 2544 828 2574 pp.

63 2579 190 2619 291,2)‚
209 2578 376 2617 advising
402 2577 464 2608 the
490 2578 640 2609 student
664 2580 700 2608 to
724 2578 830 2609 ‘rede

63 2623 151 2664 good
166 2623 268 2661 latyn
279 2621 453 2652 authours
465 2645 472 2652 .
486 2646 493 2654 .
510 2645 517 2653 .
532 2621 605 2652 and
620 2624 703 2653 note
718 2632 831 2662 wyse-

65 2667 102 2706 ly
133 2666 214 2697 how
245 2665 335 2705 they
367 2667 478 2696 wrote
520 2666 592 2696 and
623 2666 733 2705 spake
752 2689 760 2697 .
779 2690 786 2697 .
807 2689 828 2704 .,

62 2710 240 2750 desyryng
264 2718 357 2740 none
388 2708 492 2739 other
514 2708 611 2740 rules
635 2710 699 2740 but
723 2708 832 2749 theyr

63 2753 252 2793 examples.
310 2751 378 2783 For
415 2753 454 2783 in
493 2753 555 2783 the
593 2753 829 2793 begynnynge

65 2807 148 2828 men
174 2797 280 2836 spake
309 2800 371 2826 not
404 2795 505 2835 latyn
538 2796 690 2836 bycause
720 2796 830 2827 suche

65 2842 160 2872 rules
189 2849 281 2871 were
313 2839 429 2876 made,
460 2840 523 2870 but
560 2840 827 2879 contrariwyse,

64 2886 215 2923 bycause
232 2893 315 2914 men
341 2883 448 2923 spake
472 2883 581 2914 suche
605 2882 716 2923 latyn,
735 2893 830 2923 vpon

64 2928 144 2959 that
181 2926 333 2958 folowed
373 2926 435 2957 the
466 2926 562 2958 mles
592 2936 684 2958 were
716 2927 829 2959 made.

61 2971 153 3003 'rnat
170 2972 200 3002 is
212 2973 249 3002 to
261 2980 355 3009 saye,
370 2970 471 3009 latyn
481 2971 610 3010 speche
627 2980 699 3001 was
712 2970 835 3002 before.

64 3015 128 3047 the
160 3014 266 3054 rules,
303 3016 366 3045 not
399 3014 459 3044 the
492 3013 587 3045 rules
619 3014 736 3046 before
768 3015 831 3045 the

898 2054 1077 2090 Dionysius,
1107 2051 1202 2091 1869,
1233 2060 1289 2090 pp.
1318 2049 1379 2085 xii.
1407 2049 1484 2085 xiii,
1503 2050 1555 2078 is:
1579 2048 1664 2078 ‘Al-

899 2096 1037 2136 though
1055 2095 1112 2126 his
1135 2095 1243 2125 Latin
1271 2093 1362 2133 style
1386 2093 1416 2122 is
1441 2093 1575 2131 always
1598 2092 1667 2122 for-

899 2139 1001 2178 cible,
1018 2139 1091 2170 and
1107 2137 1345 2176 occasionally
1360 2138 1422 2167 not
1441 2137 1605 2175 wanting
1628 2135 1666 2165 111

899 2184 1078 2223 elegance‚
1096 2183 1200 2213 there
1224 2181 1254 2211 is
1279 2182 1317 2211 in
1341 2181 1398 2211 his
1422 2182 1546 2210 extant
1571 2188 1666 2210 com-

900 2228 1077 2268 positions
1101 2236 1120 2256 a
1144 2225 1279 2256 certain
1298 2226 1509 2262 inaccuracy
1535 2223 1572 2253 of
1593 2222 1666 2253 dic—

899 2272 976 2302 tion
988 2270 1007 2302 '.
1057 2271 1125 2301 For
1151 2268 1330 2300 Erasmus'
1357 2268 1507 2307 opinion
1532 2276 1577 2297 011
1603 2266 1667 2297 the

897 2315 1041 2355 general
1057 2314 1225 2354 question
1250 2314 1292 2343 cf.
1321 2312 1408 2352 Epp.
1434 2313 1495 2350 641
1522 2309 1666 2350 introd.‚

900 2368 992 2398 1115.
1012 2368 1132 2397 24—44.

940 2411 1013 2442 530.
1042 2400 1228 2442 Episcopo]
1242 2399 1450 2439 Fitzjames3
1468 2408 1523 2428 see
1534 2397 1668 2437 l.365n.

941 2456 1016 2486 534.
1042 2448 1162 2486 gratus
1178 2442 1270 2483 erat]
1287 2454 1328 2475 sc.
1346 2443 1499 2474 ColetuS.

942 2499 1018 2529 535.
1042 2488 1196 2529 collegii]
1235 2489 1310 2518 The
1341 2487 1501 2526 Chapter
1533 2485 1571 2516 of
1612 2485 1664 2515 St.

899 2534 1037 2564 Paul's:
1065 2534 1110 2564 cf.
1130 2533 1166 2564 11.
1186 2542 1260 2572 295,
1280 2531 1354 2570 298.

942 2587 1017 2617 537.
1043 2576 1242 2617 Orientale]
1267 2575 1352 2606 This
1379 2582 1525 2614 passage
1550 2581 1667 2603 seems

900 2623 936 2652 to
954 2622 994 2651 be
1011 2621 1074 2652 the
1091 2620 1178 2659 only
1193 2619 1379 2657 authority
1396 2619 1448 2648 for
1468 2616 1531 2647 the
1553 2625 1616 2646 use
1634 2616 1672 2646 of

899 2665 962 2696 the
979 2674 1084 2695 name
1110 2664 1351 2695 Eastminster
1376 2662 1430 2692 for
1456 2660 1508 2691 St.
1539 2659 1666 2690 Paul’s.

899 2709 935 2739 It
962 2709 992 2739 is
1017 2708 1171 2748 perhaps
1194 2717 1212 2738 a
1232 2705 1397 2738 ‘learned
1422 2704 1570 2744 popular
1593 2705 1666 2742 ety-

899 2752 1060 2791 mology'
1088 2750 1237 2782 evolved
1266 2751 1313 2788 by
1343 2749 1512 2780 Erasmus
1536 2757 1582 2778 on
1606 2747 1667 2777 the

900 2796 993 2826 basis
1020 2796 1059 2826 of
1086 2794 1336 2826 ‘occidentale
1362 2790 1593 2823 coenobium'
1617 2792 1669 2820 for

898 2839 1166 2870 VVestminster.
1213 2838 1287 2868 The
1318 2840 1398 2867 true
1430 2835 1668 2866 Eastminster

900 2893 972 2913 was
1000 2883 1051 2913 St.
1080 2883 1181 2920 Mary
1203 2881 1246 2911 de
1266 2881 1408 2920 Graces,
1427 2889 1447 2910 a
1469 2879 1667 2909 Cistercian

900 2927 1011 2965 abbey
1042 2935 1129 2956 near
1167 2925 1229 2956 the
1263 2925 1397 2961 Tower,
1432 2921 1589 2953 founded
1622 2921 1668 2960 by

901 2969 1053 3000 Edward
1085 2977 1130 2999 111
1160 2969 1198 2999 in
1234 2978 1328 3007 1349.
1387 2968 1451 2997 See
1481 2968 1571 2996 Notas
1603 2966 1668 2994 and

902 3016 1033 3052 Queries,
1051 3014 1113 3052 5th
1131 3022 1213 3050 sexu,
1230 3013 1280 3050 xi,
1296 3022 1353 3052 pp.
1373 3012 1470 3050 62-3,
1489 3017 1626 3048 209-11.
