1990 3353
316 147 394 186 164

784 147 1033 186 LETTERS
1072 148 1142 187 OF
1182 147 1448 187 ERASMUS

1785 145 1912 200 [1520

314 258 416 296 adeo
445 257 663 307 profecisse
684 259 729 295 vt
757 257 936 295 iudicare
962 257 1126 295 licuerit
1151 257 1249 296 haec
1271 257 1398 296 verba
1421 258 1574 296 Graece
1596 258 1654 296 sic
1681 258 1824 296 haberi
1844 258 1911 297 vel

315 325 401 351 non
421 312 574 359 haberi,
597 312 639 350 id
660 311 768 361 quod
789 314 953 350 tantum
974 311 1082 349 mihi
1100 324 1231 350 sumo.

1291 312 1371 351 Sed
1392 311 1433 349 id
1453 325 1599 361 parum
1624 311 1807 350 nimium
1832 312 1911 351 tibi

315 367 454 405 visum
468 368 542 414 est,
562 366 670 415 quod
692 366 815 403 toties
828 378 977 404 moneo
990 368 1030 404 te
1045 368 1186 404 contra
1202 366 1324 404 fidem
1340 365 1589 415 exemplaris
1602 366 1664 404 tui
1679 369 1909 413 annotasse,

238 420 298 451 180
316 421 593 459 oscitanterne
612 433 664 458 an
687 419 737 457 de
756 419 963 457 industria
982 420 1053 457 alii
1073 419 1268 458 viderint.

370 475 591 512 Erasmum
606 487 821 523 nunquam
833 474 945 512 sensi
964 487 1112 523 parum
1129 474 1229 512 scire
1246 475 1412 521 Graece,
1424 473 1509 512 imo
1523 476 1692 512 tantum
1705 477 1911 524 quantum

315 528 510 567 omnibus
548 528 652 566 meis
689 527 869 566 fortunis
907 541 991 565 non
1031 528 1234 578 grauatim
1273 528 1474 566 redimere
1510 528 1672 566 vellem.
1733 528 1816 567 Nec
1849 531 1912 567 est

314 586 456 621 tamen
477 581 586 632 quod
607 595 700 631 egre
720 583 827 620 feras
847 582 883 620 si
903 582 988 620 sint
1007 582 1078 632 qui
1099 582 1299 631 quosdam
1318 582 1397 620 tibi
1410 584 1664 632 praeponant
1677 585 1746 621 aut
1761 583 1911 622 saltem

313 638 505 686 aequent.

237 687 294 726 185
315 691 591 741 quorumdam
612 691 694 728 fert
715 691 865 740 opinio.

313 798 435 849 plane
464 812 596 838 essem
625 799 661 837 si
691 800 747 837 sic
777 799 965 837 dicerem.

563 636 648 674 Nec
682 636 723 674 id
757 638 898 674 tamen
931 649 1076 685 arrogo
1113 636 1219 674 mihi
1252 638 1299 674 vt
1330 635 1510 675 iudicare
1541 637 1708 686 possim,
1744 637 1815 675 sed
1853 638 1914 676 sic

926 690 1010 729 Nec
1030 694 1172 728 tamen
1191 691 1240 728 de
1262 690 1337 728 hac
1358 704 1400 728 re
1421 690 1688 740 digladiabor.

369 745 453 783 Nec
483 758 669 794 vnquam
699 745 786 783 dixi
812 744 1121 795 Hieronymum
1148 744 1257 783 nihil
1285 757 1424 794 sapere
1452 745 1667 783 Hebraice.

1027 799 1145 837 Certe
1174 812 1258 837 non
1287 798 1503 837 inficiabor
1529 799 1680 838 dixisse
1710 813 1777 837 me
1807 799 1910 838 olim

1727 745 1912 784 Insanus

313 853 403 902 tibi,
447 866 577 903 quum
611 853 737 891 variis
771 853 821 891 de
855 853 976 891 rebus
1008 853 1368 891 confabularemur
1400 854 1444 891 in
1479 854 1636 903 templo
1670 853 1757 892 diui
1792 854 1910 892 Petri

314 908 503 957 Louanii,
528 907 661 946 videri
681 907 786 945 mihi
806 909 891 946 toto
912 906 1115 946 diametro
1135 907 1290 946 alicubi
1309 907 1461 946 distare
1481 920 1504 945 a
1516 907 1692 946 veritate
1706 908 1911 947 Hebraica

234 973 296 1005 190
315 963 423 1012 quod
447 963 490 1000 in
510 961 678 1011 templis
701 961 863 1000 canitur
884 961 1150 1010 Psalterium,
1174 963 1216 999 et
1234 975 1320 999 non
1340 961 1441 1001 satis
1461 961 1602 1000 mirari
1623 976 1690 1000 me
1709 962 1743 1000 si
1764 961 1914 1001 Hiero·

315 1016 435 1066 nymi
453 1018 569 1054 esset.

315 1084 407 1109 sum
433 1071 528 1109 dare
553 1083 713 1108 manus.

630 1015 713 1054 Hic
732 1016 767 1055 si
788 1016 886 1066 quid
906 1016 1084 1065 peccaui,
1103 1017 1291 1054 monitus
1310 1016 1361 1054 ab
1381 1015 1586 1054 Hebraice
1602 1017 1721 1054 docto
1743 1019 1913 1066 paratus

773 1070 828 1108 Et
859 1083 984 1120 quam
1014 1069 1241 1109 Christiani
1270 1070 1445 1119 pectoris
1473 1070 1551 1108 hoc
1581 1071 1654 1117 est,
1686 1071 1796 1120 quod
1825 1084 1910 1109 non

315 1126 423 1164 male
444 1138 518 1163 nec
537 1126 776 1174 arroganter
795 1124 893 1173 dixi,
916 1125 1146 1163 calumniae
1165 1125 1338 1163 miscere
1355 1126 1363 1163 Z
1420 1125 1464 1163 Si
1476 1137 1552 1173 ego
1567 1138 1640 1173 par
1654 1125 1744 1174 pari
1756 1125 1909 1163 vellem

316 1180 478 1226 referre,
518 1179 648 1217 credis
686 1181 727 1216 te
766 1192 979 1228 nunquam
1021 1179 1065 1217 in
1095 1179 1237 1217 sinum
1268 1192 1409 1217 meum
1443 1179 1629 1217 effutisse
1659 1179 1769 1228 quod
1800 1179 1912 1217 nolis

237 1238 294 1269 195
316 1233 478 1283 publice
498 1233 667 1282 spargi?

370 1287 449 1326 Sed
470 1287 578 1337 quod
605 1300 748 1325 narras
772 1287 907 1325 nescio
934 1286 1085 1337 quibus
1110 1287 1355 1333 authoribus
1381 1288 1495 1336 (nam
1520 1287 1659 1325 ‘aiunt
1674 1287 1682 1302 ³
1703 1286 1820 1336 dicis)
1842 1300 1914 1325 me

314 1356 413 1381 mox
440 1342 581 1380 triduo
609 1343 874 1391 posteaquam
905 1341 1174 1379 Hebraissare
1203 1354 1428 1391 coeperam,
1456 1342 1589 1379 multa
1617 1342 1835 1380 damnasse
1864 1342 1910 1379 in

314 1396 535 1446 Capnione‚
553 1396 687 1434 multa
708 1396 752 1433 in
766 1396 976 1445 Capitone,
993 1396 1119 1433 miror
1138 1396 1174 1434 si
1190 1395 1410 1445 quisquam
1426 1397 1513 1434 tam
1525 1396 1743 1445 perfrictae
1757 1396 1913 1434 frontis

314 1451 366 1489 sit
387 1453 433 1489 vt
453 1450 506 1498 id,
528 1464 631 1499 pene
651 1450 847 1488 omnibus
868 1450 1116 1500 quibuscum
1137 1449 1286 1488 cotidie
1305 1463 1447 1488 versor
1466 1453 1614 1488 notum
1633 1450 1908 1497 mendacium,

233 1510 295 1531 200
315 1505 390 1544 tibi
411 1504 590 1554 potuerit
610 1504 770 1543 referre.

830 1505 919 1552 Ego
940 1504 1194 1553 Capnionem
1211 1503 1508 1553 Capitonemue
1522 1504 1715 1542 damnem
1729 1506 1749 1542 ἰ)
1798 1504 1907 1552 Quid

313 1561 503 1598 omnium
523 1559 656 1608 magis
675 1559 859 1597 alienum
878 1559 931 1596 sit
951 1572 974 1596 a
995 1572 1087 1596 meo
1107 1558 1259 1596 iudicio
1279 1572 1401 1608 quam
1421 1561 1468 1596 vt
1487 1560 1769 1608 praeceptores
1795 1572 1914 1597 meos

314 1614 358 1652 in
379 1613 520 1662 lingua
535 1613 753 1659 Hebraica,
770 1625 872 1662 quos
892 1626 1106 1662 nunquam
1127 1613 1228 1651 satis
1240 1626 1425 1661 veneror,
1444 1613 1637 1650 damnem
1651 1614 1671 1651 Ῥ
1699 1612 1821 1651 illum
1837 1626 1909 1651 ceu

313 1675 529 1718 parentem
548 1666 716 1716 linguae
737 1666 962 1705 Hebraicae
987 1668 1095 1716 apud
1120 1667 1388 1715 Christianos,
1412 1667 1525 1705 hunc
1543 1669 1594 1708 >vt
1622 1667 1909 1705 felicissimum

314 1721 541 1761 Hebraicae
573 1721 861 1770 grammatices
894 1721 1244 1769 concinnatorem,
1275 1723 1418 1770 vtpote
1452 1721 1523 1770 qui
1557 1721 1792 1759 rudimenta
1822 1724 1908 1759 tam

230 1783 294 1814 205
313 1789 508 1826 generose
536 1775 751 1813 tradiderit
779 1788 824 1813 ac
853 1777 940 1813 tam
967 1775 1066 1814 scite
1096 1775 1299 1825 redegerit
1327 1776 1370 1814 in
1399 1775 1586 1813 Ordinem
1606 1778 1650 1813 vt
1671 1774 1781 1813 nihil
1802 1775 1910 1813 mihi

316 1831 559 1880 desyderetu
567 1843 596 1868 r.

657 1828 822 1867 Horum
843 1829 972 1878 alteri,
997 1830 1032 1868 si
1053 1832 1339 1869 consummate
1359 1830 1527 1868 doctum
1548 1829 1722 1879 requiro,
1746 1830 1909 1879 pluscu-

314 1885 402 1923 lum
423 1885 528 1922 forte
548 1884 767 1922 tribuerim
787 1897 912 1934 quam
928 1885 1117 1934 cuiquam
1131 1884 1273 1923 alteri:
1301 1884 1472 1922 alterius
1490 1884 1649 1933 ingenii
1669 1883 1910 1922 felicitatem

314 1952 433 1989 saepe
453 1939 646 1985 admiror,
670 1939 739 1987 qui
759 1951 852 1976 cum
869 1938 1039 1988 optimis
1058 1938 1201 1985 literis,
1224 1939 1266 1977 id
1287 1940 1350 1977 est
1370 1938 1507 1985 sacris,
1527 1938 1655 1976 trium
1670 1937 1909 1988 linguarum

314 1994 507 2043 peritiam
527 2006 610 2030 non
631 1993 847 2041 vulgarem
868 1993 1141 2031 coniunxerit.

234 2055 247 2074 2
260 2053 295 2074 ¹0
369 2047 446 2085 Sed
467 2047 586 2084 facile
607 2047 694 2096 agis
715 2047 823 2096 quod
844 2047 1006 2096 semper
1025 2047 1129 2086 soles
1149 2060 1279 2096 agere.

314 2104 525 2145 tractatur,
548 2104 593 2139 vt
613 2100 720 2139 mihi
738 2101 941 2139 inuidiam
961 2101 1083 2140 facias
1102 2102 1210 2151 apud
1233 2114 1375 2139 omnes
1397 2101 1537 2139 doctos
1549 2100 1671 2138 viros.

1341 2046 1454 2084 Haec
1469 2046 1609 2085 fabula
1622 2045 1700 2084 tibi
1711 2048 1910 2138 plegrpetuo

1770 2113 1805 2139 is
1825 2113 1909 2139 iam

314 2155 539 2206 depinxisti
559 2168 626 2193 me
646 2158 847 2205 tanquam
867 2155 995 2193 trium
1013 2156 1251 2205 linguarum
1278 2155 1452 2201 hostem,
1477 2168 1606 2204 quum
1632 2154 1739 2192 nihil
1767 2155 1915 2192 minus

313 2211 420 2248 sim:
451 2223 563 2248 nunc
584 2209 727 2247 obiicis
750 2209 1039 2259 procacitatem
1064 2211 1108 2247 in
1134 2210 1393 2248 doctissimos
1412 2208 1537 2254 viros,
1561 2222 1690 2258 quum
1717 2209 1825 2246 nihil
1855 2209 1909 2246 sit

314 2265 453 2302 minus
473 2277 630 2302 verum.
690 2263 833 2302 Testes
852 2264 1025 2302 adhibeo
1038 2265 1295 2302 conuictores
1309 2276 1433 2302 meos.

1492 2263 1651 2312 Ecquid
1665 2263 1730 2300 his
1743 2262 1910 2301 rationi·

234 2323 292 2354 215
313 2320 390 2356 bus
408 2318 538 2356 videri
558 2318 621 2356 vis
647 2330 714 2355 me
740 2318 884 2356 docere
914 2317 1142 2357 Christiani
1170 2318 1355 2356 hominis
1382 2317 1574 2363 officium,
1605 2317 1673 2366 qui
1702 2330 1777 2355 nec
1800 2329 1912 2366 syco-

314 2372 497 2422 phantiis
516 2385 656 2421 parcas
678 2385 758 2421 quo
776 2385 915 2410 meum
937 2385 1088 2410 nomen
1108 2372 1240 2411 doctis
1259 2372 1360 2411 viris
1380 2371 1568 2410 odiosum
1589 2371 1772 2409 efficias?
1827 2370 1909 2408 Vbi

313 2427 389 2464 hoc
405 2427 644 2475 exemplum
660 2426 879 2475 grauitatis
894 2428 966 2464 aut
982 2426 1210 2465 Christiani
1229 2425 1416 2476 pectoris,
1434 2425 1540 2463 bone
1560 2425 1732 2463 Erasme
1745 2426 1765 2463 ⁶?
1819 2425 1911 2473 Ego

313 2481 347 2518 si
379 2480 477 2529 quid
504 2480 582 2518 tibi
612 2482 724 2518 certo
754 2480 989 2518 obiecturus
1017 2494 1123 2528 sum,
1157 2481 1237 2518 nisi
1265 2493 1351 2518 non
1380 2479 1504 2517 dubia
1532 2479 1739 2528 pertulero
1764 2491 1908 2516 eorum

313 2548 416 2583 quae
437 2534 623 2572 dicturus
646 2547 741 2573 sum
768 2534 1021 2582 testimonia,
1056 2535 1262 2573 succubui.

1322 2533 1483 2572 Literas
1511 2535 1604 2571 tuas
1630 2536 1672 2571 et
1697 2533 1912 2571 chartulas-

234 2593 294 2615 220
313 2589 464 2638 quibus
486 2589 735 2638 respondisti
748 2590 790 2626 et
809 2589 888 2627 alia
902 2589 1008 2627 forte
1028 2589 1226 2638 quaedam
1243 2602 1327 2626 non
1342 2587 1535 2637 ancipitis
1547 2587 1645 2625 fidei
1664 2590 1908 2636 argumenta

312 2656 337 2692 p
342 2643 411 2680 rod
418 2655 531 2680 ucam
536 2672 544 2680 .

606 2642 779 2680 Indiciis
799 2644 840 2680 et
860 2643 1104 2681 coniecturis
1125 2656 1209 2680 non
1230 2642 1350 2692 cupio
1369 2641 1464 2690 plus
1483 2641 1594 2680 credi
1613 2641 1664 2690 (si
1690 2653 1791 2691 quae
1810 2640 1908 2680 alla-

312 2701 432 2734 turus
460 2697 569 2745 sum)
591 2709 716 2746 quam
745 2697 833 2746 ipsa
862 2710 936 2746 per
961 2710 1004 2735 se
1027 2698 1200 2735 nomina
1229 2698 1452 2735 merentur.

1513 2695 1598 2733 Nec
1625 2694 1910 2745 sycophantiis

265 2777 270 2781 -
310 2753 476 2789 acturus
495 2764 587 2787 sum
611 2754 760 2795 tecum,
784 2764 858 2789 nec
878 2750 1049 2789 incertis
1069 2750 1231 2789 fabulis.

356 2870 430 2896 204.
449 2859 716 2899 grammatices]
731 2859 781 2890 Cf.
798 2860 858 2899 Ep.
875 2860 1081 2898 459inti·od.

356 2913 429 2933 211.
459 2902 535 2943 Bis]
555 2904 622 2932 Lco
635 2903 887 2942 (Annotatiom’s,
903 2903 944 2934 f0.
961 2903 1015 2933 CC
1030 2906 1082 2942 νο)

313 2947 421 2976 roser>
454 2948 507 2977 sor
539 2946 612 2976 this
645 2948 679 2976 to
710 2947 771 2976 the
803 2950 952 2985 Dialossus
983 2949 1084 2977 trilin-

310 2993 419 3027 flamm
455 2990 494 3030 (l.
525 2989 642 3029 50511),
680 2990 800 3020 where
839 2991 883 3020 ho
918 2990 948 3019 is
981 2991 1083 3020 twice

315 3033 524 3064 introduvvd
557 3033 827 3073 uninistakably
857 3044 986 3072 among
1022 3033 1082 3063 the

1138 2859 1295 2889 enemies
1320 2858 1359 2887 os
1380 2858 1440 2888 the
1459 2858 1576 2888 Muses
1592 2857 1642 2897 (ff.
1662 2855 1707 2893 a⁸,
1726 2855 1761 2887 b²
1788 2858 1841 2894 νο)
1870 2865 1915 2886 as

1139 2902 1363 2932 Phthonidcs
1381 2913 1387 2931 :
1443 2904 1451 2918 ⁸
1465 2900 1630 2940 pallidus,
1673 2899 1887 2930 macilentus
1899 2898 1908 2909 '

1140 2946 1198 2985 (cf.
1223 2946 1284 2984 Ep.
1309 2947 1384 2984 906.
1410 2945 1498 2984 448),
1520 2945 1653 2974 ‘risum
1677 2943 1813 2974 habens
1834 2952 1908 2973 sar-

1138 2989 1303 3019 donium*
1318 2989 1374 3027 (cf.
1391 2989 1413 3019 l.
1429 2988 1519 3027 341).
1535 2989 1543 3004 ‘
1554 2988 1639 3018 λεῖος
1650 2986 1874 3025 ὥσπερέχΐνος
1886 2985 1905 3024 ’,

1140 3034 1148 3049 ‘
1161 3033 1311 3063 caudam
1332 3032 1474 3071 longam
1493 3031 1604 3062 trahit
1618 3030 1625 3043 ’
1645 3030 1707 3072 (cf.
1730 3030 1751 3060 Ι.
1769 3030 1887 3068 35οιι).
