1990 3353
99 143 222 198 1062]
551 147 621 184 TO
661 146 920 184 LORENZO
959 146 1255 185 CAMPEGIO
1624 150 1700 187 181

96 269 233 294 rerum
271 256 516 306 ingentique
554 257 755 295 tumultu.
834 257 902 295 Sic
944 257 1044 296 olim
1087 258 1371 296 Romanorum
1414 260 1699 298 monarchiam

94 310 255 359 excepit
293 310 541 348 democratia
578 313 651 349 aut
684 313 794 349 certe
827 311 1077 360 oligarchia;
1117 326 1220 362 quae
1256 314 1297 349 et
1328 313 1418 362 ipsa
1445 314 1616 351 tandem
1651 328 1698 352 eo
1722 333 1761 356 10

95 363 287 402 licentiae
306 365 504 414 processit
522 367 571 403 vt
597 365 778 403 tribunis
806 366 938 416 plebis
961 379 1007 404 ac
1031 366 1303 405 dictatoribus
1329 367 1435 404 foret
1465 381 1579 417 opus,
1602 381 1698 406 mox

93 419 220 457 etiam
241 418 586 468 imperatoribus:
618 433 794 468 quorum
816 422 999 470 potestas
1026 421 1069 458 in
1090 421 1347 459 immensum
1373 424 1514 460 euecta
1534 422 1633 461 fecit
1653 425 1699 461 vt

93 486 237 511 rursus
275 473 445 522 pristini
482 473 733 523 reipublicae
770 477 904 513 status
941 474 1287 513 desiderarentur.
1363 475 1441 513 Sed
1480 476 1698 515 infinitum

93 527 221 565 fuerit
249 528 301 566 ad
335 527 447 565 hunc
476 528 649 566 modum
678 529 863 566 conferre
891 528 1054 578 singula
1081 542 1221 568 rerum
1249 543 1413 579 genera,
1435 531 1697 580 surgentium

94 581 281 620 vicissim
310 594 355 619 ac
385 582 634 629 cadentium,
659 583 913 631 florentium,
940 583 1178 631 iacentium,
1202 597 1248 622 ac
1278 584 1415 622 denuo
1444 585 1698 623 reflorescen·
1722 602 1732 624 x
1741 604 1758 635 5

93 635 214 683 tium,
238 649 428 685 nouaque
447 636 623 674 subinde
643 637 778 686 specie
804 637 1160 687 repullulantium.
1221 638 1334 676 Illud
1365 639 1499 688 magis
1528 639 1694 684 mirum,

93 691 220 728 sacris
251 691 377 728 etiam
409 690 570 738 studiis,
593 704 697 740 quae
726 692 910 730 maxime
939 692 1107 730 decebat
1140 692 1221 730 sibi
1251 696 1450 740 constare,
1483 707 1578 732 suas
1610 708 1699 733 esse

92 743 204 783 vices
222 745 456 783 aestuarias.

149 799 261 837 Olim
282 799 524 837 credebatur
543 799 810 850 philosophia
830 800 1080 847 Christiana,
1104 814 1189 839 non
1216 801 1531 851 disputabatur-3
1562 806 1603 840 et
1629 804 1698 852 pia

92 853 343 902 simplicitas
368 853 593 892 hominum
621 867 831 893 sacrorum
860 855 1126 894 voluminum
1157 856 1334 894 oraculis
1361 859 1448 894 erat
1477 859 1696 896 contenta:
1720 871 1760 893 20

94 920 167 945 nec
185 907 332 957 egebat
350 907 477 946 variis
498 909 764 958 praescriptis
782 909 894 947 vltro
919 912 1112 959 prompta
1131 910 1322 958 charitas,
1345 911 1486 949 onmia
1514 912 1694 960 credens,

94 975 300 1012 nusquam
321 963 503 1000 haerens.
545 964 643 1001 Mox
662 963 893 1013 theologiae
914 965 1194 1013 patrocinium
1215 966 1481 1014 capessebant
1501 965 1699 1005 humanis

92 1016 289 1054 instructi
328 1016 571 1066 disciplinis,
606 1018 676 1056 sed
714 1018 845 1056 ferme
882 1018 949 1056 his
982 1031 1084 1068 quas
1122 1018 1245 1057 hodie
1283 1020 1509 1058 rhetoricas
1547 1021 1698 1070 vulgus

91 1071 286 1120 appellat.
348 1071 557 1109 Paulatim
595 1073 728 1122 magis
764 1086 809 1111 ac
847 1073 981 1121 magis
1019 1073 1209 1111 adhiberi
1248 1074 1384 1122 coepit
1421 1075 1695 1125 philosophia,

92 1126 276 1175 primum
312 1125 538 1174 Platonica,
576 1139 673 1164 mox
712 1127 1006 1175 Aristotelica;
1056 1130 1248 1177 coeptum
1281 1129 1424 1178 quaeri
1463 1129 1512 1166 de
1551 1129 1697 1167 multis
1719 1141 1757 1173 25

91 1193 198 1229 quae
216 1180 283 1218 vel
303 1181 353 1218 ad
376 1193 512 1219 mores
532 1181 601 1218 vel
621 1181 671 1219 ad
692 1181 932 1219 coelestium
960 1195 1101 1220 rerum
1129 1183 1458 1231 speculationem
1488 1184 1698 1232 pertinere

92 1234 353 1273 videbantur.
425 1235 537 1282 Quae
576 1248 640 1273 res
676 1236 861 1285 primum
891 1235 982 1274 visa
1010 1239 1072 1274 est
1107 1238 1407 1285 propemodum
1441 1239 1696 1276 necessaria:

91 1291 134 1326 at
154 1289 310 1327 sensim
337 1303 385 1327 eo
412 1290 616 1327 succreuit
637 1292 683 1328 vt
712 1290 909 1340 plerique,
935 1290 1120 1340 neglecta
1150 1291 1388 1341 linguarum
1416 1305 1463 1329 ac
1493 1293 1698 1341 politioris

92 1343 332 1381 literaturae
363 1344 521 1393 peritia,
556 1344 644 1381 imo
675 1344 875 1393 neglectis
907 1345 1064 1383 diuinis
1097 1345 1396 1392 voluminibus,
1433 1347 1475 1384 in
1509 1347 1691 1394 curiosis,

91 1398 409 1447 superuacaneis
429 1401 471 1436 et
489 1398 725 1436 immodicis
745 1399 1072 1448 quaestiunculis
1092 1399 1206 1437 velut
1224 1400 1274 1437 ad
1296 1400 1488 1439 Sireneos
1508 1401 1697 1450 scopulos
1716 1417 1758 1448 30

91 1455 446 1490 consenescerent.
488 1453 580 1490 Iam
600 1466 666 1491 ars
685 1466 774 1491 esse
793 1454 929 1502 coepit
944 1454 1152 1503 theologia
1172 1455 1311 1503 potius
1325 1468 1448 1504 quam
1465 1455 1671 1505 sapientia
1687 1470 1696 1503 ;

89 1506 294 1545 theatrica
314 1507 452 1545 verius
472 1520 598 1556 quam
618 1508 667 1545 ad
688 1521 830 1546 veram
851 1509 1050 1557 pietatem
1070 1509 1347 1547 accommoda.
1397 1509 1520 1547 Hanc
1535 1512 1698 1559 praeter

88 1561 364 1599 ambitionem
384 1561 684 1611 auaritiamque
699 1562 907 1600 viciarunt
926 1565 968 1600 et
982 1562 1087 1600 aliae
1103 1565 1252 1612 pestes,
1274 1563 1468 1609 adulatio,
1485 1564 1697 1603 contentio

89 1628 135 1654 ac
156 1616 409 1664 superstitio.

145 1670 305 1718 Quibus
337 1670 459 1709 rebus
487 1670 560 1709 vbi
591 1671 761 1708 tandem
790 1683 837 1708 eo
867 1674 1043 1709 ventum
1074 1673 1137 1709 est
1165 1674 1212 1710 vt
1242 1671 1434 1710 Christus
1463 1672 1534 1710 ille
1569 1686 1697 1722 purus
1716 1687 1756 1719 35

89 1724 389 1774 propemodum
415 1727 522 1764 esset
546 1725 721 1763 obrutus
748 1725 944 1763 humanis
972 1725 1315 1774 argutationibus,
1339 1740 1384 1764 ac
1414 1726 1697 1775 limpidissimi

89 1779 301 1828 quondam
321 1779 597 1829 Euangelicae
618 1780 828 1818 doctrinae
849 1780 996 1827 fontes,
1014 1780 1342 1818 Philistaeorum
1362 1781 1506 1819 scrobe
1527 1781 1693 1831 oppleti,

88 1833 337 1883 diuinaeque
359 1834 594 1884 Scripturae
611 1834 846 1872 certissima
864 1834 1015 1883 regula,
1035 1848 1146 1873 nunc
1166 1835 1248 1873 huc
1269 1849 1380 1874 nunc
1401 1835 1501 1873 illuc
1522 1837 1694 1884 detorta,

91 1888 244 1926 nostris
273 1888 444 1926 seruiret
473 1888 690 1926 affectibus
720 1889 853 1938 magis
884 1902 1007 1938 quam
1037 1889 1190 1938 gloriae
1221 1890 1391 1938 Christi,
1425 1890 1595 1938 quidam
1629 1891 1697 1940 pia

88 1945 198 1980 certe
211 1946 351 1981 mente
371 1944 511 1981 conati
531 1945 632 1981 sunt
653 1943 795 1981 orbem
815 1944 864 1981 ad
887 1943 1109 1993 pristinam
1130 1944 1366 1982 studiorum
1381 1944 1695 1993 simplicitatem
1713 1959 1756 1990 40

90 2009 280 2034 reuocare
300 1999 421 2047 atque
440 2011 463 2035 a
478 1997 640 2035 lacunis
660 1998 745 2035 iam
765 1998 849 2035 fere
869 1998 1050 2035 turbidis
1068 1998 1118 2036 ad
1135 1998 1254 2036 viuas
1273 1998 1367 2036 illas
1385 2012 1431 2036 ac
1450 1999 1696 2048 purissimas

88 2051 294 2089 scatebras
314 2053 519 2090 reducere.
576 2052 682 2089 Eam
711 2051 762 2089 ad
792 2065 880 2089 rem
911 2052 1212 2090 conficiendam
1238 2053 1475 2101 linguarum
1502 2066 1548 2091 ac
1574 2053 1695 2091 bona—

90 2118 198 2154 rum,
230 2109 278 2144 vt
307 2109 467 2153 vocant,
505 2107 721 2144 literarum
756 2107 938 2155 cognitio
974 2107 1062 2144 visa
1095 2110 1157 2144 est
1191 2108 1235 2144 in
1269 2107 1419 2156 primis
1452 2107 1690 2156 conducere,

89 2173 265 2209 quarum
287 2161 477 2210 neglectu
497 2160 692 2199 videmur
712 2161 793 2198 huc
810 2161 1004 2210 prolapsi.

143 2217 281 2265 Atque
302 2215 370 2253 hic
389 2216 583 2264 protinus
602 2215 752 2264 ingens
771 2216 982 2253 tumultus
1010 2214 1054 2253 in
1082 2215 1170 2264 ipso
1202 2228 1343 2254 rerum
1374 2215 1566 2263 confinio,
1593 2215 1693 2255 dum
1714 2227 1755 2259 45

135 2355 183 2375 10.
210 2347 272 2376 aut
285 2346 380 2376 certe
397 2344 590 2385 oligarchia
607 2354 668 2375 om.
684 2356 714 2376 α.
854 2354 867 2374 1
878 2354 903 2376 1.
930 2344 1089 2375 tribunis
1106 2343 1220 2383 plebis
1236 2354 1276 2375 ac
1294 2355 1352 2377 om.
1369 2356 1400 2376 α.
1554 2354 1602 2378 12.
1627 2347 1694 2377 im-

87 2389 312 2429 peratoribus
335 2390 377 2423 B:
412 2388 554 2429 regibus
576 2400 608 2420 a.
746 2398 794 2427 13.
819 2388 966 2427 pristini
992 2412 998 2419 .
1024 2412 1031 2419 .
1059 2412 1066 2419 .
1092 2387 1441 2422 desiderarenturss:
1475 2388 1695 2420 democratia

85 2433 351 2463 desideraretur
365 2444 396 2463 α.
512 2442 562 2472 14.
587 2432 813 2471 surgentium
831 2454 839 2462 .
859 2455 865 2463 .
885 2456 893 2463 .
913 2433 960 2462 16.
989 2431 1087 2463 Illud
1104 2442 1161 2462 om.
1180 2443 1210 2462 α.
1331 2443 1380 2472 17.
1405 2433 1513 2464 sacris
1529 2457 1537 2464 .
1558 2457 1566 2464 .
1585 2457 1592 2464 .
1614 2444 1692 2464 con-

85 2479 182 2507 stare
205 2477 246 2510 βε
269 2479 306 2507 et
330 2475 460 2506 studiis
481 2487 512 2506 α.
666 2485 715 2515 19.
741 2475 971 2515 philosophia
994 2477 1036 2509 βε
1064 2476 1230 2505 doctrina
1251 2487 1281 2507 α.
1434 2486 1486 2507 20.
1512 2486 1692 2508 sacrorum

86 2519 314 2550 voluminum
333 2520 535 2553 oraculissst
562 2519 671 2557 sacris
690 2518 936 2550 voluminibus
948 2531 978 2550 α.
1071 2529 1123 2550 21.
1148 2519 1220 2549 Nec
1237 2519 1363 2558 egebat
1381 2544 1387 2551 .
1402 2543 1410 2550 .
1423 2543 1431 2550 .
1450 2529 1505 2558 27.
1523 2521 1691 2552 videban-

88 2566 149 2594 tur
165 2565 187 2597 β
205 2574 210 2594 :
236 2563 317 2594 Mox
338 2563 514 2594 adhibitis
534 2563 739 2602 disciplinis
763 2563 934 2593 humanis·
958 2564 1081 2602 quaeri
1106 2564 1271 2602 coeptum
1297 2563 1339 2593 de
1364 2563 1502 2601 multis,
1522 2565 1638 2595 multa
1655 2565 1691 2595 in

87 2607 371 2637 controuersiam
388 2607 464 2646 rapi
482 2618 512 2638 α.
623 2607 675 2638 28.
704 2606 865 2646 neglecta
880 2632 886 2639 .
900 2630 908 2636 .
924 2630 931 2637 .
950 2616 1000 2646 29.
1027 2605 1276 2637 voluminibus
1294 2607 1336 2640 B:
1363 2607 1538 2646 neglectis
1555 2608 1692 2639 diuinis

88 2651 191 2681 libris
207 2661 239 2681 α.
333 2660 386 2689 30.
412 2651 686 2690 superuacaneis
702 2653 737 2680 et
756 2650 960 2681 immodicis
977 2652 998 2683 Β
1013 2661 1018 2680 ;
1045 2661 1084 2680 ac
1108 2650 1385 2689 superuacaneis
1400 2662 1431 2682 α.
1533 2661 1585 2690 3ῐ.
1612 2653 1691 2683 Iam

89 2703 146 2725 ars
162 2717 170 2725 .
189 2716 197 2725 .
217 2716 226 2725 .
245 2704 296 2732 44.
314 2694 468 2733 prolapsi
487 2695 510 2728 β
528 2697 594 2733 (33.
616 2694 880 2733 auaritiamque
898 2706 910 2723 ε
926 2705 932 2723 :
956 2694 1151 2724 auarioiam
1165 2694 1219 2733 β);
1238 2693 1308 2724 Vbi
1324 2696 1476 2725 ventum
1496 2702 1590 2725 esset
1600 2706 1639 2726 eo
1654 2700 1691 2726 vt

89 2738 256 2769 Christus
272 2737 334 2767 ille
351 2738 512 2768 coelestis
528 2737 719 2768 hominum
735 2737 889 2777 argutiis
906 2747 996 2777 pene
1014 2740 1106 2768 esset
1124 2737 1284 2774 obrutus,
1301 2738 1451 2776 quidam
1473 2740 1591 2769 conati
1609 2744 1694 2770 sunt

90 2781 135 2812 ad
152 2781 347 2821 pristinam
365 2780 564 2811 studiorum
581 2781 703 2812 orbem
720 2781 993 2821 simplicitatem
1012 2790 1184 2819 reuocare,
1204 2783 1241 2811 et
1257 2790 1278 2811 a
1293 2781 1431 2812 lacunis
1447 2782 1518 2812 iam
1537 2784 1690 2813 nimium

90 2824 246 2856 turbidis
261 2824 306 2855 ad
330 2825 447 2855 sontes
466 2826 677 2864 purissimos
693 2825 885 2856 retrahere.
934 2824 992 2856 Ad
1008 2834 1086 2855 eam
1104 2834 1180 2855 rem
1197 2824 1390 2855 videbatur
1406 2826 1538 2864 peritia
1557 2826 1692 2867 lingua-

89 2878 169 2900 rum
187 2879 225 2899 ac
242 2868 427 2904 bonarum,
444 2871 483 2898 vt
499 2871 638 2909 vocant,
653 2868 839 2899 literarum
858 2868 1014 2907 cognitio
1030 2877 1112 2898 cum
1129 2868 1256 2907 primis
1273 2869 1469 2899 conducere
1487 2881 1519 2900 α.

137 3008 185 3030 10.
211 2996 446 3037 democratia]
496 2995 561 3026 For
592 2995 773 3026 Erasmus*
807 2996 860 3025 iu-
970 3004 1021 3033 37.
1050 2994 1343 3035 I'liilistaffirum]
1362 2995 1415 3025 Cf.
1445 2995 1507 3035 Ep.
1526 2997 1599 3033 858.
1623 2996 1690 3026 182.

90 3043 200 3072 tercst
218 3043 254 3072 in
275 3042 348 3071 this
364 3041 409 3072 cf.
428 3040 491 3080 Ep.
514 3049 606 3070 1001.
623 3040 675 3070 82.
969 3048 1022 3076 4¹·
1048 3038 1203 3079 lacunis]
1221 3038 1273 3069 Cf.
1294 3039 1356 3078 Ep.
1381 3048 1471 3069 1002.
1499 3049 1573 3077 ¹5¹¹·
