1990 3353
318 135 397 171 364
792 135 1041 175 LETTERS
1080 135 1148 174 OF
1186 136 1451 176 ERASMUS
1796 135 1922 189 [1520

259 255 298 288 75
318 243 435 281 tendi
455 244 658 282 rationem
678 257 766 282 esse
787 244 1099 283 constitutionis
1113 244 1346 283 humanae:
1374 246 1415 291 et
1430 244 1488 283 ita
1502 244 1668 294 disputo
1683 248 1729 284 vt
1745 245 1923 295 Egmon-

318 297 452 336 danus
467 311 552 336 non
569 297 622 336 sit
637 299 902 345 refutaturus,
919 299 1087 337 tametsi
1104 299 1213 337 nihil
1229 299 1395 337 definio.
1432 298 1530 337 Mox
1544 312 1638 337 cum
1653 300 1924 338 atrocissimis

318 351 456 390 verbis
493 355 778 402 exaggerasset
814 366 973 391 errores
1006 353 1190 400 Lutheri‚
1223 352 1347 391 rediit
1375 353 1425 391 ad
1453 353 1742 392 intermissum
1771 354 1820 392 de
1855 367 1922 392 me

317 418 565 444 sermonem.
627 407 703 444 ‘In
736 407 833 445 hos’
862 407 1016 457 inquit,
1048 407 1324 457 ‘prodigiosos
1353 420 1509 445 errores
1538 407 1681 446 incidit
1712 407 1921 446 Lutherus

319 460 370 497 ob
408 460 594 498 studium
635 474 773 498 rerum
814 462 1048 500 nouarum.'
1114 462 1169 500 Et
1206 475 1303 499 cum
1342 463 1438 500 ante
1468 474 1596 511 vsque
1629 462 1678 500 ad
1713 462 1920 500 vomitum

258 519 300 549 80
318 513 548 552 multorum
597 514 839 553 blaterasset
887 516 937 553 de
985 516 1105 554 nouis
1151 529 1196 553 ac
1238 516 1458 564 veteribus,
1504 515 1729 554 ‘Haerete'
1767 516 1916 566 inquit,

321 568 563 614 ‘vete1·ibus‚
597 569 729 618 fugite
763 583 882 616 noua,
913 569 1130 609 adhaerete
1161 570 1291 608 veteri
1326 570 1603 620 Euangelio';
1646 570 1748 609 satis
1780 572 1919 620 aperte

319 621 524 660 denotans
561 622 728 661 Nouum
766 624 1103 663 Testamentum:
1148 624 1264 674 quasi
1296 637 1392 662 vero
1431 637 1504 674 ego
1541 624 1724 663 dederim
1762 637 1920 662 nouum

318 676 610 726 Euangelium,
633 691 678 715 ac
699 691 781 716 non
803 680 941 728 potius
961 681 1079 717 vetus
1099 680 1140 717 et
1161 679 1431 717 instaurarim
1451 682 1491 717 et
1513 678 1772 717 illustrarim.
1815 678 1922 726 Quid

319 731 499 769 multis?
554 732 671 770 Adeo
705 733 769 771 vir
801 733 988 783 egregius
1019 735 1060 770 et
1094 732 1307 782 religionis
1340 733 1532 771 columen
1565 733 1781 771 incanduit
1813 733 1924 770 inter

259 791 298 831 85
320 785 420 823 haec
439 788 486 823 vt
505 788 593 824 toto
612 787 731 825 vultu
755 788 938 825 furorem
964 787 1097 826 animi
1123 787 1188 825 sui
1213 789 1449 825 testaretur.
1510 787 1594 825 Nec
1624 791 1711 825 erat
1740 788 1924 825 facturus

320 839 555 878 insaniendi
574 841 713 889 finem,
733 841 815 879 nisi
834 842 1005 880 vidisset
1025 842 1178 890 passim
1199 842 1301 880 alios
1322 841 1513 889 ridentes,
1534 841 1638 879 alios
1657 841 1922 891 indignantes

319 896 360 931 et
379 894 664 943 obsibilantes,
683 896 785 934 alios
807 896 915 934 inter
934 909 976 933 se
995 896 1277 934 mussitantes.

373 950 443 986 An
465 962 548 987 non
569 950 668 987 haec
691 952 779 988 erat
804 950 914 988 bella
939 950 1088 997 fabula,
1112 950 1237 998 digna
1262 962 1385 999 quam
1416 949 1513 988 talis
1542 949 1693 988 histrio
1722 963 1816 987 cum
1847 963 1922 988 suo

218 1041 221 1043 ,
319 1002 493 1040 candido
526 1003 654 1053 pallio
688 1004 732 1042 in
764 1004 854 1042 loco
883 1017 996 1042 sacro
1025 1004 1132 1053 apud
1162 1004 1274 1042 viros
1302 1004 1488 1042 eruditos
1517 1005 1686 1054 ageret?
1743 1004 1827 1042 Nec
1856 1004 1924 1042 his

257 1071 298 1103 90
318 1060 549 1104 contentus,
569 1058 635 1096 die
655 1058 874 1096 Dominico
892 1059 1082 1108 proximo
1103 1058 1246 1096 eadem
1266 1058 1393 1096 ferme
1413 1061 1620 1108 repetens,
1634 1071 1702 1096 me
1717 1058 1925 1097 Antuuer·

319 1111 429 1160 piam
468 1113 662 1161 profecto,
703 1113 862 1151 bellum
900 1113 1048 1151 adiecit
1085 1113 1292 1162 elogium:
1338 1112 1418 1151 ‘Et
1455 1111 1519 1150 illi
1558 1112 1744 1162 quoque'
1776 1112 1923 1163 inquit,

323 1166 514 1204 ‘venient
543 1166 762 1216 aliquando
791 1168 839 1205 ad
870 1168 1024 1216 palum,
1046 1167 1130 1206 nisi
1161 1166 1396 1205 destiterint
1409 1167 1429 1204 ⁹.
1488 1167 1649 1205 Omitto
1680 1180 1791 1205 nunc
1821 1179 1925 1216 quae

319 1219 542 1258 blaterauit
562 1222 605 1259 in
622 1221 878 1272 theologicis.
893 1221 1115 1260 ordinariis
1135 1235 1180 1259 ac
1199 1221 1378 1270 publicis
1398 1221 1648 1259 lectionibus
1667 1221 1713 1259 in
1732 1235 1800 1260 me
1818 1224 1859 1259 et
1879 1221 1924 1259 in

320 1274 523 1313 Fabrum:
556 1276 709 1313 diceres
732 1289 818 1314 non
845 1276 1088 1325 theologum
1114 1276 1226 1326 loqui
1255 1276 1304 1313 de
1331 1276 1535 1322 cathedra,
1561 1276 1631 1314 sed
1661 1276 1711 1313 de
1739 1276 1924 1326 plaustro

258 1342 298 1374 95
319 1329 609 1367 temulentum.
673 1330 786 1368 Haec
806 1330 921 1368 videt
939 1333 1011 1368 tua
1030 1329 1253 1380 prudentia
1272 1343 1395 1379 quam
1416 1330 1501 1368 sint
1522 1330 1774 1379 impotenter
1800 1330 1920 1376 dicta,

318 1383 483 1421 etiamsi
511 1384 709 1422 fauissem
739 1384 948 1431 Luthero3
978 1398 1073 1423 cum
1100 1384 1164 1422 illi
1190 1386 1402 1434 vtcunque
1431 1384 1611 1422 liberum
1641 1386 1746 1422 esset
1774 1384 1920 1431 fauere,

318 1438 505 1476 nondum
538 1438 718 1477 iudicata
749 1452 879 1477 causa.
939 1439 1060 1477 Nunc
1092 1452 1216 1476 nemo
1250 1452 1317 1476 me
1349 1438 1513 1477 audiuit
1540 1439 1608 1477 vel
1636 1438 1745 1477 inter
1776 1438 1922 1488 pocula

316 1494 505 1530 tuentem
535 1493 667 1530 vllum
697 1492 873 1531 Lutheri
902 1494 1060 1543 dogma,
1093 1506 1189 1531 cum
1218 1506 1303 1530 non
1337 1493 1527 1531 deessent
1562 1493 1704 1542 magni
1736 1492 1920 1542 theologi

318 1546 388 1594 qui
409 1559 492 1584 non
512 1550 752 1585 vererentur
771 1547 973 1585 affirmare
993 1547 1102 1585 nihil
1122 1560 1209 1585 esse
1229 1547 1273 1585 in
1295 1547 1479 1586 Luthero
1504 1547 1602 1597 quin
1629 1561 1702 1596 per
1726 1547 1921 1598 probatos

239 1615 298 1636 100
316 1603 477 1638 autores
496 1603 635 1649 posset
654 1601 832 1640 defendi.

370 1654 449 1692 Sed
469 1655 561 1693 istis
581 1656 708 1693 bilem
729 1657 901 1694 mouent
921 1656 1024 1694 duae
1044 1655 1252 1705 epistolae,
1276 1668 1451 1704 quarum
1471 1656 1643 1701 alteram
1668 1654 1748 1705 ipsi
1773 1655 1919 1705 scripsi

316 1708 510 1757 Luthero,
535 1710 709 1748 alteram
733 1710 779 1748 R.
805 1709 921 1748 Card.
949 1709 1207 1759 Moguntino.
1269 1709 1348 1748 Sed
1376 1710 1557 1757 obsecro,
1577 1709 1690 1759 prior
1717 1709 1791 1747 illa
1817 1709 1917 1759 quid

316 1763 438 1801 habet
467 1763 549 1802 nisi
579 1764 745 1802 ciuilem
777 1765 1140 1802 admonitionem?
1182 1764 1248 1802 cui
1277 1763 1312 1802 si
1341 1764 1507 1801 vir‘ille
1536 1764 1748 1813 paruisset,
1776 1777 1840 1801 res
1867 1764 1916 1802 ad

316 1818 428 1855 hunc
461 1819 693 1856 tumultum
722 1832 935 1868 progressa
964 1832 1048 1856 non
1079 1818 1237 1857 fuisset.
1297 1819 1356 1855 At
1390 1818 1434 1855 in
1469 1831 1515 1856 ea
1544 1818 1676 1856 Scribo
1707 1818 1813 1867 quod
1849 1817 1917 1856 hic

237 1886 295 1918 105
316 1872 485 1910 haberet
523 1873 757 1923 complures
795 1874 986 1911 fautores.
1053 1872 1109 1910 Et
1146 1885 1243 1910 sane
1280 1872 1458 1910 habebat
1495 1872 1707 1922 plurimos,
1750 1872 1820 1910 sed
1860 1872 1918 1910 ita

316 1926 504 1964 fauentes
523 1929 572 1965 vt
597 1940 671 1976 ego
697 1927 761 1965 illi
786 1928 1000 1965 fauebam:
1030 1939 1114 1964 non
1142 1927 1249 1976 quod
1281 1926 1503 1975 probarent
1532 1927 1683 1974 onmia,
1707 1927 1777 1964 sed
1807 1927 1916 1976 quod

315 1980 510 2030 plurima,
534 1983 810 2031 cuperentque
836 1995 940 2032 pura
967 1994 1219 2031 synceraque
1247 1993 1335 2018 esse
1364 1980 1516 2018 omnia.
1574 1981 1624 2019 Id
1655 1981 1801 2030 scripsi
1832 1993 1917 2019 non

319 2048 398 2084 quo
430 2035 554 2073 illum
588 2037 816 2074 animarem
851 2036 901 2074 ad
935 2035 1126 2074 seditiose
1163 2035 1438 2082 scribendum,
1472 2048 1496 2073 a
1529 2048 1609 2084 qua
1643 2049 1684 2073 re
1717 2035 1839 2073 illum
1873 2035 1918 2073 in

316 2089 459 2127 eadem
483 2090 658 2138 epistola
683 2090 873 2138 deterrui,
897 2091 965 2128 sed
989 2092 1036 2128 vt
1062 2092 1282 2128 conaretur
1310 2089 1459 2126 horum
1488 2090 1642 2127 iudicio
1671 2090 1914 2136 satisfacere,

235 2157 297 2180 110
315 2144 457 2181 vitatis
485 2144 552 2181 his
580 2144 630 2182 de
660 2145 811 2193 quibus
839 2144 1121 2182 admonebam.
1182 2143 1299 2191 Quod
1330 2143 1365 2180 si
1393 2143 1566 2189 fecisset,
1599 2147 1639 2181 et
1669 2143 1918 2182 Pontificem

316 2198 554 2236 Romanum
574 2198 785 2238 habuisset
805 2200 1020 2237 fautorem.
1082 2198 1134 2235 In
1155 2197 1379 2246 posteriore
1399 2198 1573 2247 epistola
1593 2198 1692 2247 quid
1712 2198 1823 2236 aliud
1843 2211 1918 2247 ago

318 2265 443 2301 quam
478 2255 523 2290 vt
556 2253 782 2291 moderatis
817 2253 1045 2291 rationibus
1076 2265 1170 2289 cum
1199 2252 1383 2289 Luthero
1413 2255 1602 2300 ageretur
1630 2253 1767 2301 potius
1797 2265 1918 2302 quam

317 2307 488 2345 saeuitia
507 2320 553 2344 ac
572 2307 779 2355 violentia,
799 2320 933 2357 neque
952 2307 1168 2344 dederetur
1188 2305 1466 2343 Iacobitarum
1488 2306 1667 2354 libidini,
1687 2306 1757 2344 sed
1779 2307 1920 2356 aequis

361 2434 413 2463 92.
438 2426 507 2454 nisi
524 2428 570 2455 F:
598 2426 635 2455 ni
652 2428 696 2456 H.
809 2436 879 2456 102.
906 2426 945 2457 R.
965 2436 1023 2457 om.
1042 2428 1083 2457 H.
1186 2450 1193 2458 ,
1213 2425 1274 2455 sed
1292 2428 1340 2456 F:
1355 2426 1506 2456 .Verum
1523 2428 1566 2457 H.
1702 2428 1771 2457 106.
1797 2425 1918 2455 omnia

318 2470 364 2498 F:
390 2469 559 2498 vniuersa
574 2471 614 2500 H.
755 2479 826 2509 113.
854 2469 1092 2500 Iacobitarum
1110 2471 1152 2500 F:
1179 2469 1498 2499 Dominioanorum
1515 2472 1558 2501 H.

362 2627 413 2666 89.
439 2627 592 2658 candido
603 2627 730 2667 pallio]
750 2628 798 2658 Cf.
815 2628 876 2668 Ep.
896 2639 987 2667 1144.
1003 2629 1082 2660 2811.
1154 2628 1263 2658 house
1280 2637 1352 2657 was
1369 2627 1405 2657 in
1425 2627 1486 2658 the
1500 2628 1574 2658 Rue
1592 2628 1640 2659 St.
1662 2628 1824 2668 Jacques,
1844 2627 1916 2657 and

364 2680 416 2709 90.
444 2670 501 2700 die
519 2671 722 2711 Dominico]
745 2681 783 2709 14
801 2672 877 2703 Oct.
900 2681 996 2710 1520.
1152 2671 1243 2701 close.
1261 2673 1297 2701 to
1310 2671 1371 2701 the
1382 2671 1517 2701 church
1529 2673 1567 2702 of
1580 2672 1659 2702 that
1674 2671 1782 2709 saint,
1794 2670 1916 2701 which

406 2713 687 2754 Antunelpiam]
711 2714 758 2745 Of
786 2715 871 2754 this,
902 2725 940 2746 as
963 2717 1001 2746 os
1027 2716 1084 2746 his
1152 2714 1223 2744 had
1254 2715 1341 2743 been
1373 2715 1477 2753 given
1511 2718 1547 2745 to
1579 2715 1688 2745 them.
1748 2714 1918 2745 Erasmus

321 2760 441 2787 recent
460 2757 543 2788 visit
562 2762 597 2788 to
614 2758 788 2797 Antwerp
807 2763 877 2798 (see
902 2769 934 2798 p.
953 2759 1045 2798 324),
1066 2760 1083 2790 I
1153 2767 1234 2788 uses
1258 2759 1287 2788 it
1312 2758 1519 2798 frequently
1536 2761 1571 2789 at
1595 2758 1670 2789 this
1692 2759 1802 2789 time:
1826 2758 1915 2797 Epp.

322 2801 397 2831 find
415 2810 461 2831 no
478 2801 582 2831 other
599 2803 705 2832 truce.
1156 2811 1246 2840 1155.
1269 2811 1317 2840 15,
1341 2811 1432 2839 1172.
1460 2812 1490 2841 3,
1520 2811 1610 2841 1173.
1634 2812 1704 2841 101,
1729 2803 1821 2840 1196.
1841 2810 1914 2839 511.

364 2854 417 2884 99.
443 2845 605 2884 probatos
635 2844 793 2885 autores]
818 2845 869 2875 Cf.
897 2845 961 2885 Ep.
991 2855 1083 2885 1033.
1154 2845 1199 2874 In
1223 2845 1285 2875 the
1310 2845 1449 2875 French
1474 2845 1689 2876 Revolution
1713 2855 1779 2876 one
1796 2845 1833 2875 of
1853 2844 1916 2875 the

323 2888 420 2925 82-4.
1153 2890 1311 2919 extreme
1337 2889 1470 2927 parties
1491 2890 1658 2928 aequit-ed
1680 2889 1742 2919 the
1761 2897 1865 2918 name
1882 2887 1921 2918 of

361 2941 433 2961 101.
462 2930 652 2970 epistolae]
672 2931 758 2971 Epp.
776 2933 852 2971 980,
876 2941 967 2971 1033.
1152 2932 1303 2962 Jacobin
1319 2931 1412 2962 from
1430 2932 1535 2971 using
1552 2933 1613 2963 the
1626 2932 1684 2962 old
1703 2932 1916 2962 Dominican

363 2984 432 3012 113.
452 2974 708 3014 Iacobitarum]
722 2975 795 3005 The
807 2976 967 3006 l'arisian
979 2985 1084 3006 name
1153 2976 1307 3005 convent
1337 2985 1374 3005 as
1403 2975 1500 3005 their
1531 2976 1826 3015 head-quartem:
1859 2984 1916 3004 see

322 3019 375 3048 sor
415 3018 475 3048 the
516 3018 759 3057 Domhiieans,
801 3019 949 3049 because
989 3019 1085 3049 their
1154 3019 1279 3057 Littro,
1300 3018 1394 3048 cited
1413 3020 1449 3049 in
1467 3019 1568 3050 OED.
