1990 3353
310 132 364 169 48
782 134 1032 175 LETTERS
1071 137 1142 176 OF
1180 136 1443 176 ERASMUS

1781 135 1909 191 [1519

313 242 445 292 fugiat
483 244 581 292 quid
620 244 697 282 hac
735 245 783 282 de
822 258 864 283 re
903 245 969 282 vel
1008 244 1217 283 senserint
1261 244 1362 283 olim
1401 244 1586 283 doctores
1624 243 1692 281 vel
1730 243 1912 282 Ecclesia

314 297 552 336 decreuerit.
613 298 692 336 Sed
723 299 813 336 fieri
842 301 977 348 potest
1006 300 1052 336 vt
1080 312 1164 336 non
1194 299 1334 336 omnia
1363 299 1491 337 semel
1519 298 1727 348 aperuerit
1753 298 1912 336 Christi

313 351 485 400 spiritus
505 351 719 390 Ecclesiae.
780 353 834 390 Et
854 356 898 391 vt
919 352 1101 391 Ecclesia
1121 366 1205 390 non
1224 355 1359 402 potest
1376 353 1541 391 irritare
1562 353 1721 390 decreta
1741 352 1909 400 Christi,

314 405 372 443 ita
409 408 544 454 potest
583 407 632 444 ad
672 407 893 445 hominum
932 407 1109 445 salutem
1146 407 1408 456 interpretari
1446 407 1674 446 commode.
1711 407 1911 455 quaedam

235 470 294 502 195
314 459 483 497 interim
503 459 704 506 relaxans,
731 462 932 510 quaedam
953 462 1185 510 astringens
1204 474 1279 510 pro
1299 474 1438 498 rerum
1458 475 1504 499 ac
1523 463 1760 510 temporum
1787 462 1908 498 statu.

316 514 495 562 Optabat
533 515 726 553 Christus
764 529 906 553 omnes
944 529 1040 553 suos
1079 529 1165 553 esse
1203 516 1415 564 perfectos,
1456 515 1567 553 inter
1604 528 1706 564 quos
1744 515 1911 552 nullum

314 567 515 605 incideret
541 568 791 607 diuortium:
822 570 1001 608 tentauit
1026 569 1209 607 Ecclesia
1233 569 1438 619 dogmatis
1464 569 1706 618 Euangelici
1725 570 1911 617 vigorem

314 621 366 659 ab
405 622 600 660 omnibus
636 623 872 673 impetrare.
933 624 1012 671 Qui
1050 624 1129 662 scis
1167 637 1219 661 an
1258 624 1419 671 eadem,
1449 623 1713 661 infirmorum
1751 636 1913 672 quoque

315 676 441 713 saluti
461 676 673 714 consulere
693 678 877 726 studens,
899 679 1018 727 putet
1038 678 1136 716 hinc
1156 678 1311 728 aliquid
1333 691 1420 715 esse
1440 678 1742 715 remittendum
1755 679 1775 715 ⁶?
1817 677 1912 715 Non

236 748 297 769 200
315 730 555 779 antiquatur
574 730 860 781 Euangelium,
884 733 956 771 sed
976 733 1027 770 ab
1047 733 1097 770 iis
1111 732 1263 782 quibus
1283 733 1371 770 eius
1391 732 1545 770 credita
1565 734 1626 770 est
1646 731 1909 780 dispensatiO,

314 784 365 822 ad
386 784 563 822 salutem
585 786 774 824 omnium
794 787 1136 825 accommodatur.
1198 787 1417 824 Postremo
1437 799 1521 824 non
1543 786 1785 835 antiquatur
1803 785 1912 835 quod

316 838 467 876 rectius
486 839 750 888 intelligitur.
802 842 959 879 Verum
982 842 1050 878 hic
1070 855 1154 879 non
1175 842 1237 878 est
1257 841 1423 878 animus
1443 840 1733 889 disputationis
1752 839 1914 888 ingredi

317 892 618 941 labirynthum,
633 895 872 942 praesertim
894 909 990 933 cum
1006 895 1050 932 111
1067 896 1291 944 posteriore
1310 895 1516 932 aeditione
1532 895 1616 932 fere
1637 894 1912 932 contraxerim

318 947 512 996 quicquid
545 948 594 985 ad
631 948 737 986 hanc
766 963 930 988 causam
961 951 1152 999 pertinet,
1184 949 1376 987 videlicet
1413 950 1618 986 annotans
1647 948 1690 985 111
1720 947 1914 997 epistolae

238 1014 296 1046 205
316 1000 466 1051 prioris
487 1002 536 1039 ad
559 1001 799 1041 Corinthios
819 1006 940 1053 caput
960 1004 1198 1053 septimum.

371 1055 511 1104 Atque
551 1056 617 1094 hic
653 1057 791 1105 etiam,
833 1059 899 1096 vir
937 1059 1102 1108 optime,
1146 1071 1265 1107 cogor
1302 1058 1546 1106 desyderare
1586 1055 1914 1094 moderationem

318 1111 443 1153 tuam,
468 1110 537 1159 qui
558 1112 718 1160 putaris
742 1112 854 1150 hunc
880 1113 1016 1150 locum
1043 1113 1347 1160 exagitandum,
1372 1125 1466 1149 cum
1493 1124 1579 1148 non
1608 1111 1821 1160 ignorares
1847 1123 1915 1148 me

318 1177 471 1201 nouam
516 1165 767 1204 aeditionem
805 1167 1047 1205 adornasse:
1089 1180 1214 1215 quam
1248 1167 1292 1204 in
1327 1165 1462 1215 priore
1495 1166 1656 1203 fueram
1689 1164 1911 1213 pollicitus.

320 1218 462 1267 Neque
489 1219 603 1256 enim
633 1220 859 1259 verisimile
887 1224 948 1259 est
977 1224 1018 1259 te
1046 1221 1216 1259 latuisse
1247 1221 1353 1270 quod
1388 1233 1509 1257 nemo
1539 1219 1756 1264 nesciebat,
1787 1218 1915 1256 etiam

239 1288 299 1310 210
318 1274 454 1310 multo
483 1275 705 1323 antequam
734 1275 920 1323 proxime
949 1276 1173 1325 reciperem
1203 1289 1270 1313 me
1304 1274 1524 1320 Basileam,
1556 1274 1757 1311 nimirum
1791 1271 1918 1310 huius

319 1327 379 1364 rei
408 1328 550 1375 gratia.
611 1328 794 1367 Proinde
813 1329 1020 1368 videberis
1049 1332 1121 1368 aut
1150 1329 1421 1367 anteuertisse
1451 1328 1646 1378 carpendi
1672 1327 1821 1373 studio,
1843 1328 1917 1365 aut

320 1381 501 1419 noluisse
522 1382 655 1430 perire
674 1384 782 1432 quod
804 1385 887 1422 iam
909 1385 1220 1433 conscripseras.
1272 1383 1392 1433 Ergo,
1416 1385 1462 1420 vt
1482 1382 1581 1426 dixi,
1601 1395 1686 1420 non
1706 1381 1918 1431 ingredior

320 1435 388 1473 hic
409 1448 602 1484 campum
622 1438 1177 1487 argumentationis—neque
1197 1438 1311 1476 enim
1340 1437 1381 1475 id
1408 1436 1565 1486 patitur
1595 1436 1792 1485 epistola3
1829 1438 1918 1472 tan·

321 1490 412 1528 tum
433 1490 650 1539 expostulo
671 1493 780 1540 quod
802 1493 987 1542 iniquius
1007 1506 1082 1530 nos
1108 1492 1308 1542 attigeris.
1372 1492 1478 1529 Nam
1499 1492 1606 1541 quod
1635 1504 1709 1540 ego
1736 1490 1786 1527 de
1812 1502 1918 1527 com-

240 1555 300 1588 215
320 1544 443 1582 moda
462 1544 805 1594 interpretatione
826 1546 1102 1590 meminerim,
1126 1547 1220 1585 vide
1240 1559 1363 1596 quam
1384 1547 1429 1583 tu
1453 1559 1538 1583 non
1558 1544 1773 1583 commode
1792 1543 1918 1582 inter-

320 1599 507 1647 preteris,
528 1599 645 1648 quasi
677 1600 906 1639 calumnier
933 1601 1156 1639 Ecclesiam
1179 1601 1334 1639 Christi
1363 1601 1521 1638 decreta
1544 1599 1759 1648 antiquare
1780 1612 1788 1636 :
1822 1610 1919 1636 cum

321 1665 396 1701 ego
434 1653 634 1692 senserim
674 1667 758 1701 nos,
799 1655 840 1692 id
887 1659 948 1693 est
994 1670 1060 1694 me
1106 1656 1270 1705 meique
1313 1655 1483 1700 similes,
1522 1654 1637 1698 abuti
1676 1654 1918 1702 dogmatum

322 1682 667 1768 Eouangelicorum
698 1685 1051 1758 interpietatione,
1073 1712 1193 1759 atque
1223 1710 1281 1747 ita
1310 1709 1398 1746 fieri
1425 1711 1471 1747 vt
1500 1708 1619 1757 vigor
1645 1707 1921 1773 Euangelicae

322 1761 532 1799 doctrinae
552 1762 596 1800 in
618 1764 772 1801 nostris
791 1765 976 1802 moribus
997 1765 1234 1803 obsolescat.

378 1815 579 1863 Christus
612 1819 658 1855 vt
690 1819 871 1867 exempli
905 1819 1037 1867 gratia
1067 1820 1219 1868 loquar
1255 1819 1356 1856 adeo
1386 1816 1522 1855 voluit
1556 1829 1652 1854 suos
1690 1814 1830 1853 abesse
1867 1814 1919 1853 ab

322 1869 548 1908 homicidio
583 1874 628 1909 vt
661 1871 922 1910 interdixerit
961 1887 1084 1911 omne
1118 1873 1368 1920 conuicium,
1400 1884 1474 1909 neo
1512 1870 1634 1908 irasci
1671 1869 1916 1919 permiserit.

323 1924 409 1962 Nos
429 1924 752 1973 interpretamur
776 1927 918 1965 ‘irasci
938 1929 1093 1965 temere
1106 1928 1125 1966 ³.
1173 1927 1262 1964 Hac
1285 1925 1626 1975 interpretatione
1645 1924 1777 1962 fretus
1801 1936 1919 1972 saepe

323 1978 393 2027 qui
414 1978 606 2017 irascitur
624 1981 683 2017 ita
703 1980 783 2018 sibi
804 1981 1041 2021 blanditur:
1076 1982 1193 2019 ‘Non
1209 1984 1365 2019 temere
1381 1983 1443 2018 est
1457 1980 1565 2028 quod
1582 1978 1646 2016 illi
1666 1978 1914 2016 succenseo'.

323 2032 434 2070 Item
465 2033 657 2072 Christus
686 2035 786 2072 adeo
810 2036 943 2074 voluit
973 2049 1068 2074 suos
1096 2037 1238 2074 abesse
1267 2049 1290 2073 a
1318 2035 1499 2084 periurio
1524 2036 1570 2071 vt
1600 2045 1767 2082 prorsus
1795 2032 1921 2069 inter-

324 2086 475 2124 dixerit
504 2087 804 2127 iusiurandum.
866 2090 914 2127 Id
945 2090 1001 2128 sic
1031 2091 1359 2139 interpretamur,
1383 2102 1466 2126 non
1498 2087 1722 2125 iurandum
1752 2089 1918 2124 temere.

324 2141 415 2179 Hoc
437 2141 806 2190 interpretamento
830 2145 908 2181 sibi
934 2144 1211 2182 blandiuntur
1232 2145 1301 2194 qui
1328 2143 1483 2192 passim
1503 2141 1734 2191 quamlibet
1759 2140 1842 2178 leui
1871 2140 1922 2177 de

325 2208 445 2233 causa
464 2196 616 2234 iurant.
668 2198 734 2234 Ad
756 2199 937 2236 eundem
959 2200 1128 2237 modum
1151 2199 1252 2236 adeo
1271 2198 1407 2237 voluit
1427 2209 1523 2235 suos
1549 2196 1688 2234 abesse
1708 2208 1731 2232 a
1751 2194 1920 2232 Iudaeo-

324 2262 419 2286 rum
454 2249 644 2298 diuortio,
676 2252 747 2300 qui
782 2253 1011 2301 quamlibet
1041 2253 1189 2291 friuola
1222 2253 1272 2291 de
1306 2265 1427 2290 causa
1461 2250 1734 2300 repudiabant
1760 2261 1916 2294 vxores‚

323 2305 369 2340 vt
400 2303 624 2342 diuortium
661 2306 706 2342 in
739 2308 875 2344 totum
911 2307 1183 2345 interdixerit.
1244 2307 1352 2354 Quid
1387 2305 1454 2343 hic
1486 2304 1615 2354 possit
1656 2302 1922 2352 interpretari

324 2356 508 2395 Ecclesia
528 2372 612 2395 non
642 2361 893 2408 pronuncio:
923 2362 1079 2399 vellem
1104 2374 1234 2410 posse⁷
1257 2374 1338 2410 quo
1366 2359 1491 2397 saluti
1520 2358 1750 2396 multorum
1780 2369 1922 2394 consu-

243 1830 304 1852 220

243 2098 302 2127 225

243 2367 304 2397 230

919 2450 989 2479 215.
1017 2442 1252 2472 memineram
1269 2443 1313 2473 H.

372 2536 441 2566 194.
470 2529 669 2568 commode]
694 2530 744 2562 Cf.
765 2530 905 2570 l.214n.

370 2580 443 2609 203.
472 2573 727 2614 contraxerim]
757 2574 802 2604 In
819 2585 837 2604 a
856 2576 1007 2615 lengthy
1024 2577 1094 2607 dis-

326 2615 802 2652 5011311011,Αἠποί,’ῐηΝ.Τ.
822 2628 915 2658 1519
933 2630 989 2659 pp.
1007 2630 1094 2659 325-

371 2700 445 2731 208.
473 2700 611 2732 fueiam
629 2704 827 2745 pollicitus]
850 2710 914 2736 See
932 2706 995 2745 Ep.
1016 2708 1091 2746 809.

327 2745 407 2775 6011.
470 2745 544 2775 'ihe
572 2748 769 2778 statement
801 2749 832 2778 is
857 2751 1021 2789 repeated
1055 2752 1094 2781 in

329 2788 390 2817 th«
408 2788 495 2824 Apol.
511 2799 572 2826 qna
584 2794 743 2826 ‘respondet
754 2792 843 2822 with
857 2793 918 2823 the
929 2794 1093 2824 addition

328 2831 366 2861 of
391 2834 499 2868 palam
529 2832 583 2871 (ΐο.
602 2833 650 2863 Λε
664 2834 839 2865 :·J01tin
831 2836 868 2866 11.
889 2837 978 2877 497).
1029 2837 1094 2868 See

328 2875 403 2905 also
422 2875 508 2914 Epp.
533 2886 626 2914 1053.
646 2887 720 2926 292,
744 2888 835 2917 1074.
855 2890 907 2918 97.

373 2928 447 2957 209.
475 2929 579 2949 mmo
608 2921 805 2962 nescieabit]
835 2922 885 2953 Cf
918 2924 980 2963 ΕΡ.
1011 2934 1093 2963 1225

329 2961 409 2992 init.
452 2963 523 2992 and
556 2966 1095 3000 A710Z.A³

681 2975 742 3001 qua
773 2969 938 3006 respondet
974 2967 1014 2998 f0.

331 3005 491 3046 (Jortin'
484 3006 519 3036 1i.
540 3007 631 3047 497)

1201 2543 1273 2569 214.
1301 2531 1501 2571 commoda]
1526 2531 1589 2561 See
1606 2530 1669 2560 the
1685 2533 1803 2560 Annot.
1823 2530 1919 2568 1516,

1157 2586 1202 2607 on
1228 2577 1329 2607 Matr.
1359 2586 1406 2615 19.
1432 2576 1452 2605 8
1477 2575 1533 2615 (cf.
1556 2574 1575 2605 1.
1601 2573 1703 2612 15611)
1723 2584 1731 2603 z
1755 2574 1762 2588 ‘
1778 2573 1830 2603 Ex
1856 2574 1922 2603 hoc

1157 2621 1383 2659 potissimum
1423 2619 1500 2649 loco
1539 2618 1595 2647 lex
1643 2617 1789 2647 inducta
1827 2616 1921 2656 apud

1157 2664 1379 2694 Christianos
1392 2672 1435 2692 ne
1446 2662 1668 2692 dirimantur
1678 2660 1919 2690 matrimonia.

1157 2708 1245 2737 Cum
1270 2709 1406 2737 caetera
1430 2705 1564 2735 Christi
1590 2704 1756 2742 dogmata
1780 2703 1822 2733 de
1848 2711 1921 2733 non

1157 2751 1320 2783 iurando„
1363 2750 1406 2780 de
1447 2758 1519 2779 non
1558 2746 1769 2785 resistendo,
1804 2746 1846 2776 de
1882 2747 1921 2776 in

1157 2794 1252 2824 diem
1285 2793 1451 2831 viuendo,
1493 2792 1536 2821 do
1568 2791 1738 2821 iuuandis
1768 2800 1806 2820 ac
1837 2789 1921 2820 dili-

1156 2837 1281 2874 ¹agendis
1311 2836 1480 2872 inimicis,
1511 2837 1619 2873 atque
1646 2835 1683 2864 id
1709 2842 1821 2872 genus
1844 2841 1921 2872 per-

1158 2880 1271 2910 multa
1314 2881 1369 2910 sel
1408 2880 1597 2917 antiquare
1645 2878 1826 2917 patiamur
1862 2875 1920 2906 vel

1159 2927 1308 2964 (scripsiz
1353 2926 1390 2954 xt
1438 2922 1572 2957 Annon.)
1623 2920 1920 2960 inteisspietatione

1157 2968 1340 2997 (01111110(1.1
1376 2976 1516 3006 prorsus
1553 2966 1770 3003 abiooemus,
1803 2962 1919 2994 solum

1157 3020 1322 3049 vrgemus
1339 3010 1381 3041 do
1398 3008 1658 3040 matrimonio'.
