1990 3353
162 143 280 197 1117]
603 145 672 183 TO
712 144 1027 183 GERMANUS
1066 145 1309 183 BRIXIUS
1679 145 1759 183 293

158 254 300 293 statim
335 255 518 305 oportuit
551 254 744 304 colligere
777 254 884 292 mihi
916 268 1063 293 exosos
1094 268 1183 294 esse
1216 255 1367 306 quibus
1399 269 1484 294 non
1523 256 1760 305 respondeo.
1785 270 1824 292 20

157 309 313 348 Omnes
349 310 562 348 redamare
597 321 780 359 possum,
818 309 1043 347 rescribere
1080 309 1276 348 omnibus
1314 323 1400 348 non
1437 323 1621 359 possum.
1679 309 1761 348 Vix

157 362 285 401 alium
313 364 528 413 syncerius
552 376 646 402 amo
672 375 800 413 quam
827 363 1070 411 Budaeum;
1098 367 1139 402 et
1165 367 1309 402 tamen
1334 363 1451 402 illius
1475 364 1607 402 literis
1633 363 1762 402 semel

159 419 285 467 atque
313 418 468 456 iterum
495 420 753 467 prouocatus
776 418 965 456 nondum
992 418 1198 467 respondi.
1260 418 1479 456 Caeterum
1507 431 1591 456 non
1619 418 1762 456 minus

159 472 265 510 mihi
284 472 328 511 in
348 473 456 510 votis
476 476 563 511 erat
581 472 664 510 frui
686 471 926 510 dulcissima
951 473 1251 511 consuetudine
1275 473 1446 521 Budaei,
1468 476 1552 519 tua,
1576 472 1757 520 Beraldi,

161 526 338 575 Deloini,
366 526 504 574 Rusei,
532 526 673 574 Ruilli,
700 526 897 574 Lascaris,
923 526 1045 565 Pauli
1073 526 1261 573 Aemilii,
1287 527 1497 577 Cypriani,
1531 540 1657 577 quam
1686 539 1763 565 vos
1784 535 1822 567 25

158 581 260 619 estis
279 581 418 630 cupidi
437 581 608 619 videndi
628 580 752 618 huius
771 580 1016 631 corpusculi,
1040 582 1102 619 vti
1122 581 1278 619 scribis.
1340 582 1419 620 Sed
1445 595 1495 619 ex
1522 584 1762 620 transuerso

158 638 327 684 repente
345 635 494 673 incidit
514 635 588 673 Lei
608 635 842 683 tragoedia:
873 635 940 674 cui
959 635 1019 673 rei
1038 636 1200 674 dandus
1222 637 1311 673 erat
1336 635 1422 674 fere
1448 635 1757 685 sesquimensis.

159 689 226 728 Ad
267 689 366 727 haec
401 690 560 728 reditus
593 689 730 728 Caroli
763 690 904 737 nostri,
939 690 1142 740 quaedam
1177 690 1279 728 item
1312 691 1480 740 negocia
1514 690 1761 740 Hispanica,

156 748 380 793 coegerunt
402 757 468 782 me
488 745 648 782 vertere
674 743 909 792 consilium,
933 757 1018 782 non
1044 744 1242 783 animum.
1303 745 1387 782 Nec
1413 745 1472 783 ita
1497 748 1639 783 tamen
1666 758 1761 783 sum

156 798 370 848 pollicitus
402 812 470 837 me
503 801 740 846 venturum,
778 799 880 848 quin
919 799 1161 838 huiusmodi
1199 812 1318 838 casus
1355 801 1616 848 exceperim;
1659 812 1762 849 quos
1783 808 1824 839 30

156 866 321 902 semper
335 854 496 902 oportet
511 853 634 891 tacite
653 855 848 902 exceptos
867 866 966 892 esse.
1005 853 1137 891 Porro
1153 853 1349 903 quicquid
1367 853 1642 892 humanitatis
1656 853 1761 891 mihi

157 908 432 946 decreueratis
460 908 680 957 praestare,
716 920 801 945 non
829 908 972 946 minus
999 907 1181 946 libenter
1210 909 1349 956 debeo,
1383 921 1517 958 neque
1552 907 1760 946 minorem

156 962 287 1000 habeo
306 961 483 1011 gratiam
503 975 626 1012 quam
646 963 681 1001 si
702 962 786 1000 iam
807 975 906 1001 vsus
924 975 1069 1001 essem.

211 1017 273 1054 De
311 1016 486 1054 dissidio
524 1016 633 1066 quod
671 1029 765 1055 meo
802 1030 954 1067 magno
993 1016 1132 1055 dolore
1168 1016 1248 1055 tibi
1289 1030 1385 1055 cum
1434 1017 1551 1056 Moro
1597 1016 1757 1063 incidit,

157 1071 419 1109 decreueram
452 1071 684 1109 accuratius
716 1071 767 1109 ad
802 1073 842 1109 te
875 1071 1081 1118 scribere;
1125 1085 1223 1110 nam
1258 1071 1374 1110 Moro
1406 1071 1490 1110 iam
1524 1072 1600 1110 hac
1634 1072 1685 1110 de
1717 1085 1761 1109 re
1784 1081 1822 1113 35

155 1125 401 1174 scripseram
426 1139 512 1164 non
538 1125 819 1175 indiligenter.
878 1126 1036 1164 Verum
1058 1126 1261 1164 hactenus
1284 1140 1370 1164 non
1393 1126 1526 1165 licuit.
1584 1125 1762 1164 Beraldo

156 1180 300 1230 paucis
330 1180 487 1229 scripsi,
513 1193 566 1218 ne
594 1180 754 1218 malum
783 1182 995 1230 vtcunque
1024 1183 1171 1219 natum
1201 1180 1388 1230 glisceret
1416 1181 1461 1219 in
1491 1180 1618 1231 peius.
1676 1180 1761 1218 Nec

158 1238 299 1272 tamen
334 1235 375 1272 id
411 1235 566 1273 factum
598 1236 661 1272 est
694 1234 863 1273 volente
897 1234 1037 1283 Moro3
1078 1235 1144 1273 eui
1178 1235 1371 1273 videbam
1405 1235 1638 1285 vsqueadeo
1677 1248 1761 1273 non

156 1301 244 1327 esse
273 1287 581 1327 formidabilem
614 1291 732 1328 tuam
761 1289 1045 1337 Antimorum‚
1078 1292 1137 1335 vt,
1170 1290 1524 1339 quemadmodum
1558 1289 1758 1338 scribunt,

156 1344 244 1393 ipse
267 1357 358 1381 eam
379 1343 585 1382 curauerit
610 1343 896 1382 excudendam
923 1343 1126 1392 formulis,
1149 1344 1274 1394 idque
1298 1344 1574 1382 suadentibus
1602 1343 1763 1394 aliquot
1781 1353 1824 1384 40

157 1398 328 1448 optimis
356 1397 485 1436 simul
513 1411 558 1436 ac
587 1397 928 1447 prudentissimis
957 1398 1113 1446 amicis,
1143 1399 1256 1436 inter
1283 1412 1386 1448 quos
1415 1398 1642 1437 nonnullos
1675 1411 1763 1436 esse

157 1453 243 1491 scio
276 1453 348 1501 qui
382 1452 460 1489 tibi
493 1455 589 1490 ante
624 1452 814 1490 libellum
849 1452 1034 1491 aeditum
1070 1453 1288 1493 fauebant:
1333 1466 1444 1491 nunc
1477 1453 1522 1490 in
1552 1453 1762 1491 diuersum

159 1507 324 1554 mutat-i,
349 1506 591 1544 desiderant
609 1507 655 1544 in
675 1509 715 1544 te
735 1507 980 1545 ciuilitatem
1000 1507 1198 1545 humanis
1216 1507 1351 1545 literis
1378 1507 1559 1557 dignam.
1618 1507 1762 1557 Neque

161 1561 251 1599 ideo
284 1561 399 1599 volui
442 1574 529 1598 rem
562 1561 675 1599 inter
711 1574 785 1599 vos
824 1561 1026 1610 componi,
1068 1561 1176 1611 quod
1215 1561 1498 1600 existimarem
1537 1561 1763 1611 periclitari

159 1615 265 1654 Mori
293 1616 449 1654 famam
477 1615 528 1653 ob
558 1615 802 1654 huiusmodi
830 1616 1202 1666 libellum—quem
1231 1616 1301 1654 hic
1328 1629 1433 1666 pene
1458 1616 1567 1654 nulli
1593 1616 1736 1665 legunt
1754 1629 1763 1662 ;
1781 1627 1827 1658 45

156 1671 267 1708 certe
299 1670 510 1708 neminem
544 1670 680 1708 adhuc
713 1670 858 1708 audiui
891 1670 964 1720 qui
995 1669 1253 1719 laudaret—,
1288 1672 1362 1709 aut
1395 1671 1503 1721 quod
1534 1670 1763 1709 diffiderem

161 1723 264 1763 Mori
283 1724 452 1771 viribus,
471 1724 507 1762 si
526 1725 781 1763 veniendum
801 1727 908 1763 esset
926 1725 972 1762 in
992 1726 1202 1764 certamen
1217 1739 1225 1770 ;
1256 1725 1328 1763 sed
1348 1726 1456 1775 quod
1478 1725 1762 1763 existimarem

159 1779 237 1818 hoc
274 1779 324 1817 ad
363 1778 578 1829 publicam
615 1779 849 1817 studiorum
887 1779 1135 1829 dignitatem
1173 1780 1326 1829 pariter
1368 1782 1491 1830 atque
1534 1779 1762 1818 vtilitatem

158 1833 377 1883 pertinere,
408 1833 444 1871 si
473 1833 679 1872 bonarum
707 1834 924 1872 literarum
953 1836 1118 1883 mystae
1145 1834 1255 1872 inter
1284 1847 1328 1872 se
1361 1834 1654 1881 consentirent,
1687 1847 1762 1872 nec

159 1888 351 1926 abessent
370 1901 393 1926 a
413 1887 544 1926 Musis
562 1888 740 1936 Gratiae,
764 1888 1007 1938 praesertim
1028 1901 1125 1926 cum
1151 1890 1239 1927 tam
1269 1889 1423 1927 acerbis
1449 1888 1555 1926 odiis
1580 1888 1763 1939 vndique
1783 1901 1824 1932 50

160 1942 418 1993 conspiretur
442 1943 643 1981 aduersus
668 1943 859 1981 ordinem
886 1946 1089 1981 nostrum.
1153 1942 1252 1981 Ocio
1278 1943 1385 1981 Mori
1411 1943 1624 1981 consulere
1650 1942 1764 1981 volui

161 1997 294 2047 magis
327 2010 453 2046 quam
486 1997 630 2045 famae,
667 1997 875 2047 siquidem
909 1997 1041 2035 maior
1074 2000 1136 2036 est
1168 1997 1242 2035 ille
1280 1997 1470 2036 omnium
1505 1997 1762 2035 eruditorum

159 2051 329 2090 calculis
358 2064 484 2101 quam
512 2054 560 2090 vt
587 2052 792 2090 eiusmodi
826 2051 1176 2090 cauillatiunculis
1209 2052 1338 2101 possit
1372 2051 1592 2090 obscurari.
1653 2052 1764 2089 Tuae

160 2119 257 2145 vero
272 2107 405 2144 famae
425 2119 522 2144 cum
536 2106 686 2155 primis
705 2106 943 2145 consultum
957 2106 1148 2145 volebam
1166 2121 1175 2154 ;
1206 2107 1273 2144 cui
1287 2107 1406 2144 faueo
1421 2119 1507 2144 non
1523 2105 1760 2155 vulgariter,

159 2173 366 2211 quamque
399 2160 533 2199 indies
566 2161 611 2198 in
644 2162 780 2199 maius
813 2174 858 2199 ac
892 2160 1043 2199 melius
1076 2174 1293 2210 augescere
1321 2160 1550 2210 cupiebam.
1612 2159 1763 2198 Existi·
1783 2172 1822 2205 55

160 2215 326 2254 mabam
355 2215 433 2253 hoc
462 2217 504 2254 et
531 2216 582 2253 ad
613 2215 771 2253 Galliae
801 2228 963 2265 quoque
993 2215 1160 2253 laudem
1190 2215 1419 2263 pertinere:
1457 2227 1507 2252 ex
1541 2227 1622 2265 qua
1656 2214 1763 2253 nihil

161 2269 296 2307 adhuc
329 2269 482 2318 prodiit
511 2271 620 2319 quod
655 2270 847 2307 omnium
882 2270 1035 2308 iudicio
1070 2272 1237 2307 tantum
1271 2269 1419 2308 habeat
1453 2268 1760 2317 amarulentiae,

157 2326 363 2373 quantum
383 2326 480 2361 tuus
503 2324 546 2361 in
566 2324 731 2362 Morum
750 2323 929 2362 libellus

717 2414 769 2444 25.
795 2405 913 2437 Ruelli
929 2409 982 2437 H:
1010 2406 1141 2437 Ruellii
1158 2408 1198 2437 N.

203 2525 254 2546 21.
281 2515 412 2545 Omnes
441 2514 640 2556 redamare]
667 2515 716 2546 Cf.
743 2516 830 2556 Epp.
859 2516 931 2554 786.
1074 2515 1348 2556 sesquimensis]
1384 2517 1447 2547 See
1463 2526 1496 2555 p.
1522 2526 1592 2546 110.

158 2560 234 2597 8-9,
252 2559 326 2597 873.
349 2568 420 2590 1›-2.
1030 2560 1082 2590 28.
1110 2559 1248 2589 reditus
1266 2559 1397 2600 Caroli]
1415 2561 1479 2591 See
1496 2560 1561 2599 Ep.
1583 2569 1678 2599 1079.
1699 2569 1758 2599 9n.

202 2612 253 2641 23.
281 2601 444 2632 nondum
475 2602 658 2644 respondi]
684 2603 738 2633 No
763 2603 866 2643 reply
897 2607 932 2634 to
1074 2603 1218 2643 negocia
1260 2603 1472 2644 Hispanica]
1520 2603 1676 2643 Perhaps
1714 2612 1759 2633 an

161 2646 221 2685 Ep.
244 2654 326 2684 1073
343 2646 372 2675 is
388 2648 524 2677 extant.
986 2649 1147 2677 occasion
1178 2657 1223 2676 on
1251 2647 1372 2677 which
1399 2647 1567 2678 Erasmus
1597 2657 1670 2678 was
1705 2648 1759 2677 in-

201 2700 253 2727 24.
279 2688 439 2730 Beraldi]
464 2689 527 2719 See
542 2690 603 2729 Ep.
621 2699 685 2729 925
702 2690 834 2721 introd.
986 2690 1084 2721 vited
1124 2694 1160 2720 to
1199 2690 1322 2721 advise
1355 2701 1392 2721 as
1424 2690 1632 2722 Councillor
1663 2700 1757 2730 upon

201 2743 253 2772 25.
280 2732 440 2773 Deloini]
465 2732 529 2763 See
546 2733 607 2773 Ep.
628 2744 691 2772 494
709 2734 842 2765 introd.
987 2735 1106 2772 public
1124 2733 1297 2764 business.
1350 2734 1416 2765 For
1439 2734 1580 2765 similar
1602 2744 1697 2765 cases
1713 2735 1754 2764 cs.

246 2776 369 2816 Rusei]
395 2776 457 2807 See
474 2776 537 2815 Ep.
557 2786 630 2816 493.
651 2787 753 2815 420n.
988 2778 1073 2817 Epp.
1094 2778 1168 2816 669.
1196 2786 1272 2809 1211.
1304 2788 1396 2818 1120,
1424 2780 1516 2808 1166.
1536 2779 1632 2810 6-11.
1664 2787 1752 2816 1174.

248 2819 373 2860 Ruilli]
398 2819 462 2850 See
481 2819 542 2859 Ep.
560 2821 634 2859 346.
656 2830 730 2851 11n.
982 2831 1080 2860 9-13.

245 2862 421 2904 Lascaris]
445 2864 508 2893 be·-
529 2863 587 2903 Ep.
606 2864 680 2902 269.
700 2874 778 2902 5111.
1024 2874 1076 2903 29.
1106 2874 1185 2894 sum
1197 2864 1399 2906 pollicitus]
1425 2865 1475 2896 Cf.
1497 2866 1519 2896 l.
1535 2875 1594 2904 311.

245 2906 410 2948 Aemilii]
435 2907 499 2937 See
517 2907 579 2946 Ep.
603 2909 675 2946 136.
697 2917 751 2939 1n.
1026 2918 1082 2947 34.
1106 2908 1272 2949 dissidio]
1306 2909 1370 2939 See
1399 2909 1486 2948 Epp.
1532 2918 1621 2946 1045.
1660 2909 1753 2946 1087,

245 2950 433 2991 Cypriani]
459 2951 522 2981 See
541 2951 606 2990 Ep.
626 2951 696 2989 768.
715 2961 771 2982 2n.
989 2962 1078 2991 ¹093·
1103 2953 1195 2991 1096.

196 3004 250 3033 27.
280 2994 338 3024 Lei
358 2994 552 3034 tragoedia,
579 2997 643 3025 See
661 2995 722 3034 Ep.
748 3005 828 3036 ¹037
1071 2995 1184 3036 More]
1211 2995 1272 3035 Ep.
1299 3005 1389 3035 1093.

156 3038 286 3069 introd.
1027 3039 1077 3077 36.
1107 3039 1275 3079 heraldo]
1302 3039 1351 3069 Cf.
1375 3039 1396 3069 l.
1415 3049 1472 3078 911.
