1990 3353
577 105 694 143 THE
734 104 918 143 HEINE
958 105 1306 145 COLLECTION
1659 108 1739 147 623

167 292 417 331 LETTERS
456 290 742 330 BETWEEN
781 291 934 330 JOHN
972 291 1251 330 VERGARA
1289 292 1409 331 AND
1448 292 1706 333 STUNICA.

472 402 554 443 No.
580 404 615 442 1.
680 402 812 443 FROM
846 401 1067 443 VERGARA
1099 414 1153 445 To
1186 402 1405 445 Srt'xtcA.

186 511 307 546 Heine
327 509 404 544 MS.
425 518 553 543 XXIII.
1379 510 1604 558 (Bineses)

1296 568 1366 614 <10
1384 569 1543 606 October
1567 569 1688 617 1521.)

423 665 513 706 [The
529 664 629 695 dates
646 673 705 694 are
721 663 828 703 given
845 664 885 694 in
902 664 966 695 No.
984 674 1014 703 2,
1033 663 1154 695 which
1170 674 1327 695 answers
1344 665 1447 706 thia]

189 758 391 797 MISERAM
409 758 460 797 ad
480 760 522 796 te
541 757 584 795 in
607 757 859 806 Hispaniam
885 756 1036 795 abhinc
1065 756 1361 806 sesquiannum
1393 757 1523 798 ferme
1552 763 1736 800 Annota-

135 812 271 850 tiones
287 813 386 850 Laei
403 812 618 851 cuiusdam
631 811 762 861 Angli
778 811 822 849 in
839 811 1064 849 editionem
1082 811 1190 849 Noui
1212 812 1468 850 Testamenti
1481 814 1736 854 Erasmicam

134 879 216 905 vna
231 879 327 905 cum
347 866 514 905 Erasmi
534 866 664 916 ipsius
684 865 936 912 defensione,
960 879 1045 903 non
1065 866 1341 904 iniucundum
1361 866 1438 905 tibi
1457 868 1542 906 fore
1562 872 1676 908 ratus
1697 874 1738 909 et

134 921 303 959 doctum
317 922 533 959 hominem
547 921 691 959 eodem
706 922 842 958 tecum
856 923 1099 969 argumento
1115 922 1342 958 certantem
1356 923 1395 959 et
1408 927 1737 973 propugnantem

134 975 381 1014 altrinsecus
405 975 702 1023 aduersarium,
726 988 850 1024 seque
869 974 1090 1012 aduersum
1118 978 1157 1013 te
1181 975 1266 1012 iam
1291 976 1384 1013 tum
1412 977 1526 1015 velut
1552 991 1735 1026 praemu-
1757 986 1772 1016 5

135 1029 322 1068 nientem
336 1029 580 1079 conspicere.
622 1028 779 1067 Verum
796 1029 992 1079 quoniam
1013 1032 1059 1067 tu
1074 1029 1178 1067 forte
1197 1029 1341 1067 eodem
1357 1033 1544 1081 tempore
1559 1032 1736 1071 Romam

135 1096 403 1132 concesseras,
445 1084 569 1123 cessit
605 1083 797 1122 videlicet
835 1083 880 1121 in
922 1083 1089 1121 irritum
1133 1096 1252 1121 meus
1291 1083 1418 1124 labor.
1486 1085 1606 1124 Nunc
1641 1101 1734 1126 cum

133 1138 380 1188 Apologiam
415 1138 592 1185 Erasmi,
631 1151 712 1187 qua
741 1138 792 1176 ad
819 1138 1126 1176 Annotationes
1153 1141 1245 1177 tuas
1274 1140 1504 1188 respondet,
1536 1141 1737 1189 prodiisse

134 1192 330 1241 viderem,
357 1193 478 1243 longe
498 1193 631 1243 magis
653 1193 702 1231 ad
729 1192 909 1230 officium
936 1205 1077 1230 meum
1104 1194 1310 1242 pertinere
1333 1196 1477 1242 putaui
1503 1208 1593 1232 eam
1620 1196 1668 1233 ad
1693 1198 1734 1234 te

134 1246 311 1286 mittere.
371 1248 562 1296 Accipies
583 1247 712 1297 igitur
731 1260 813 1284 vna
837 1260 932 1284 cum
952 1247 1019 1284 his
1047 1247 1181 1285 literis
1208 1247 1362 1285 librum
1392 1251 1438 1285 vt
1467 1249 1617 1287 melius
1647 1250 1733 1288 fieri
1758 1263 1796 1284 10

131 1302 270 1351 potuit
304 1315 492 1351 pressum
526 1301 912 1351 complicatumque,
950 1314 1001 1339 ne
1035 1301 1071 1339 si
1110 1315 1260 1351 magno
1293 1301 1591 1350 impedimento
1629 1306 1735 1343 esset

133 1355 346 1394 tabellario
373 1357 414 1394 τὸ
441 1358 572 1407 πάχος,
597 1355 739 1394 minus
767 1355 941 1393 forsitan
969 1369 1020 1394 ex
1048 1355 1129 1393 fide
1158 1356 1420 1405 proferretur.
1483 1357 1572 1405 Quo
1602 1359 1732 1407 magis

132 1422 229 1459 rogo
249 1413 300 1457 te,
323 1410 429 1449 mihi
449 1411 585 1461 prima
605 1423 766 1460 quaque
792 1410 1001 1448 occasione
1026 1410 1246 1459 significes,
1270 1411 1508 1449 redditusne
1531 1411 1608 1449 tibi
1630 1413 1735 1451 liber

130 1463 268 1502 fuerit.

187 1518 406 1557 Caeterum
436 1518 537 1569 quid
564 1532 729 1557 mecum
755 1518 831 1556 hac
857 1517 907 1555 de
934 1531 977 1556 re
1006 1519 1205 1557 Erasmus
1228 1519 1367 1568 egerit,
1394 1520 1590 1568 quoniam
1610 1521 1732 1559 video
1757 1532 1794 1562 15

132 1573 235 1611 scire
264 1573 392 1623 cupis,
415 1573 557 1623 paucis
585 1573 731 1621 accipe.
792 1573 850 1610 Vt
879 1573 1066 1622 primum
1095 1586 1144 1611 ex
1170 1573 1372 1622 Hispania
1392 1573 1552 1623 Brugas
1579 1575 1731 1624 appuli,

131 1628 327 1666 conuenit
362 1641 428 1666 me
459 1627 595 1675 homo,
633 1627 717 1665 iam
750 1626 821 1665 diu
855 1628 1136 1676 expectatione
1170 1627 1253 1665 mei
1286 1640 1536 1676 suspensum
1570 1642 1613 1666 se
1647 1642 1734 1668 esse

131 1681 284 1729 dicens,
318 1695 549 1732 rogansque
581 1682 787 1719 traderem
826 1682 907 1719 sibi
945 1681 1101 1720 librum
1141 1681 1349 1730 quendam
1382 1683 1729 1730 Annotationum,

130 1749 255 1786 quem
276 1736 449 1775 Stunica
467 1735 690 1786 quispiam,
709 1749 818 1774 vnus
837 1749 888 1773 ex
906 1736 1087 1785 spinosis
1109 1736 1408 1785 <Academiae>
1428 1737 1733 1787 Complutensis

130 1790 340 1840 sophistis,
363 1791 562 1829 edidisset
588 1790 634 1828 in
660 1803 781 1828 suam
803 1790 913 1828 Noui
936 1790 1195 1829 Testamenti
1223 1790 1450 1828 editionem
1470 1808 1477 1827 :
1508 1805 1596 1829 esse
1621 1805 1734 1830 emm
1755 1805 1794 1826 20

130 1857 173 1882 se
202 1858 275 1894 per
303 1846 445 1883 literas
473 1845 687 1883 monitum
715 1845 767 1883 ab
795 1845 928 1883 amico
949 1844 1169 1894 Flamingo
1194 1845 1239 1882 in
1261 1844 1464 1893 Hispania
1483 1849 1629 1895 agente
1651 1847 1729 1894 (cui

130 1911 205 1948 ego
228 1899 270 1937 id
297 1900 435 1949 ipsum
465 1899 566 1937 olim
597 1912 789 1948 praesens
815 1899 1091 1948 promiserim)
1111 1899 1267 1937 librum
1293 1912 1361 1936 me
1381 1900 1616 1938 allaturum.
1676 1901 1731 1939 Vt

130 1966 225 1990 vero
247 1954 407 1992 audiuit
429 1955 624 1992 relictum
641 1953 696 2001 (id
713 1954 820 2002 quod
843 1966 906 1991 res
928 1954 1028 2002 erat)
1049 1967 1121 2003 per
1140 1953 1405 2000 obliuionem,
1429 1954 1565 1992 dolere
1584 1955 1649 1992 vel
1678 1955 1728 1992 ob

129 2008 171 2045 id
206 2010 388 2046 maxime
422 2007 647 2057 respondit,
682 2008 790 2057 quod
821 2020 909 2045 sese
942 2010 1042 2046 tunc
1073 2010 1216 2046 tertiae
1245 2008 1420 2046 editioni
1449 2008 1727 2058 inuulgandae

128 2062 367 2111 accingeret.
441 2062 573 2101 ‘Nam
615 2062 794 2100 secunda
813 2063 821 2077 ⁷
863 2062 1000 2112 inquit
1048 2066 1057 2081 ‘
1074 2062 1155 2100 iam
1198 2061 1268 2100 diu
1308 2062 1406 2100 exiit
1427 2076 1435 2100 z
1480 2076 1560 2112 quo
1598 2064 1729 2112 magis
1753 2076 1789 2106 25

128 2116 319 2166 intelligo
345 2116 527 2167 maligne
556 2116 607 2154 ab
637 2117 822 2164 Stunica,
853 2116 1114 2155 dissimulata
1144 2117 1322 2154 secunda
1355 2116 1548 2163 editione,
1577 2117 1621 2155 in
1652 2131 1731 2166 qua

128 2171 336 2220 permulta
369 2184 419 2209 ex
451 2171 587 2221 prima
614 2171 874 2218 correxerim,
906 2171 1084 2220 primam
1114 2171 1252 2220 potius
1281 2174 1478 2220 tanquam
1499 2171 1728 2210 vberiorem

128 2225 321 2274 carpendi
350 2226 568 2264 materiam
596 2224 726 2263 fuisse
755 2225 929 2274 petitam
943 2225 962 2263 ’.
1024 2225 1091 2263 Ibi
1120 2228 1211 2264 tum
1242 2238 1316 2274 ego
1336 2225 1499 2263 homini
1519 2228 1729 2274 persancte

127 2279 275 2325 iuraui,
297 2280 471 2318 minime
491 2279 625 2318 adhuc
645 2278 881 2329 peruenisse
900 2279 945 2317 in
962 2279 1211 2329 Hispaniam
1232 2279 1455 2318 secundam
1477 2279 1729 2325 editionem;

128 2347 201 2372 nec
230 2333 331 2372 item
361 2347 449 2373 esse
477 2338 518 2372 te
547 2334 598 2372 de
628 2347 801 2371 numero
827 2334 1090 2384 spinosorum
1115 2333 1410 2383 sophistarum,
1433 2334 1503 2372 sed
1531 2335 1566 2372 is
1590 2334 1729 2383 potius
1751 2344 1791 2374 30

129 2388 200 2437 qui
230 2388 350 2427 bonis
375 2388 590 2438 Vtriusque
619 2388 784 2437 linguae
817 2388 1062 2426 authoribus
1095 2391 1187 2426 tum
1216 2388 1342 2426 sacris
1370 2390 1460 2426 tum
1490 2388 1726 2437 prophanis,

128 2442 344 2481 Hebraicis
372 2445 580 2492 praeterea
605 2442 768 2487 litteris,
799 2443 1006 2481 assiduam
1027 2456 1191 2492 operam
1221 2442 1392 2489 dederis,
1417 2445 1457 2480 et
1484 2456 1506 2480 a
1536 2456 1615 2492 quo
1645 2455 1729 2479 11011

127 2498 272 2536 aristas
302 2497 560 2547 sophisticas,
598 2497 669 2535 sed
700 2497 811 2535 iusta
841 2497 999 2546 spicula
1033 2497 1196 2534 deberet
1224 2496 1522 2546 pertimescere.
1581 2497 1729 2534 Virum

127 2551 255 2590 adhec
281 2554 322 2589 et
351 2551 472 2590 claris
500 2546 708 2590 natalibus
736 2554 778 2589 et
806 2552 970 2601 propria
991 2552 1145 2589 virtute
1174 2551 1284 2589 inter
1312 2552 1406 2588 tuos
1436 2550 1727 2600 conspicuum:

127 2606 266 2644 addita
294 2605 465 2655 insuper
493 2618 760 2655 quaecunque
790 2605 896 2644 mihi
926 2606 973 2643 ad
1005 2606 1233 2643 ornandam
1271 2618 1342 2654 pro
1367 2608 1549 2654 tempore
1582 2617 1728 2653 augen-
1750 2619 1788 2650 35

127 2660 305 2709 damque
326 2659 572 2709 dignitatem
597 2661 713 2698 tuam
733 2660 863 2698 facere
882 2660 972 2698 visa
991 2662 1100 2698 sunt.
1147 2659 1289 2697 Vnum
1310 2672 1403 2697 cum
1424 2673 1497 2708 pro
1521 2661 1729 2708 comperto

128 2713 446 2763 praeteriissem‚
466 2714 591 2753 sacris
610 2716 651 2752 te
671 2714 896 2759 initiatum,
920 2715 963 2752 in
985 2727 1030 2752 eo
1051 2714 1168 2752 video
1188 2713 1403 2751 hominem
1423 2714 1638 2759 aberrasse,
1658 2713 1727 2762 qui

131 2776 168 2805 te
187 2767 450 2818 prophanum
469 2767 512 2806 in
533 2768 737 2818 Apologia
755 2768 944 2818 appellet.
1006 2768 1183 2817 Rogauit
1203 2768 1350 2805 deinde
1371 2781 1475 2805 num
1496 2767 1728 2805 virulentus

128 2823 234 2860 esset
252 2820 366 2870 liber,
390 2835 472 2872 quo
491 2823 671 2860 maxime
692 2823 862 2860 nomine
884 2823 1091 2860 offensum
1118 2835 1161 2860 se
1184 2821 1318 2859 aiebat
1344 2821 1395 2859 ab
1417 2821 1520 2860 Leo:
1551 2822 1592 2859 id
1613 2821 1725 2858 enim

127 2889 169 2914 se
203 2889 289 2914 non
322 2875 516 2915 laturum.
577 2876 787 2925 Respondi
821 2890 906 2914 non
937 2877 1110 2914 omnino
1140 2888 1274 2913 carere
1302 2875 1502 2923 libertate,
1536 2875 1725 2924 quamuis
1751 2889 1789 2919 40

128 2934 173 2968 tu
195 2932 235 2968 te
255 2931 298 2968 in
318 2943 365 2968 eo
384 2929 648 2969 mediocriter
662 2930 968 2980 temper-anelis,
985 2930 1111 2968 homo
1126 2930 1198 2968 tali
1216 2931 1404 2979 παρρησίᾳ
1417 2933 1461 2967 vt
1478 2943 1561 2967 non
1576 2932 1726 2966 temere

127 2984 321 3022 omnibus
341 2997 490 3034 pareas.
550 2985 690 3034 Atque
712 2984 810 3022 haec
831 2985 999 3034 quidem
1028 2985 1160 3034 primo
1187 2997 1416 3034 congressu.
1480 2983 1586 3021 Dein
1611 2982 1726 3020 intel-
