1990 3353
259 424 270 446 1
279 425 296 455 5
315 412 386 448 est.

249 1238 292 1268 30

256 695 269 715 2
314 694 411 719 uam
437 682 473 720 si
503 682 696 722 Christus
725 685 914 724 adfuerit.

252 968 266 989 2
310 953 547 1002 grauaberis
574 955 778 994 declarare
804 959 1012 1006 quantum
1038 959 1175 996 faueas
1201 958 1410 1008 probitati.

314 138 368 175 92
784 140 1034 180 LETTERS
1073 141 1142 180 OF
1180 142 1445 181 ERASMUS

1791 142 1916 199 [1519

315 247 573 297 instructius,
605 252 646 288 et
675 263 742 289 me
770 251 958 290 fortassis
987 254 1059 291 aut
1088 254 1253 292 mortuo
1282 256 1355 293 aut
1383 254 1529 304 procul
1559 254 1737 293 absente.
1799 254 1917 294 Nihil

314 301 429 340 enim
468 302 607 342 minus
645 305 896 355 sperandum
935 308 1000 345 est
1037 319 1162 356 quam
1195 309 1241 346 vt
1274 307 1347 346 ille
1382 310 1580 358 perpetuo
1614 311 1775 357 premat
1808 310 1917 359 quod

315 355 499 405 quotidie
518 358 668 396 retexit
684 373 693 406 ;
722 359 808 398 imo
829 372 1045 409 nunquam
1066 361 1199 411 magis
1217 362 1298 400 fuit
1316 361 1361 399 in
1382 362 1460 400 hoc
1480 363 1650 413 negocio
1666 376 1791 413 quam
1806 376 1918 402 nunc

449 410 556 450 Mihi
591 413 734 451 tamen
767 426 852 451 non
887 417 950 453 est
984 414 1150 453 animus
1184 429 1281 454 cum
1314 418 1452 455 vestra
1484 430 1670 467 pugnare
1699 418 1918 456 sententia.

315 463 497 514 Dorpius
525 465 654 504 etiam
683 467 828 506 libello
858 468 969 507 edito
998 471 1174 508 testatus
1205 472 1268 508 est
1300 471 1490 509 animum
1524 473 1707 510 mutasse
1739 484 1839 518 sese,
1872 485 1918 510 ac

314 519 485 557 caeteris
523 520 568 558 in
599 520 723 559 rebus
756 522 884 560 talem
919 536 962 561 se
995 523 1160 573 praebet
1194 526 1241 562 vt
1274 525 1374 563 satis
1408 525 1547 564 fidam.
1609 524 1716 563 Cum
1750 526 1919 565 caeteris

313 573 468 611 initum
508 574 651 613 foedus
689 588 712 612 a
751 589 819 614 me
859 577 1026 626 quidem
1069 591 1156 616 non
1199 578 1436 627 violabitur,
1478 582 1519 618 et
1563 592 1678 618 arma
1719 579 1917 630 deposui:

314 629 519 666 caeterum
541 629 736 668 excubias
757 644 842 668 non
861 631 1151 671 intermittam.
1213 633 1305 671 Hac
1321 634 1470 682 hyeme
1486 633 1766 683 Paraphrases
1785 633 1918 673 absol—

975 685 1109 724 Coleti
1138 689 1318 725 mortem
1347 688 1703 726 inconsolabiliter
1732 687 1916 738 deplora-

313 748 416 782 rem,
437 735 519 774 nisi
539 739 685 776 scirem
706 751 780 777 nec
800 739 864 778 illi
884 753 959 778 nec
978 741 1086 778 mihi
1105 741 1345 791 profuturas
1362 742 1606 791 lachrymas.

367 790 624 841 Commigrat
653 793 771 831 aulae
799 796 962 832 vestrae
990 795 1206 833 Antonius
1240 809 1263 833 a
1297 796 1551 846 Grimberga,
1584 796 1697 835 filius
1729 796 1917 847 primarii

312 843 395 881 viri
424 845 473 884 D.
508 845 557 884 de
587 846 746 896 Bergis‚
777 848 941 887 iuuenis
974 851 1097 887 natus
1130 848 1289 898 virtuti,
1325 850 1539 889 literarum
1574 864 1621 889 ac
1654 851 1916 890 literatorum

311 899 637 948 amantissimus,
674 901 815 940 indole
849 903 1189 942 mansuetissima
1223 903 1474 954 pudorisque
1507 904 1651 954 plena:
1695 905 1793 944 huic
1832 919 1917 944 non

1471 959 1698 1009 Longolius
1723 959 1792 998 hic
1811 960 1917 998 mihi

311 1008 449 1045 totum
488 1008 662 1047 biduum
707 1010 950 1061 absumpsit.
1011 1011 1273 1051 Cardinalem
1308 1013 1582 1063 Campegium
1619 1013 1706 1052 vidi
1738 1014 1916 1064 Brugis3

310 1062 481 1100 coenaui
510 1076 605 1101 cum
635 1077 694 1111 eo,
725 1065 832 1103 mira
860 1066 1044 1105 hominis
1074 1067 1322 1105 humanitas.
1382 1067 1579 1106 Placuere
1613 1081 1750 1106 mores
1783 1069 1915 1118 aperti

311 1115 567 1167 minimeque
587 1118 728 1157 fucati.

365 1169 410 1208 Si
427 1170 518 1209 fieri
536 1172 682 1221 possit,
697 1186 891 1223 cuperem
912 1174 1019 1212 mihi
1035 1175 1128 1213 fieri
1143 1175 1306 1225 copiam
1321 1189 1467 1215 eorum
1482 1189 1585 1225 quae
1600 1177 1766 1215 notauit
1781 1177 1889 1216 Leus
1905 1191 1916 1224 ;

311 1236 407 1262 nam
445 1225 652 1264 adornant
691 1241 835 1266 rursus
873 1229 1043 1267 terciam
1080 1229 1358 1269 aeditionem:
1406 1231 1456 1268 ab
1494 1233 1584 1280 ipso
1622 1230 1731 1269 nihil
1779 1233 1916 1281 potest

310 1280 556 1329 extorqueri.
607 1281 669 1320 De
691 1282 898 1321 Roffensis
916 1283 1057 1321 animo
1078 1284 1187 1322 nihil
1207 1284 1401 1334 equidem
1421 1285 1620 1324 addubito
1636 1299 1646 1332 3
1677 1285 1748 1324 sed
1771 1288 1914 1324 tamen

310 1332 388 1371 hoc
427 1334 681 1384 sycophanta
719 1336 828 1374 nihil
866 1350 943 1375 nec
978 1337 1163 1377 dolosius
1201 1352 1277 1377 nec
1315 1339 1556 1389 improbius.
1629 1338 1675 1378 Si
1713 1339 1812 1391 quid
1846 1353 1914 1379 me

308 1386 470 1426 iubebis
490 1389 631 1435 facere,
654 1391 1016 1440 promptissimum
1036 1393 1087 1431 ad
1108 1393 1249 1431 omnia
1267 1394 1455 1443 reperies.
1507 1394 1620 1432 Bene
1642 1392 1745 1432 vale.

362 1441 538 1480 Louanii
558 1445 759 1493 postridie
779 1445 881 1484 Idus
901 1445 1045 1486 Octob.
1105 1449 1233 1486 Anno
1253 1460 1433 1487 M.D.X1x.

801 1589 926 1630 1030.
984 1589 1048 1630 To
1078 1588 1204 1630 ι101111
1236 1588 1424 1630 FJSHEP..

353 1672 547 1719 Epistolae
567 1675 612 1710 ad
630 1675 796 1712 diuersos
814 1689 848 1722 p.
871 1688 951 1724 503.

353 1730 447 1766 HN:
473 1732 588 1768 Lond.
607 1733 688 1768 xiii.
708 1746 729 1778 4
748 1747 756 1770 :
785 1735 859 1771 LB.
881 1745 962 1780 474.

1602 1679 1779 1716 Louvain.

1518 1747 1561 1783 17
1580 1738 1741 1776 October
1762 1749 1862 1785 1519.

393 1825 600 1855 ERASMVS
631 1827 963 1861 ROTERODAMVS
995 1830 1036 1861 R.
1059 1830 1103 1861 D.
1134 1829 1195 1859 IO.
1228 1828 1443 1859 EPISCOPO
1472 1828 1694 1859 ROFFENSI
1726 1828 1760 1860 S.
1782 1829 1825 1859 D.

360 1904 523 1944 ExnmE
553 1906 737 1957 Praesul,
770 1909 1074 1960 perscripturus
1107 1921 1235 1956 eram,
1268 1910 1315 1947 vt
1348 1910 1422 1947 tua
1455 1909 1632 1947 iusserat
1664 1908 1907 1957 reuerentia,

307 1971 408 2008 quae
445 1960 689 2000 adnotaram
728 1964 861 2002 tribus
899 1964 1056 2003 libellis
1095 1963 1247 2013 quibus
1287 1963 1412 2001 Fabri
1455 1962 1612 2002 refellis
1656 1963 1909 2012 opinionem.

305 2014 462 2052 Verum
492 2015 534 2053 id
563 2028 704 2055 serum
732 2017 961 2057 arbitratus
989 2031 1083 2057 sum
1113 2017 1224 2056 edito
1253 2017 1470 2067 posteriori
1498 2017 1630 2064 libro3
1661 2030 1784 2067 quem
1814 2030 1913 2056 sane

351 2111 445 2142 1029.
476 2121 525 2142 12.
552 2113 587 2142 et
604 2115 653 2143 F:
678 2122 718 2143 ac
734 2115 777 2144 H.

306 2156 406 2185 faueo
424 2158 457 2185 Γ.

933 2123 987 2152 23.
1015 2113 1057 2144 D.
1077 2113 1121 2144 de
1139 2116 1184 2144 F:
1212 2113 1389 2153 principis
1405 2123 1425 2144 a
1438 2116 1481 2145 H.
1640 2123 1692 2153 25.
1719 2114 1839 2144 faueas
1855 2116 1912 2144 H:

352 2266 447 2298 1029.
462 2268 511 2298 16.
538 2267 710 2309 Dorpius]
734 2269 797 2299 See
815 2269 877 2308 Ep.
902 2277 997 2307 1024.
1014 2276 1071 2306 511.

354 2319 401 2348 19.
428 2311 610 2353 excubias]
629 2311 680 2343 Cf.
697 2321 718 2342 a
734 2312 843 2343 letter
854 2311 892 2342 of
905 2312 1024 2343 Hedio
1039 2313 1076 2342 to

308 2353 497 2392 Myconius
530 2354 624 2385 from
654 2355 773 2394 Basle,
799 2365 840 2386 10
863 2356 945 2386 Dec.
978 2365 1073 2394 1519,

310 2397 499 2428 ‘Erasmus
538 2398 700 2439 γρηγορεΐ,
729 2400 790 2430 vbi
820 2401 964 2439 tempus
994 2399 1075 2438 erit,

308 2441 433 2472 amicis
448 2441 618 2472 omnibus
642 2443 784 2482 signum
805 2443 965 2474 daturus.
1015 2443 1076 2473 In-

309 2484 415 2514 terim
434 2487 574 2524 oportet
595 2495 668 2517 non
691 2488 807 2517 seuire
831 2486 924 2517 stilo.
975 2486 1077 2525 Capi-

309 2532 347 2558 to
377 2528 553 2567 quaedam
584 2532 782 2570 pepererat,
815 2530 876 2561 sed
906 2531 1077 2560 monente

310 2571 458 2602 Erasmo
482 2573 675 2612 supprimit
699 2573 916 2604 hactenus':
944 2573 1077 2612 quoted

311 2616 357 2654 by
369 2615 448 2655 Egli
461 2617 497 2646 to
510 2615 690 2647 illustrate
707 2617 778 2648 Zw.
795 2616 853 2648 Ε.2
866 2627 940 2656 107,
956 2617 1077 2648 which

311 2660 341 2690 is
358 2661 395 2689 to
412 2658 475 2689 the
492 2669 589 2690 same
607 2660 721 2691 effect.

349 2711 404 2741 30.
429 2702 623 2744 adornant]
641 2714 680 2735 se.
698 2704 896 2735 Frobcnius
909 2705 946 2734 ct
955 2704 1079 2734 Amer-

310 2745 545 2820 bdchterciam
565 2789 803 2831 aeditionem]
832 2790 871 2820 of
895 2791 1077 2822 Erasmus'

309 2833 397 2864 New
420 2833 651 2872 Testament;
675 2834 717 2864 cf.
745 2834 832 2874 Epp.
858 2844 954 2874 1030.
979 2844 1076 2873 22—3,

314 2886 405 2959 Ilgi:
423 2886 624 2962 1lilblii'entsis]
658 2920 709 2952 Cf.
744 2920 834 2961 Epp.
864 2921 940 2960 908.
976 2931 1076 2960 20—2‚

307 2965 383 3004 936,
406 2973 496 3003 1030.

347 3007 480 3039 1030.2.
499 3008 615 3039 tribus
625 3007 777 3048 libellis]
789 3011 831 3038 De
844 3010 931 3038 mica
942 3009 1075 3046 Maqda-

1140 2269 1211 2297 lena
1234 2269 1306 2297 libri
1330 2271 1400 2305 tres,
1419 2266 1530 2306 Paris,
1550 2267 1582 2298 J.
1603 2266 1749 2306 Badius,
1767 2276 1808 2296 22
1828 2265 1908 2297 Feb.

1143 2319 1249 2350 1519;
1273 2311 1315 2341 cf.
1335 2311 1400 2351 Ep.
1419 2312 1496 2350 936.
1516 2321 1532 2350 7
1551 2320 1622 2349 seq.

1182 2363 1213 2393 3.
1238 2354 1428 2394 posteriori
1442 2354 1549 2394 libro]
1565 2353 1740 2394 Probably
1753 2353 1910 2384 Fisher's

1144 2400 1169 2428 E
1172 2403 1269 2428 mersio
1280 2399 1467 2429 munitionis
1476 2408 1572 2435 quam
1582 2400 1711 2428 10d001‹s
1722 2398 1910 2428 Clichtoueus

1138 2444 1250 2479 erigere
1264 2443 1447 2472 moliebatur
1461 2444 1614 2472 aduersus
1634 2443 1756 2471 vulcam
1779 2443 1910 2478 Maycla-

1139 2487 1250 2524 lenam,
1277 2485 1449 2523 Louvain,
1472 2485 1535 2515 Th.
1562 2485 1735 2523 Mal-tens,
1757 2494 1817 2515 5.(1.
1837 2483 1908 2514 and

1141 2528 1235 2568 Sept.
1259 2537 1351 2567 1519.
1402 2528 1529 2559 Fisher
1543 2528 1619 2559 also
1638 2527 1818 2568 produced
1847 2528 1905 2568 (cf.

1141 2572 1203 2611 Ep.
1234 2573 1329 2603 1016.
1346 2571 1403 2612 20)
1429 2582 1449 2602 a
1474 2574 1648 2611 Confutatio
1670 2574 1821 2602 secundae
1844 2574 1908 2602 (Iis-

1141 2619 1321 2652 cepeattonis
1338 2626 1395 2653 per
1415 2618 1563 2647 Iacobum
1581 2618 1721 2646 Fabrum
1741 2618 1905 2654 Stapuleoz-

1141 2669 1204 2689 sem
1217 2661 1349 2699 habitae,
1368 2662 1404 2689 in
1425 2670 1485 2696 qua
1508 2662 1607 2690 tribus
1620 2661 1771 2697 foeminis
1788 2660 1908 2696 partiri

1142 2705 1267 2733 molitur
1296 2713 1374 2740 quae
1409 2705 1501 2733 totius
1537 2705 1687 2734 Ecclesiae
1723 2704 1908 2733 consuetudo

1141 2749 1244 2777 unicae
1254 2748 1362 2777 tribuit
1370 2749 1583 2786 Mayclalenae‚
1593 2746 1705 2786 Paris,
1716 2745 1749 2777 J.
1759 2744 1904 2785 Badius,

1140 2799 1160 2828 3
1177 2790 1271 2830 Sept.
1293 2798 1400 2830 1519;
1423 2790 1461 2820 in
1478 2789 1542 2820 the
1563 2790 1701 2830 preface
1721 2797 1758 2820 to
1774 2788 1906 2826 which,

1140 2833 1330 2864 addressed
1375 2833 1467 2864 from
1506 2834 1708 2873 Rochester‚
1749 2831 1907 2863 without

1140 2877 1231 2916 date,
1250 2878 1286 2907 to
1310 2876 1511 2917 Campegio,
1534 2876 1623 2907 theu
1648 2886 1694 2907 on
1719 2877 1781 2907 the
1802 2876 1906 2915 point

1139 2921 1177 2951 of
1195 2920 1338 2960 leaving
1360 2920 1525 2960 England
1551 2920 1609 2962 (cf.
1637 2920 1699 2959 Ep.
1728 2928 1823 2958 1025.
1840 2920 1905 2960 4n)

1139 2963 1185 2994 he
1202 2963 1327 3003 speaks
1337 2963 1375 2995 of
1390 2964 1500 3004 ‘quae
1513 2964 1586 2995 iam
1598 2964 1707 2995 tertio
1717 2963 1762 2994 ad
1778 2962 1905 2994 vnicae

1138 3007 1368 3048 Magdalenae
1379 3009 1701 3048 propugnationem
1710 3005 1906 3038 admolitus
