1990 3353
78 104 93 127 1
104 88 199 144 202]
609 95 679 134 To
717 94 966 133 JODOGUS
1003 94 1180 134 JONAs
1595 100 1675 138 489

73 203 299 241 minimum
330 204 523 243 habitura
556 204 759 254 pondmis,
794 204 863 241 sed
898 203 1019 242 Arati
1053 205 1292 244 testimonio
1326 219 1420 244 cum
1457 207 1542 245 illis
1574 209 1670 256 agit.

74 257 237 305 Quanta
256 272 350 296 cum
366 259 601 298 vrbanitate
617 271 783 297 causam
803 271 923 295 suam
944 259 1053 308 apud
1073 259 1241 297 Festum
1259 261 1343 310 agit
1359 264 1400 299 et
1415 262 1518 311 Agr
1507 275 1586 311 1pp
1579 275 1673 300 un.
1665 264 1673 289 V

129 311 196 350 Sic
230 313 496 361 Augustinus
529 312 680 352 refellit
708 312 884 350 furiosos
914 312 1154 352 Donatistas
1184 316 1225 351 et
1253 315 1474 365 plusquam
1505 316 1674 354 insanos
1697 330 1755 362 105

74 366 345 415 Manichaeos,
369 370 415 405 vt
434 370 475 405 et
494 368 594 405 citra
620 366 678 405 lei
703 366 903 404 meritum
928 367 1095 415 saeuiat,
1119 370 1159 406 et
1179 368 1391 407 charitatis
1411 369 1674 408 dulcedinem

73 420 225 470 vbique
242 422 474 469 admisceat,
494 422 671 459 salutem
686 421 855 459 illorum
872 420 1027 468 sitiens,
1046 434 1130 460 non
1145 423 1330 461 exitium.
1371 424 1484 461 Haec
1500 425 1675 462 docendi

73 476 361 523 mansuetudo,
385 477 483 514 haec
503 475 769 525 dispensandi
788 476 991 513 sermonis
1011 475 1144 514 diuini
1164 478 1385 525 prudentia
1404 479 1512 527 cepit
1532 478 1675 517 orbem

72 531 126 576 et,
160 531 268 579 quod
305 530 421 568 nulla
453 543 637 579 vnquam
671 542 797 572 arma,
834 529 951 567 nulla
983 529 1270 579 philosophiae
1304 533 1526 580 subtilitas,
1558 533 1674 572 nulla

73 583 289 621 rhetorum
318 584 564 634 eloquentia,
592 584 710 622 nulla
737 584 801 622 vis
830 586 903 621 aut
932 597 998 622 ars
1027 585 1163 633 potuit
1192 586 1386 631 humana,
1411 587 1488 625 sub
1517 587 1674 626 Christi
1699 604 1758 626 110

72 638 216 687 iugum
235 638 363 676 misit.
424 639 512 686 Quo
532 638 665 688 magis
686 651 760 676 nos
779 639 953 687 oportet,
976 638 1011 676 si
1031 639 1224 688 prodesse
1243 640 1443 689 cupimus,
1468 641 1518 687 ab
1543 642 1673 679 omni-

73 691 152 730 bus
171 692 370 731 conuiciis
390 695 632 742 temperare,
655 693 897 742 praesertim
918 694 953 730 si
978 693 1176 731 aduersus
1199 707 1302 743 quos
1326 695 1488 744 agimus
1512 695 1676 744 publica

71 747 361 795 praemineant
381 747 611 785 autoritate.
672 747 826 785 Paulus
845 747 1047 785 honorem
1069 747 1218 785 deferri
1239 749 1330 786 vult
1350 749 1672 798 magistratibus,

73 800 200 838 etiam
220 801 396 840 ethnicis
414 816 422 848 ;
452 805 493 840 et
512 802 644 840 veluti
663 802 865 853 παλινῳδεῖ
882 801 990 851 quod
1021 802 1200 840 Mosaico
1229 803 1451 852 palamque
1481 804 1676 842 scelerato

75 854 271 894 Pontifici
291 856 586 895 maledixisset.
627 856 733 894 Vult
752 869 895 894 seruos
910 855 1075 894 Christo
1094 856 1281 895 initiatos
1299 857 1530 906 religiosius
1549 858 1676 896 etiam
1700 877 1758 908 115

72 909 241 959 obsequi
262 910 445 949 dominis
465 911 644 949 ethnicis
665 924 792 960 quam
815 913 934 949 antea
957 911 1163 958 fecerant;
1192 911 1286 949 vult
1305 924 1450 949 vxores
1476 925 1498 949 a
1525 913 1676 960 profes-

73 963 188 1001 sione
208 964 373 1011 Christi,
394 967 528 1015 magis
548 966 672 1003 etiam
691 978 778 1003 esse
794 965 1021 1015 morigeras
1037 966 1198 1004 maritis
1214 966 1368 1016 impiis,
1387 980 1470 1004 11011
1491 967 1542 1003 ob
1562 967 1676 1005 aliud

73 1018 155 1056 nisi
169 1021 215 1056 vt
233 1020 530 1058 commoditate
543 1033 708 1058 morum
727 1020 969 1069 pellicerent
984 1033 1129 1058 omnes
1141 1020 1190 1057 ad
1203 1033 1386 1058 amorem
1402 1021 1677 1069 Euangelicae

73 1072 292 1112 doctrinae.
345 1074 421 1112 Cui
436 1074 503 1123 pia
518 1087 639 1112 mens
654 1076 730 1122 est,
748 1074 893 1124 vtique
913 1074 1021 1111 nihil
1042 1074 1153 1112 aliud
1171 1088 1295 1124 quam
1311 1075 1503 1124 prodesse
1519 1076 1674 1124 studet,

73 1130 144 1165 aut
170 1129 310 1166 tacens
336 1129 370 1166 si
398 1129 514 1167 nulla
539 1142 635 1178 spes
661 1129 717 1167 sit
743 1129 960 1178 profectus,
984 1132 1056 1167 aut
1076 1129 1135 1167 ita
1154 1142 1351 1179 promens
1369 1143 1414 1167 ac
1435 1130 1678 1178 dispensans
1700 1149 1761 1170 120

71 1182 288 1220 veritatem
310 1196 363 1220 ne
383 1197 457 1232 pro
477 1184 658 1222 remedio
680 1183 815 1221 morbi
833 1184 921 1221 vim
943 1186 1167 1232 exasperet.

127 1236 287 1275 Brutus
314 1239 559 1287 indignatur
586 1237 784 1285 Ciceroni,
808 1237 879 1287 qui
903 1238 991 1276 suis
1011 1237 1281 1276 concionibus
1300 1240 1342 1276 et
1362 1239 1526 1287 scriptis
1546 1239 1677 1277 irrita-

73 1293 136 1328 ret
165 1305 234 1329 eos
264 1305 367 1341 quos
395 1293 578 1331 irritatos
606 1306 690 1331 non
720 1294 859 1342 posset
888 1292 1131 1342 opprimere.
1193 1292 1363 1330 Platoni
1382 1307 1465 1331 non
1486 1294 1678 1343 displicet

70 1345 192 1383 fucus
221 1359 265 1384 ac
296 1347 575 1385 dissimulatio
605 1347 649 1385 111
679 1347 928 1396 philosopho
958 1347 1016 1384 rei
1046 1346 1234 1396 publicae
1259 1348 1528 1396 moderatore,
1552 1348 1676 1386 modo

72 1400 235 1438 technis
267 1401 309 1438 in
348 1402 493 1451 populi
529 1402 689 1440 bonum
726 1402 936 1440 abutatur.
1004 1403 1044 1439 A
1083 1400 1332 1449 Christiano,
1376 1402 1516 1449 fateor,
1559 1403 1676 1441 decet
1700 1416 1758 1447 125

73 1467 242 1493 omnem
273 1456 415 1494 abesse
444 1456 615 1503 fucum;
653 1457 723 1494 sed
754 1458 895 1494 tamen
924 1456 1069 1493 incidit
1099 1456 1322 1504 aliquando
1351 1458 1516 1505 tempus
1546 1470 1676 1506 quum

71 1511 179 1547 recte
198 1511 358 1548 tacetur
375 1511 540 1556 veritas,
564 1514 605 1548 et
624 1511 777 1560 vbique
796 1510 938 1559 magni
959 1511 1081 1547 refert
1102 1523 1184 1559 quo
1203 1513 1400 1558 tempore,
1423 1512 1530 1560 apud
1561 1524 1675 1560 quos.

72 1569 112 1601 et
133 1564 285 1612 quibus
305 1565 441 1603 modis
462 1579 509 1602 ea
527 1567 753 1614 promatur.
812 1565 966 1602 Medici
988 1565 1133 1602 fideles
1153 1578 1237 1602 non
1260 1565 1403 1602 statim
1423 1566 1473 1603 ad
1495 1568 1679 1603 extrema

71 1619 256 1656 remedia
289 1620 525 1658 decurrunt.
597 1620 723 1658 Prius
757 1621 974 1668 aegrotum
1007 1632 1156 1668 corpus
1188 1619 1413 1657 leuioribus
1444 1620 1679 1669 pharmacis

70 1677 312 1722 praeparant
330 1687 339 1721 ;
367 1678 489 1724 atque
509 1675 568 1712 ita
588 1674 709 1712 dosin
729 1676 964 1722 temperant
983 1676 1031 1711 vt
1050 1675 1212 1721 sanent,
1235 1687 1322 1712 non
1343 1674 1530 1712 obruant.
1594 1674 1677 1712 Nec
1700 1689 1762 1719 130

71 1727 174 1765 istos
201 1728 327 1766 audio
350 1729 423 1778 qui
450 1729 570 1767 aiunt
596 1729 832 1778 grauiorem
859 1741 946 1766 esse
972 1728 1167 1766 morbum
1192 1728 1319 1766 huius
1339 1728 1466 1766 seculi
1487 1742 1612 1777 quam
1632 1731 1678 1766 vt

71 1781 236 1820 leuibus
259 1783 455 1822 remediis
478 1784 614 1822 sanari
642 1787 776 1832 queat.
833 1782 1027 1821 Praestat
1048 1783 1207 1820 malum
1227 1782 1344 1820 iuxta
1365 1782 1569 1821 Graecum
1589 1797 1678 1832 pro-

71 1836 263 1874 uerbium
284 1838 419 1876 sinere
440 1842 485 1876 vt
505 1841 579 1885 est,
602 1851 728 1887 quam
749 1850 833 1875 non
853 1837 1011 1875 dextris
1029 1836 1225 1875 remediis
1246 1837 1457 1886 exagitari.

127 1890 269 1940 Neque
290 1905 388 1930 vero
409 1906 513 1942 nego
533 1905 838 1942 nonnunquam
860 1892 993 1929 Deum
1016 1891 1145 1936 bellis,
1169 1891 1429 1940 pestilentiis,
1452 1891 1678 1929 afflictioni-

72 1945 152 1983 bus
171 1948 394 1984 emendare
414 1960 537 1985 suum
558 1960 725 1996 gregem
745 1961 753 1993 ;
783 1959 868 1984 non
895 1949 956 1984 est
981 1948 1121 1983 tamen
1148 1946 1312 1995 piorum
1340 1946 1493 1983 inferre
1518 1945 1677 1983 bellum
1701 1959 1760 1990 135

71 2002 142 2039 aut
171 2000 435 2039 afflictionem
463 2001 649 2051 impiam,
673 2002 708 2039 si
737 2001 850 2038 Deus
876 2000 1099 2049 aliquando
1124 2001 1283 2037 malum
1303 2000 1529 2038 alienorum
1552 2000 1678 2038 vertit

72 2055 117 2092 in
142 2054 300 2093 bonum
327 2069 509 2094 suorum.
571 2055 683 2094 Crux
711 2055 868 2094 Christi
898 2055 1076 2093 salutem
1104 2055 1250 2092 attulit
1278 2055 1448 2099 mundo,
1471 2058 1511 2092 et
1534 2058 1677 2092 tamen

71 2122 310 2148 execramur
343 2123 414 2148 eos
446 2110 519 2160 qui
553 2110 677 2148 illum
711 2111 759 2148 ad
795 2122 957 2147 crucem
991 2110 1229 2157 adegerunt.
1298 2109 1410 2145 Mors
1444 2111 1676 2158 martyrum

71 2163 299 2203 illustrauit
317 2165 473 2214 pariter
492 2167 534 2202 et
553 2165 820 2203 confirmauit
840 2163 1072 2201 Ecclesiam
1094 2163 1196 2209 Dei3
1225 2166 1367 2200 tamen
1395 2163 1588 2201 damnata
1615 2165 1678 2201 est

73 2231 216 2256 eorum
243 2220 438 2268 impietas
465 2233 539 2268 per
567 2232 670 2269 quos
699 2219 776 2256 hoc
805 2218 960 2256 bonum
992 2217 1113 2255 nobis
1144 2217 1332 2266 contigit.
1391 2217 1516 2255 Multi
1536 2218 1678 2255 minus
1700 2231 1761 2261 140

73 2276 211 2311 essent
243 2274 356 2319 mali,
388 2274 424 2311 si
453 2274 615 2312 diuitiis
642 2275 781 2312 essent
815 2272 990 2322 spoliati.
1055 2272 1147 2309 Non
1180 2276 1322 2309 tamen
1355 2274 1418 2309 est
1448 2271 1567 2320 probi
1597 2272 1677 2309 viri

72 2340 307 2377 quenquam
338 2328 512 2378 spoliare
541 2328 644 2375 suis,
664 2341 746 2377 quo
776 2327 897 2365 illum
928 2326 1070 2364 reddat
1103 2325 1330 2363 meliorem.
1392 2326 1523 2364 Porro
1548 2339 1677 2375 quum

72 2382 210 2420 omnis
240 2383 404 2420 nouitas
432 2383 564 2431 pariat
591 2383 835 2423 tumultum.
866 2380 1032 2419 etiamsi
1067 2381 1160 2429 quis
1189 2383 1306 2417 vocet
1339 2380 1389 2417 ad
1424 2380 1607 2423 meliora,
1642 2381 1677 2418 si

73 2436 173 2486 quid
212 2436 439 2475 dissidebat
472 2450 496 2475 a
529 2438 717 2486 receptis,
752 2440 839 2474 erat
874 2449 920 2473 ea
953 2435 1086 2484 specie
1121 2435 1434 2484 proponendum
1468 2437 1512 2473 vt
1553 2447 1675 2484 quam

73 2490 300 2529 minimum
329 2490 526 2529 dissidere
555 2492 774 2530 videretur.
1700 2503 1758 2535 145

126 2547 185 2583 At
214 2545 334 2584 aiunt
363 2545 595 2584 Lutherum
626 2546 857 2595 aliquoties,
880 2557 1008 2594 quum
1038 2544 1181 2581 eadem
1212 2543 1352 2581 doceat
1383 2556 1486 2593 quae
1516 2543 1678 2589 caeteri,

167 2693 237 2715 120.
261 2693 430 2723 promens
445 2685 482 2722 F,
500 2686 530 2713 vt
545 2685 579 2713 in
596 2693 640 2714 υτ.
659 2692 699 2721 57
710 2683 755 2721 *8‚
778 2684 837 2713 128
855 2694 860 2712 :
885 2691 1049 2722 premens
1066 2684 1107 2711 Η.
1246 2680 1319 2718 146.
1345 2680 1393 2710 At
1410 2683 1442 2709 II
1461 2691 1467 2710 ;
1492 2679 1546 2709 Ad
1564 2683 1600 2710 Γ.

121 2806 193 2834 103.
216 2794 333 2834 Arati]
351 2797 468 2824 Phaon.
486 2803 517 2832 5,
535 2803 587 2830 ap.
605 2795 691 2824 Acts
709 2803 756 2831 17.
774 2793 826 2823 28.
955 2792 1023 2821 116.
1049 2789 1188 2830 vxores]
1212 2800 1224 2819 1
1246 2790 1322 2821 Cor.
1343 2801 1372 2829 7.
1394 2792 1507 2829 13-16.

121 2849 192 2878 113.
222 2837 370 2877 Paulus]
389 2837 487 2868 Rom.
510 2846 559 2875 13.
581 2846 608 2874 1,
624 2837 690 2866 Tit.
708 2845 738 2874 3.
759 2846 783 2866 1.
958 2845 1026 2865 122.
1051 2833 1203 2873 Brutus]
1219 2834 1281 2864 See
1296 2835 1366 2865 Cic.
1379 2838 1421 2865 acl
1433 2837 1522 2865 Brut.
1542 2845 1567 2864 1.
1584 2844 1671 2872 17.1.

123 2893 193 2922 1¹5·
219 2880 482 2921 maledixisset]
498 2881 587 2911 Acts
603 2889 655 2919 23.
672 2889 747 2919 2-5.
956 2888 1026 2916 123.
1054 2877 1212 2917 Platoni]
1231 2878 1282 2909 Cf.
1302 2878 1363 2917 Ep.
1387 2887 1481 2916 1195.
1504 2880 1638 2915 116-17.

162 2925 297 2967 seruos]
339 2925 431 2964 Eph.
466 2925 497 2955 6.
533 2934 563 2963 5,
600 2924 673 2954 Col.
714 2934 743 2962 3.
784 2933 837 2957 22,
957 2931 1026 2959 127.
1055 2923 1148 2951 recte
1165 2921 1317 2962 tacetur]
1337 2922 1672 2961 Cf.Ep.1119.40n.

77 2980 89 2999 1
110 2970 203 3000 Tim.
219 2970 250 3000 6.
273 2979 300 3008 1,
317 2969 387 2999 Tit.
406 2978 436 3000 2.
454 2977 551 3007 9—10.
958 2975 1025 3004 132.
1051 2964 1297 3005 prouerbium]
1316 2965 1366 2996 Cf.
1384 2968 1490 3003 Λείας.
1508 2966 1560 2995 62.
