1990 3353
297 152 375 190 170
765 149 1016 188 LETTERS
1054 149 1123 188 OF
1161 148 1425 187 ERASMUS
1766 146 1893 201 [1520

213 273 277 305 430
296 275 497 312 magnum
527 261 774 299 Erasmum:
809 259 985 298 feliciter
1012 259 1148 297 fruere
1172 258 1248 296 hoc
1275 258 1410 297 titulo.
1467 258 1575 296 Sunt
1603 260 1644 296 et
1668 259 1738 308 qui
1762 259 1890 297 maxi-

297 329 439 355 mum:
469 318 510 353 et
530 315 595 353 his
615 315 772 361 accedo,
794 317 851 360 vt,
875 314 911 351 si
931 327 1004 363 ego
1024 312 1103 351 tibi
1122 313 1346 351 homuncio
1367 312 1460 360 sim,
1483 315 1528 350 tu
1549 312 1655 350 mihi
1682 313 1741 351 sis
1769 312 1894 351 Atlas

297 371 368 421 qui
389 370 550 408 coelum
572 369 752 407 creditur
771 368 985 415 sustinere,
1008 380 1138 416 quum
1166 381 1251 405 non
1277 366 1493 405 sustineat.
1553 367 1632 405 Sed
1659 366 1738 404 hoc
1767 380 1894 416 quan·

298 429 389 464 tum
410 424 539 474 spirat
557 423 843 461 Christianum
864 424 1004 471 pectus
1023 424 1143 459 tuum
1163 424 1205 459 et
1223 420 1341 459 illam
1354 420 1614 459 Erasmicam
1634 421 1890 466 charitatem,

298 480 408 529 quod
433 478 611 528 quodam
641 477 729 514 loco
754 477 798 514 in
822 476 1043 525 Farragine
1067 475 1349 525 Epistolarum
1372 488 1503 524 nuper
1531 474 1719 513 Basileae
1743 474 1893 513 emissa

215 544 277 576 435
298 534 348 572 ad
369 532 644 571 reuerendum
664 531 903 569 Roffensem
918 529 1103 580 primum
1119 529 1276 577 scribis,
1303 529 1458 567 ‘videri
1472 529 1551 567 tibi
1563 542 1629 567 me
1646 530 1793 567 natum
1806 542 1896 567 esse

299 588 349 626 ad
369 586 662 636 sycophantias
678 586 709 623 ἐ
741 585 888 622 deinde
909 584 977 632 sic,
1006 584 1114 633 ‘Ego
1135 583 1171 621 si
1190 583 1297 621 mihi
1320 583 1509 621 conscius
1535 596 1668 621 essem
1698 583 1896 621 minimae

299 640 586 691 portiunculae
610 641 672 677 tot
702 638 1081 689 sycophantiarum,
1107 651 1194 676 non
1219 637 1414 675 auderem
1440 638 1491 676 ad
1521 637 1678 676 Christi
1707 650 1896 676 mensam

299 696 487 734 accedere
501 694 510 708 '
527 696 536 732 l
595 696 603 713 ‘
619 693 925 743 Sycophantiae
938 692 960 740 ',
980 697 988 711 ⁴
1003 692 1369 741 sycophantiarum
1383 691 1405 739 ',
1432 694 1440 710 ‘
1454 691 1744 741 sycophantias
1760 691 1770 705 '
1791 692 1898 730 mire

299 749 378 788 tibi
408 750 587 799 placent,
618 751 664 787 vt
694 747 802 785 nihil
831 747 909 784 tibi
937 746 992 785 sit
1015 746 1149 795 magis
1173 747 1216 784 in
1245 759 1336 784 vsu.
1397 745 1479 784 Cur
1503 746 1582 783 tibi
1603 745 1757 784 excidit
1786 746 1896 795 quod

218 816 283 847 440
300 803 401 842 alibi
412 803 584 850 iactitaS,
603 805 670 840 ‘ex
683 802 765 840 tuis
779 801 944 850 scriptis
956 800 1170 838 neminem
1181 800 1246 838 vel
1260 799 1345 849 pilo
1358 799 1515 837 factum
1526 813 1615 838 esse
1627 799 1899 849 nigriorem'?

302 858 385 896 Hic
418 871 492 907 ego
525 857 730 906 numquid
762 869 835 905 per
866 859 905 893 te
937 855 1086 893 saltem
1118 857 1215 892 voto
1245 855 1375 892 factus
1405 867 1499 891 sum
1528 853 1698 903 nigrior,
1729 853 1898 903 quando

300 912 454 950 famam
470 925 606 950 meam
620 911 836 960 denigrare
853 922 1017 948 summa
1028 909 1071 947 vi
1084 908 1244 947 conaris
1257 910 1277 947 ⁵?
1334 908 1442 946 Nam
1458 908 1556 957 quid
1572 908 1705 958 magis
1719 907 1899 957 impium

302 979 427 1017 queas
445 966 677 1015 impingere
697 978 821 1015 quam
849 964 957 1013 quod
987 963 1177 1002 sordidus
1206 963 1342 1001 adhuc
1371 965 1412 1000 et
1437 964 1501 1000 tot
1528 962 1898 1012 sycophantiarum

302 1021 408 1059 mihi
445 1019 635 1058 conscius
671 1019 843 1057 audeam
883 1018 1069 1056 accedere
1109 1017 1159 1055 ad
1190 1017 1347 1055 Christi
1380 1029 1580 1064 mensam,
1614 1019 1659 1055 vt
1690 1030 1784 1055 reus
1818 1016 1901 1054 sim

220 1090 282 1120 445
302 1075 484 1125 corporis
517 1077 558 1112 et
591 1073 805 1123 sanguinis
840 1072 1046 1110 Domini?
1103 1071 1221 1110 Certe
1252 1072 1288 1109 si
1319 1084 1406 1109 non
1437 1084 1531 1108 sum
1564 1071 1698 1109 factus
1727 1071 1898 1120 nigrior,

303 1143 385 1167 non
406 1129 448 1167 id
473 1133 567 1167 tuae
590 1128 818 1166 modestiae
845 1127 917 1164 sed
945 1127 1149 1164 lectorum
1178 1125 1423 1176 prudentiae
1448 1125 1574 1163 fuerit
1596 1125 1899 1171 ascribendum,

303 1184 373 1234 qui
394 1183 500 1221 nihil
519 1183 599 1220 tibi
619 1182 787 1220 credant
803 1181 875 1219 tali
895 1180 1070 1219 authori.
1131 1180 1211 1219 Sed
1233 1193 1256 1218 o
1272 1179 1408 1225 homo,
1426 1182 1474 1217 tu
1489 1179 1583 1229 quis
1598 1192 1641 1217 es
1657 1180 1728 1229 qui
1743 1179 1905 1217 iudicas

302 1239 483 1276 alienum
510 1250 680 1275 seruum
701 1236 871 1274 domino
891 1248 964 1273 suo
989 1236 1171 1273 stantem
1196 1236 1267 1272 aut
1293 1235 1542 1272 cadentem?
1599 1233 1696 1271 Noli
1721 1233 1904 1271 iudicare

302 1295 348 1331 vt
367 1305 453 1330 non
472 1291 676 1330 iudiceris.

220 1358 284 1390 450
358 1346 441 1384 Hic
471 1359 545 1396 ego
573 1347 607 1384 si
635 1345 797 1389 vellem.
821 1356 985 1393 possem
1011 1345 1052 1381 te
1080 1343 1336 1381 remordere:
1366 1342 1436 1380 sed
1457 1342 1637 1392 reprimo
1658 1355 1736 1380 me.
1794 1341 1903 1379 Nam

305 1414 379 1439 nec
400 1414 502 1450 quae
523 1400 609 1437 dixi
629 1400 747 1449 plane
769 1398 980 1446 dixissem,
1004 1398 1085 1436 nisi
1105 1400 1151 1435 vt
1172 1397 1397 1435 modestiae
1419 1399 1511 1434 tuae
1538 1410 1662 1447 quam
1688 1397 1905 1445 tantopere

304 1457 487 1494 ostentas
506 1455 639 1493 veluti
665 1453 967 1492 simulachrum
993 1451 1246 1499 deliniarem,
1269 1465 1349 1501 quo
1368 1464 1420 1489 ne
1443 1464 1495 1489 ex
1522 1451 1645 1489 nudis
1662 1450 1799 1488 verbis
1820 1449 1905 1500 glo·

306 1510 411 1548 riam
440 1511 636 1558 reportes,
661 1521 790 1558 quum
821 1508 928 1545 facta
954 1519 1213 1556 nequaquam
1240 1506 1525 1555 respondeant.
1585 1505 1664 1543 Sed
1685 1504 1794 1554 quod
1815 1517 1903 1542 rem

307 1577 513 1614 nusquam
543 1563 731 1612 gentium
759 1574 943 1611 sparsam
964 1574 1048 1599 non
1067 1573 1155 1598 esse
1175 1560 1329 1605 scribis,
1352 1559 1393 1597 id
1419 1559 1503 1597 tuis
1522 1561 1562 1597 et
1582 1561 1752 1597 tuorum
1770 1557 1905 1597 literis

224 1628 286 1659 455
306 1619 462 1657 factum
478 1619 553 1665 est,
570 1630 654 1655 non
671 1616 787 1654 meis.
845 1615 934 1665 Ego
949 1617 1112 1653 tantum
1128 1615 1178 1653 ad
1194 1614 1350 1663 aliquot
1364 1614 1518 1652 amicos
1533 1613 1578 1651 in
1594 1612 1750 1662 Anglia
1765 1612 1813 1650 de
1828 1613 1906 1651 hoc

306 1672 494 1711 tumultu
521 1671 677 1720 scripsi,
705 1673 746 1708 et
769 1683 837 1708 eos
863 1670 1030 1719 quidem
1054 1681 1295 1707 communes
1318 1681 1363 1706 ac
1389 1681 1549 1717 paucos.
1609 1667 1672 1705 Tu
1695 1670 1742 1706 vt
1768 1667 1909 1705 vbiuis

306 1727 494 1777 gentium
513 1724 667 1764 amicos
687 1725 823 1770 habes,
847 1725 905 1762 ita
923 1723 1063 1762 vbiuis
1081 1723 1268 1773 sparsisti
1289 1735 1509 1770 rumorem,
1533 1734 1608 1759 nec
1627 1722 1725 1760 satis
1740 1735 1846 1759 vere.

363 1781 488 1820 ERAs.
520 1781 575 1818 Et
593 1782 693 1818 owste'
711 1781 933 1826 impotentes
954 1779 1240 1817 Germanorum
1260 1778 1413 1815 animos
1432 1777 1652 1825 ‘ingyeozz'ique
1669 1777 1905 1815 violentiam.

307 1834 367 1873 At
388 1836 512 1874 imhv'e
529 1835 698 1883 pharum
717 1836 809 1872 sunt
836 1834 903 1881 qui
927 1833 1026 1870 mihi
1044 1832 1134 1880 plus
1152 1833 1297 1880 fauent
1319 1843 1436 1878 quam
1464 1832 1585 1869 vele‘m.
1642 1831 1792 1869 Litteris
1812 1831 1908 1868 'meis

229 1895 292 1935 460
309 1890 446 1929 stilum
474 1889 720 1937 quorundam
747 1888 907 1934 cohibui,
939 1890 974 1925 et
1002 1887 1187 1933 cohibebo,
1220 1887 1320 1934 quod
1348 1886 1499 1934 quidem
1531 1886 1605 1923 erit
1633 1886 1676 1922 in
1703 1896 1774 1923 me.
1834 1885 1909 1923 Sed

309 1945 428 1983 (tudio
457 1944 645 1991 quosdam
672 1942 821 1980 minari
849 1942 1050 1980 atrociora.
1113 1941 1223 1989 Quod
1248 1951 1369 1989 yemis
1396 1941 1431 1979 si
1461 1940 1555 1988 quid
1583 1939 1766 1977 accideret
1795 1938 1910 1986 (quod

311 2000 418 2038 Deus
447 1998 629 2045 auertat),
662 2009 729 2035 nec
755 2008 820 2044 090
836 2008 997 2042 possam
1025 1998 1090 2033 tuo
1118 1995 1264 2033 mederi
1291 1995 1406 2037 malo,
1435 1997 1480 2042 et,
1505 1996 1545 2032 vt
1573 1996 1627 2031 est
1652 2005 1759 2032 mmo
1778 2004 1908 2040 prona

311 2054 512 2091 hominum
541 2053 716 2099 suspitio,
750 2051 906 2088 inuidia
927 2049 1031 2096 faeti
1061 2051 1105 2088 in
1133 2061 1260 2088 meum
1288 2060 1432 2097 quoque
1459 2050 1573 2096 caput
1599 2048 1793 2085 recideret.
1860 2047 1909 2085 Vt

312 2120 418 2155 spero
447 2107 546 2145 nihil
575 2106 652 2144 tale
671 2106 872 2152 futurum,
906 2104 962 2142 ita
990 2107 1115 2142 metuo
1143 2116 1191 2142 oze
1219 2103 1312 2151 quiec
1337 2102 1498 2141 accidat.
1558 2102 1602 2140 Si
1622 2102 1724 2139 nihil
1747 2102 1906 2147 eueniet,

230 2165 293 2207 465
311 2163 432 2200 amice
452 2162 565 2199 timui
585 2174 595 2197 .·
624 2161 687 2198 Sin
710 2160 855 2197 eueniet
884 2159 1044 2206 aliquid,
1072 2159 1192 2196 amice
1206 2158 1446 2205 praemonui,
1478 2160 1517 2194 vt
1538 2156 1572 2193 εὶ
1599 2156 1752 2194 videtur
1776 2156 1912 2203 aliquo

312 2218 413 2255 consi
418 2217 466 2253 lio
482 2226 660 2253 occurras
672 2215 784 2260 malo,
800 2214 899 2261 quod
912 2216 999 2251 tuae
1005 2213 1243 2260 prudentiae
1256 2212 1447 2249 videbitur
1459 2222 1536 2249 esse
1548 2211 1906 2248 commodissimum.

367 2271 442 2308 ΕΙ).
476 2269 571 2307 Non
598 2268 717 2305 facile
743 2267 923 2305 adducor
942 2269 985 2305 vt
1010 2267 1174 2304 credam
1198 2266 1302 2304 hanc
1328 2278 1416 2303 rem
1446 2264 1559 2302 cordi
1587 2276 1676 2301 esse
1704 2263 1913 2301 militibus

314 2323 535 2362 Germanis
555 2337 563 2361 :
591 2322 675 2360 illis
697 2321 804 2359 nihil
825 2335 919 2359 cum
946 2320 1106 2359 balneo.
1165 2321 1225 2358 At
1246 2319 1431 2358 eruditos
1452 2318 1708 2365 Germaniae,
1732 2330 1909 2367 quorum

357 2446 431 2483 458.
458 2447 516 2481 Ep.
534 2444 608 2483 998.
630 2453 682 2483 59.
710 2444 759 2472 sic
776 2442 875 2472 enim
892 2465 899 2471 .
921 2466 926 2472 .
947 2465 954 2472 .
972 2443 1023 2472 62.
1044 2441 1272 2471 concilim-int
1289 2450 1345 2470 om.
1366 2451 1397 2470 α.
1513 2439 1557 2468 Et
1582 2441 1677 2469 nosti
1696 2440 1912 2478 impotentes

315 2490 577 2520 Germanorum
595 2499 634 2518 a:
661 2487 731 2516 Nec
749 2487 888 2525 ignoras
906 2486 1013 2515 huius
1028 2485 1148 2524 gentis
1163 2487 1200 2515 Ε.
1308 2493 1381 2522 459.
1409 2483 1467 2512 his
1482 2483 1632 2522 plurimi
1650 2494 1670 2511 a
1686 2493 1693 2512 :
1718 2482 1911 2513 Germania

315 2532 513 2571 complures
532 2534 567 2562 Ε.
693 2531 774 2569 plus
792 2530 915 2559 fauent
932 2540 951 2558 α
967 2540 973 2558 :
998 2528 1196 2567 impensius
1213 2527 1362 2557 student
1380 2527 1491 2556 etiam
1507 2529 1542 2556 Ε.
1681 2528 1740 2563 Ep.
1757 2527 1831 2565 998.
1857 2527 1910 2564 64.

316 2575 486 2606 Nondum
505 2600 511 2606 .
530 2598 536 2605 .
559 2599 566 2605 .
585 2575 637 2604 66.
658 2573 812 2603 lacessiti
830 2583 888 2603 om.
906 2584 937 2603 α.
1027 2572 1159 2602 Literis
1176 2572 1266 2601 meis
1283 2570 1407 2600 stilum
1425 2568 1651 2608 quorundam
1667 2580 1705 2599 a:
1731 2569 1910 2609 Equidem

317 2619 512 2649 multorum
530 2618 653 2648 stilum
672 2618 803 2656 partim
820 2616 991 2653 oratione,
1010 2616 1142 2654 partim
1159 2614 1322 2654 epistolis
1338 2617 1376 2644 E.
1469 2614 1542 2650 460.
1566 2615 1601 2642 et
1618 2613 1797 2649 cohibebo,
1817 2612 1913 2652 quod

316 2663 464 2702 quidem
488 2673 526 2692 a:
551 2661 777 2691 cohibiturus
801 2660 922 2698 etiam,
948 2660 1126 2697 quantum
1152 2661 1188 2688 E.
1334 2658 1408 2694 461.
1435 2656 1567 2686 minari
1593 2656 1766 2686 atrociora
1789 2667 1827 2686 a:
1854 2655 1914 2686 his

315 2706 489 2737 atrociora
502 2705 633 2735 minari
652 2707 689 2734 E.
801 2702 893 2742 quod
912 2708 983 2732 ante
998 2702 1092 2732 Deus
1107 2713 1148 2731 a:
1174 2701 1210 2731 id
1228 2701 1321 2740 quod
1340 2703 1377 2731 E.
1512 2701 1588 2738 462.
1613 2709 1756 2739 possum
1772 2711 1810 2730 a:
1836 2709 1912 2739 pos-

316 2759 390 2780 sem
408 2752 444 2780 E.
513 2751 572 2785 Ep.
589 2748 663 2786 998.
685 2757 736 2786 71.
756 2747 813 2776 Ita
829 2770 836 2777 .
858 2770 864 2777 .
885 2769 893 2778 .
915 2756 966 2784 74.
983 2746 1117 2776 factum
1131 2755 1188 2775 om.
1209 2756 1239 2774 α.
1333 2745 1406 2782 463.
1431 2743 1477 2774 Vt
1492 2755 1511 2772 α
1528 2754 1533 2772 ;
1558 2743 1635 2773 Iam
1652 2745 1690 2773 vt
1708 2746 1745 2774 Ε.
1837 2744 1912 2780 464.

318 2793 388 2823 tale
405 2804 425 2822 α
441 2805 446 2823 ;
471 2791 677 2822 huiusmodi
698 2793 732 2820 Ε.
809 2791 857 2820 ita
876 2801 895 2818 α
911 2800 917 2820 ;
944 2790 995 2819 ita
1011 2791 1133 2819 contra
1151 2791 1187 2819 E.
1249 2788 1389 2818 eueniet
1408 2798 1446 2817 a:
1470 2790 1523 2817 est
1540 2785 1690 2826 periculi
1706 2789 1743 2816 E.
1836 2787 1911 2825 465.

317 2837 458 2867 eueniet
474 2835 624 2874 aliquid,
640 2834 752 2864 amice
770 2845 789 2862 α
804 2843 811 2862 :
835 2836 899 2872 est,
920 2833 1070 2863 amicius
1087 2834 1125 2862 Ε.
1216 2834 1253 2861 vt
1271 2843 1290 2860 a
1307 2843 1312 2862 ι
1339 2840 1408 2870 quo
1425 2831 1537 2870 possis
1552 2833 1588 2860 E.
1696 2830 1770 2867 466.
1796 2839 1914 2860 oecur-

319 2890 374 2911 ras
390 2880 483 2910 malo
500 2891 519 2908 a
533 2891 538 2909 :
563 2887 744 2909 occurrere
761 2880 798 2906 E.

362 2997 435 3027 435.
461 2986 602 3027 scribis]
628 2987 690 3026 Ep.
709 2987 783 3024 936.
801 2995 897 3024 32-5.
1157 2993 1250 3021 1007.
1268 2984 1349 3013 8111.

363 3042 437 3070 440.
462 3029 619 3069 institas]
644 3031 705 3070 Ep.
725 3039 801 3068 950.
825 3038 948 3067 11-12;
972 3028 1013 3059 cf.
1033 3028 1092 3067 Ep.
1197 3027 1270 3064 448.
1298 3026 1380 3056 Noli
1397 3025 1568 3066 iudicare]
1594 3025 1646 3057 Cf.
1665 3025 1763 3056 Mart.
1786 3034 1812 3063 7.
1835 3034 1859 3055 1.
1913 3058 1916 3063 ¹
