1990 3353
97 141 218 196 1087]
582 143 736 182 FROM
773 143 1009 183 THOMAS
1047 143 1202 183 MORE
1612 143 1691 182 221

146 255 259 294 Haec
293 269 389 294 cum
423 255 658 305 scripserim
694 257 734 293 et
762 254 975 293 lacessitus
1003 256 1043 292 et
1076 252 1332 292 turbulentis
1360 252 1617 303 temporibus
1651 255 1691 290 et

92 323 197 358 vere,
220 312 363 348 tamen
392 322 608 359 nunquam
637 308 704 348 vel
734 308 844 347 edidi
873 308 939 346 vel
970 308 1133 347 ostendi
1161 307 1256 355 sola,
1285 307 1355 346 sed
1386 307 1443 345 ita
1471 307 1692 345 coniuncta

92 377 188 402 cum
207 364 316 411 aliis,
337 366 383 402 vt
410 363 575 402 lectoris
598 363 793 412 cogitatio
811 362 879 400 vel
903 362 1134 412 plurimum
1157 363 1414 401 auerteretur
1433 361 1484 400 ab
1504 361 1601 409 illis,
1625 361 1692 398 vel

92 430 177 457 non
197 420 285 457 tota
304 420 412 456 certe
432 417 686 456 detineretur
704 417 750 455 in
769 417 881 455 illis:
911 430 1007 455 cum
1029 416 1120 455 eius
1145 416 1396 455 Antimorus
1416 416 1559 454 contra
1584 415 1693 453 nihil

91 472 335 522 profiteatur
354 472 465 510 aliud
488 485 609 522 quam
631 471 676 509 in
697 484 839 509 meum
861 484 1015 509 nomen
1034 484 1121 509 non
1141 470 1282 508 minus
1302 469 1432 508 delira
1457 482 1582 519 quam
1602 483 1692 507 con·
1735 482 1751 512 5

91 526 312 565 tumeliosa
330 526 524 565 conuitia.
565 525 783 564 Postremo
803 538 898 564 cum
919 525 1165 575 accepissem
1186 525 1229 563 id
1247 524 1314 574 agi
1329 526 1375 563 vt
1395 524 1694 562 excuderentur

92 581 404 631 Epigrammata
436 593 527 618 mea
560 580 757 627 Basileae,
793 579 874 618 scis
906 579 995 629 ipse
1029 579 1126 629 quid
1160 578 1316 628 egerim
1351 581 1396 617 vt
1429 591 1475 616 ea
1509 591 1610 628 quae
1648 578 1693 616 in

91 635 286 673 Brixium
305 635 559 684 scripseram,
578 648 604 672 v
608 647 661 673 na
676 647 771 672 cum
785 633 1002 672 nonnullis
1018 633 1337 672 omitterentur:
1366 633 1473 682 quod
1491 632 1693 682 quaedam

92 689 199 728 mihi
225 702 308 728 non
336 688 436 727 satis
465 701 632 727 saeuera
656 688 920 735 videbantur,
946 687 1112 726 etiamsi
1138 687 1283 737 procul
1308 687 1447 725 absint
1472 686 1523 725 ab
1553 700 1599 725 ea
1627 686 1693 724 ob-

93 744 314 782 scoenitate
339 756 419 792 qua
445 743 574 781 ferme
603 743 691 781 sola
721 743 982 792 quorundam
1011 742 1311 792 epigrammata
1338 740 1460 779 video
1489 754 1693 779 commen-

93 798 182 836 dari
209 797 469 848 quibusdam.
529 797 584 835 Et
613 797 738 835 simul
763 797 977 835 neminem
1000 796 1190 834 volebam
1216 795 1490 846 quantumuis
1515 795 1625 834 iusta
1645 795 1694 833 de

92 865 213 891 causa
231 851 445 890 tantillum
466 865 489 890 a
508 865 575 889 me
597 850 821 901 perstringi
839 850 1103 889 nominatim.

148 906 236 955 Qua
262 906 306 944 in
336 919 389 954 re,
423 906 531 955 quod
560 906 609 944 ad
639 905 831 945 Brixium
861 906 1025 952 attinet,
1054 918 1196 943 meum
1225 906 1422 943 conatum
1448 904 1692 942 frustratum

93 974 183 999 esse
202 960 468 999 vehementer
487 960 665 1010 gaudeo:
695 960 796 999 adeo
814 973 858 998 se
877 959 1055 998 declarat
1070 960 1244 1008 dignum
1263 960 1308 997 in
1328 971 1452 1009 quem
1474 958 1596 1008 longe
1614 958 1695 996 alia

93 1014 382 1053 scriberentur.
441 1014 548 1053 Nam
571 1015 615 1053 in
642 1014 727 1053 illis
754 1014 904 1064 quibus
928 1027 1013 1053 non
1037 1014 1179 1052 minus
1199 1013 1341 1052 crebro
1361 1012 1545 1051 inculcat
1570 1025 1694 1062 quam

93 1069 207 1118 falso,
230 1082 274 1107 se
293 1072 562 1118 prouocatum
581 1069 708 1119 prius,
733 1071 772 1107 et
790 1070 854 1107 tot
872 1068 1045 1118 probris,
1064 1070 1127 1106 tot
1147 1067 1353 1115 conuitiis‚
1369 1069 1433 1106 tot
1447 1067 1691 1106 maledictis.

94 1126 155 1162 tot.
176 1123 287 1171 diris,
310 1125 372 1161 tot
392 1123 722 1162 execrationibus
742 1123 947 1162 offensum
969 1123 1224 1172 capitaliter3
1253 1122 1287 1161 si
1307 1135 1354 1160 ea
1380 1135 1484 1172 quae
1510 1124 1694 1159 recenset

94 1178 312 1224 inuenerit,
338 1191 570 1228 quanquam
591 1181 636 1216 vt
655 1180 747 1216 tum
767 1190 832 1216 res
852 1180 970 1216 erant
990 1180 1030 1215 et
1050 1177 1162 1215 illius
1189 1177 1350 1224 merita,
1375 1189 1518 1215 meum
1537 1176 1694 1214 factum

94 1233 320 1282 potuissem
341 1232 530 1270 omnium
551 1232 741 1281 gentium
760 1232 847 1270 iure
864 1232 1091 1279 defendere,
1110 1233 1251 1269 tamen
1271 1243 1491 1280 agnoscam
1511 1230 1694 1279 profecto

94 1287 284 1337 Cyclopis
310 1286 427 1325 illam
457 1286 712 1336 Polyphemi
738 1286 967 1325 barbariem
997 1299 1121 1336 quam
1151 1285 1258 1324 mihi
1287 1285 1456 1324 Brixius
1484 1284 1688 1334 impingit.

95 1341 213 1389 Quod
242 1341 278 1379 si
307 1343 449 1379 contra
478 1354 563 1378 non
591 1341 801 1379 inuenerit
829 1340 915 1379 illic
945 1354 991 1379 ea
1021 1353 1126 1390 quae
1154 1341 1353 1387 causatur,
1386 1341 1486 1377 tunc
1515 1352 1694 1388 aequum

95 1408 240 1434 censeo
270 1397 316 1433 vt
347 1397 542 1444 agnoscat
572 1395 740 1434 Brixius
770 1408 868 1434 eum
902 1395 1040 1433 locum
1072 1408 1152 1444 quo
1182 1394 1232 1432 de
1262 1394 1366 1432 diris
1401 1393 1542 1432 obiicit
1571 1395 1695 1442 atque

92 1449 431 1489 execrationibus
461 1449 512 1487 ab
538 1449 628 1499 ipso
648 1450 793 1488 fictum
821 1451 967 1495 totum,
998 1451 1044 1487 vt
1071 1451 1178 1487 esset
1203 1448 1320 1487 sedes
1347 1449 1391 1486 in
1419 1461 1545 1497 quam
1574 1447 1694 1496 Poly-

94 1504 295 1553 phemum
321 1506 487 1542 vastum
514 1517 614 1542 sane
642 1503 853 1554 gigantem
877 1506 1014 1553 posset
1042 1503 1290 1541 admittere:
1322 1503 1486 1552 quando
1506 1503 1605 1540 adeo
1631 1501 1695 1539 illi

94 1561 182 1597 tam
201 1557 337 1608 lepida
352 1557 641 1597 blandiebatur
658 1557 858 1603 inuenffio,
876 1560 923 1597 vt
938 1558 1078 1607 potius
1094 1570 1218 1607 quam
1239 1559 1452 1606 cogeretur
1466 1556 1692 1601 excludere,

95 1613 341 1662 fingendum
372 1612 585 1662 quippiam
617 1612 780 1651 duxerit
811 1612 857 1651 in
890 1612 999 1662 quod
1034 1614 1174 1661 posset
1203 1611 1359 1660 aliquid
1390 1611 1520 1649 facete
1550 1611 1694 1649 dicere.

96 1668 254 1705 Verum
274 1667 319 1705 ni
342 1667 498 1705 caecior
524 1669 631 1705 esset
658 1667 747 1716 ipso
773 1666 1034 1716 Polyphemo
1061 1666 1241 1713 Brixius,
1269 1665 1387 1705 facile
1414 1666 1596 1715 profecto
1617 1678 1697 1702 cer-

97 1724 211 1760 neret
230 1734 322 1760 eam
344 1734 432 1759 rem
459 1734 545 1760 non
571 1722 798 1760 admodum
823 1721 1006 1759 multum
1032 1720 1097 1759 illi
1121 1720 1347 1770 parituram
1367 1719 1532 1769 gloriae,
1557 1719 1592 1758 si
1619 1719 1698 1758 dis-

95 1775 341 1814 simulanter
367 1776 617 1825 praeteriens
643 1776 752 1826 quod
776 1776 821 1813 in
841 1789 937 1814 eum
965 1775 1128 1824 dicitur,
1155 1774 1235 1814 alia
1263 1777 1406 1813 contra
1433 1787 1475 1812 se
1501 1774 1697 1812 subornet

94 1831 193 1880 ipse,
214 1843 316 1880 quae
336 1830 551 1868 commode
570 1830 700 1880 possit
719 1830 897 1869 vincere.

149 1885 405 1934 Scripseram
435 1885 686 1934 epigramma
714 1884 759 1923 in
788 1884 996 1935 quendam
1026 1885 1269 1931 nostratem,
1293 1883 1362 1934 qui
1391 1883 1574 1929 ridicule,
1602 1896 1698 1921 cum

96 1939 216 1978 nobis
235 1939 395 1977 bellum
415 1942 523 1977 esset
542 1953 638 1977 cum
659 1939 802 1985 Gallis,
825 1939 871 1976 in
888 1938 1069 1977 Gallicos
1089 1951 1225 1977 mores
1247 1940 1360 1976 totus
1380 1937 1547 1976 abierat.
1598 1937 1697 1976 Alio

96 1994 197 2040 loco,
233 1994 429 2043 quoniam
468 1993 636 2031 Brixius
673 2006 749 2032 nos
785 1993 1009 2043 appellarat
1047 1992 1296 2042 foedifragos
1335 1995 1458 2041 atque
1495 1992 1694 2042 periuros,

96 2048 314 2098 tetigeram
353 2048 484 2086 obiter
521 2050 709 2086 nostram
748 2060 915 2086 causam
936 2047 980 2085 in
1016 2047 1176 2085 Gallico
1209 2047 1318 2085 bello
1353 2047 1479 2084 fuisse
1512 2046 1621 2095 piam
1657 2049 1697 2084 et

96 2102 319 2141 officiosam
361 2102 406 2139 in
448 2102 677 2140 Ecclesiam
721 2102 888 2149 Christi,
930 2101 1047 2140 cuius
1085 2100 1247 2140 Vicario
1292 2114 1438 2139 sumus
1483 2100 1696 2150 opitulati:

97 2156 315 2195 Gallorum
336 2158 491 2204 contra,
513 2157 621 2206 quod
646 2157 837 2194 fouerent
859 2156 1038 2194 schisma
1062 2157 1104 2194 et
1126 2158 1414 2205 oppugnarent
1434 2153 1694 2192 Pontificem.

97 2211 214 2260 Quod
247 2211 386 2261 ipsum
420 2224 552 2260 neque
590 2223 702 2249 nunc
735 2211 899 2261 disputo
938 2223 1092 2258 rursus,
1128 2223 1262 2259 neque
1296 2209 1397 2247 olim
1430 2221 1497 2246 me
1531 2209 1698 2247 volente

95 2264 265 2315 prodiit.
324 2266 378 2303 Et
416 2266 556 2303 tamen
594 2265 630 2303 si
668 2265 857 2304 finxisset
894 2264 1065 2303 Brixius
1099 2263 1181 2312 (cui
1218 2267 1306 2302 tam
1344 2264 1531 2312 impense
1566 2263 1698 2312 placet

96 2319 264 2369 fingere)
285 2322 542 2358 commotum
569 2319 654 2357 illis
680 2319 781 2358 locis
807 2320 934 2358 fuisse
962 2332 1062 2367 sese,
1089 2318 1292 2368 potuisset
1320 2318 1482 2355 homini
1510 2317 1698 2356 fortassis

97 2374 255 2424 ignosci
280 2374 465 2413 facilius:
493 2376 540 2412 vt
568 2373 634 2412 cui
660 2373 870 2412 videretur
894 2373 1141 2423 imposuisse
1170 2373 1272 2411 falsa
1302 2372 1501 2422 quaedam
1533 2371 1697 2410 honesti

96 2428 261 2478 species,
283 2441 432 2477 nempe
457 2441 572 2466 amor
599 2427 865 2478 importunus
892 2428 937 2466 in
967 2427 1153 2477 patriam,
1178 2440 1261 2476 quo
1282 2427 1491 2465 videretur
1513 2425 1579 2464 vel
1603 2439 1698 2464 vere

97 2483 141 2520 in
167 2496 258 2520 eam
285 2482 394 2520 dicta
419 2495 504 2520 non
530 2483 700 2532 perpeti,
722 2482 789 2521 vel
815 2484 925 2521 certe
953 2482 1187 2520 foederibus
1214 2481 1445 2519 condonata
1467 2480 1694 2519 vendicare.

98 2536 217 2575 Nunc
236 2549 332 2575 vero
353 2536 635 2586 stupidissime
660 2537 811 2586 delegit
831 2550 923 2575 eam
948 2549 1125 2583 causam,
1146 2535 1191 2573 in
1215 2549 1294 2585 qua
1318 2537 1359 2573 et
1385 2535 1548 2573 eosdem
1575 2535 1698 2572 habet

97 2590 235 2629 obices
265 2603 366 2640 quos
394 2591 563 2629 haberet
592 2591 690 2639 illic,
720 2604 869 2641 nempe
897 2590 1036 2640 ipsum
1066 2589 1277 2639 scripsisse
1306 2590 1432 2639 prius,
1461 2589 1698 2640 praebuisse

493 2679 562 2718 158.
590 2680 846 2710 omitterentur
861 2680 985 2709 Jortin:
1010 2679 1266 2708 emitterentur
1281 2688 1312 2711 α.

146 2787 215 2816 157.
241 2777 388 2817 egerim]
422 2777 536 2808 There
568 2779 597 2808 is
629 2788 674 2808 no
706 2780 799 2808 trace
831 2777 870 2808 of
980 2778 1048 2807 182.
1073 2776 1243 2818 Gallicos]
1290 2780 1398 2815 Epiqr.
1448 2788 1478 2817 p.
1528 2787 1615 2816 209:
1662 2785 1699 2806 m

100 2820 173 2851 this
197 2821 235 2851 in
260 2820 386 2851 More's
410 2821 722 2861 correspondcnce,
752 2831 788 2852 so
814 2822 867 2852 far
932 2830 1073 2851 ANGLVM
1120 2830 1290 2851 GALLICAE
1337 2831 1488 2852 mutavm:
1533 2830 1698 2851 Arri-:crn-

99 2874 137 2896 as
152 2865 182 2895 it
198 2865 368 2894 sur-vives.
932 2873 1058 2894 ΤοηΕΜ.

146 2908 218 2947 158.
233 2906 434 2948 nonnullis]
450 2907 645 2947 Evidently
659 2908 867 2947 theliglxter
1043 2907 1124 2938 Alio
1170 2907 1259 2948 loco]
1300 2910 1412 2946 Epiqr.
1456 2918 1487 2947 p.
1530 2917 1613 2946 239:
1661 2916 1698 2936 m

100 2961 241 2987 verses;
279 2951 399 2981 which
439 2961 498 2981 are
537 2961 632 2981 moro
672 2952 788 2982 suited
828 2953 864 2982 to
933 2961 1087 2981 mconvx
1132 2960 1252 2982 REGEM
1298 2961 1483 2982 scoronvm.
1556 2952 1597 2981 In
1639 2951 1699 2980 the

101 2994 242 3026 Martial
261 2995 349 3025 than
369 2997 404 3024 to
422 2994 528 3025 More.
933 2995 1069 3025 edition
1094 2995 1132 3025 of
1151 2995 1229 3027 Dec.
1255 3004 1338 3034 1520
1358 2996 1431 3026 this
1451 2995 1608 3035 epigram
1628 3004 1700 3023 was

148 3048 218 3077 170.
245 3037 472 3078 Polyphemi]
497 3039 549 3069 Cf.
568 3039 589 3069 l.
612 3048 659 3076 74.
933 3038 1163 3070 withdrawn.

1719 746 1775 778 160

1717 1017 1774 1059 165

1719 1296 1779 1328 170

1720 1568 1776 1602 175

1721 1838 1780 1869 180

1721 2105 1778 2145 185

1722 2385 1780 2416 190
