1990 3353
247 421 287 452 45

251 691 291 722 50

254 964 291 995 5³

257 1777 296 1809 '¹²0

258 2057 293 2081 ID

276 1508 290 1537 ζ
313 1491 506 1529 Luthero.

302 134 382 172 398
769 133 1018 172 LETTERS
1057 132 1128 171 OF
1165 132 1432 172 ERASMUS

1780 130 1904 185 [1520

359 242 436 280 Est
469 242 537 279 hic
564 240 811 280 Vincentius
843 241 1011 290 quidam
1042 240 1328 290 Dominicalis,
1360 241 1671 290 Alcmariensis,
1709 242 1906 292 magister

307 299 455 342 noster,
478 296 604 334 homo
624 295 799 333 minime
821 295 965 333 doctus
984 296 1026 333 et
1045 297 1195 334 natura
1214 296 1368 334 fatuus.
1428 295 1473 334 Is
1493 309 1623 346 quum
1643 296 1796 346 vbique
1821 296 1905 334 iam

307 350 378 389 diu
418 349 707 388 deblaterasset
743 349 787 387 in
827 362 906 396 me,
947 362 1023 387 nec
1065 349 1193 387 finem
1231 350 1381 388 faceret
1427 350 1557 388 semel
1593 352 1716 400 atque
1754 350 1906 388 iterum

308 404 503 450 monitus,
528 403 696 441 tandem
726 403 811 442 adii
839 404 1067 449 hominem,
1097 404 1286 442 hortatus
1315 417 1409 443 sum
1436 406 1482 442 vt
1511 417 1649 442 coram
1678 405 1843 452 diceret,
1871 404 1907 442 si

309 459 407 508 quid
429 458 613 496 haberet.
674 457 927 496 Ostendebat
946 458 1034 496 loca
1053 458 1253 508 quaedam
1274 459 1318 496 in
1339 458 1459 496 libris
1483 459 1588 497 meis
1607 472 1712 508 quae
1731 459 1906 507 notarat,

309 525 487 563 quorum
521 512 688 550 nullum
727 513 899 550 omnino
931 512 1205 551 intellexerat.
1264 513 1340 551 Est
1377 514 1419 550 et
1459 512 1699 551 Priorculus
1738 512 1908 562 quidam

309 567 449 614 idiota,
474 567 545 604 sed
565 566 797 604 meretricia
815 566 986 611 malitia,
1010 580 1060 605 ex
1080 566 1159 605 isto
1179 568 1382 616 profectus
1401 567 1676 606 monasterio:
1706 567 1742 605 is
1767 569 1910 605 auctor

310 624 372 660 est
401 621 642 659 huiusmodi
671 620 842 660 naeniis.
903 621 1020 669 Quod
1051 622 1086 658 si
1114 621 1190 659 erit
1218 622 1313 660 istis
1343 621 1525 670 impune,
1556 623 1602 659 vt
1632 622 1667 660 si
1697 621 1795 671 quid
1824 620 1910 659 illis

310 676 422 714 dolet
441 677 513 714 aut
533 677 568 713 si
589 676 687 725 quid
709 676 983 725 suspicantur,
1007 676 1234 714 abutantur
1252 677 1493 714 auctoritate
1519 676 1599 714 loci
1625 675 1910 724 sermonisque

311 729 443 768 diuini
476 730 526 768 ad
557 730 815 768 vlciscendos
845 730 1016 767 affectus
1046 743 1153 773 suos
1185 743 1281 768 cum
1310 730 1532 768 obscurum
1565 743 1651 768 non
1684 730 1738 768 sit
1768 729 1910 779 quales

311 785 406 830 sint,
430 784 541 834 quid,
565 783 743 831 obsecro,
767 784 955 822 futurum
978 786 1038 822 est
1059 784 1268 833 denique?

365 839 427 876 De
449 839 632 876 Luthero
652 839 733 877 scis
753 838 920 876 fumum
947 838 1129 888 aliquem
1156 839 1380 876 excitatum
1408 838 1593 885 Louanii‚
1618 838 1810 876 videlicet
1833 838 1932 880 hoc,

310 893 529 942 agentibus
548 893 764 942 theologis,
782 906 804 930 a
825 892 976 942 quibus
996 894 1093 931 nata
1112 896 1175 932 est
1194 893 1341 931 Bulla:
1371 906 1468 931 mox
1488 892 1642 940 Leodii‚
1661 892 1912 930 conniuente

279 965 289 972 ·
311 947 527 997 Episcopo,
570 948 641 997 qui
683 947 817 984 ambit
862 947 1050 995 galerum
1089 947 1424 986 cardinalitium:
1473 949 1680 996 postremo
1718 947 1911 985 Coloniae

310 1002 445 1040 multo
483 1002 609 1040 etiam
650 1001 840 1048 odiosius,
884 1001 956 1039 vbi
994 1004 1141 1051 regnat
1180 1001 1469 1050 Hoogstratus.
1532 1002 1610 1040 Sed
1649 1003 1697 1040 vt
1736 999 1912 1039 Lutheri

310 1057 462 1105 scripta
491 1069 576 1094 non
605 1056 835 1105 probantur
866 1056 1071 1096 omnibus.
1095 1058 1154 1094 ita
1183 1056 1291 1094 nulli
1320 1069 1404 1093 non
1435 1055 1647 1105 displicuit
1675 1056 1735 1093 rei
1764 1055 1912 1093 modus

309 1113 351 1149 et
379 1108 616 1163 s[c]aeuitia
640 1112 726 1149 tam
750 1110 980 1159 tyrannica.
1041 1110 1123 1149 Nec
1151 1111 1193 1148 id
1220 1111 1416 1148 fecissent
1443 1110 1616 1159 impune
1636 1109 1848 1155 Coloniae,
1867 1109 1913 1147 ni

310 1165 543 1214 praesentia
563 1164 688 1214 Regis
709 1164 947 1202 obstitisset.
1005 1164 1125 1203 Nunc
1145 1164 1354 1203 Lutherus
1381 1164 1467 1202 illic
1487 1165 1683 1202 venditur
1702 1166 1749 1202 vt
1776 1166 1909 1201 antea.

312 1219 394 1257 Hic
425 1219 506 1257 duo
537 1219 789 1268 scripserunt
817 1219 1014 1257 aduersus
1043 1219 1288 1259 Lutherum.
1311 1219 1514 1257 Latomus
1542 1222 1583 1257 et
1613 1218 1727 1256 Ioan.
1760 1218 1913 1256 Turen-

311 1274 425 1315 hout.
458 1273 528 1311 sed
561 1275 710 1311 neuter
738 1273 903 1312 videtur
931 1273 1084 1311 librum
1116 1274 1329 1321 editurus:
1378 1273 1584 1319 diffidunt,
1617 1274 1772 1322 opinor,
1806 1272 1912 1310 sibi:

311 1334 349 1366 et
380 1328 499 1378 longe
529 1328 692 1366 facilius
721 1330 783 1365 est
813 1327 871 1365 sic
906 1327 1034 1366 bullis
1068 1331 1108 1366 et
1139 1328 1256 1366 fumo
1286 1328 1449 1366 vincere
1482 1340 1607 1377 quam
1641 1328 1910 1376 argumentis.

312 1382 538 1432 Nunquam
565 1396 632 1420 me
659 1382 863 1420 admiscui
891 1395 1036 1420 causae
1057 1383 1329 1423 Lutheranae.
1352 1382 1521 1420 tametsi
1553 1395 1684 1431 neque
1716 1381 1915 1419 clamores

311 1437 461 1475 horum
478 1449 662 1486 vnquam
678 1436 862 1486 probaui,
880 1450 1014 1486 neque
1035 1436 1198 1475 libellos
1218 1450 1361 1475 eorum
1377 1435 1446 1486 qui
1463 1436 1663 1474 hactenus
1679 1437 1915 1485 repugnant

568 1491 623 1528 Et
655 1491 734 1529 hoc
766 1491 874 1528 male
907 1491 1031 1529 habet
1066 1492 1180 1529 istos.
1242 1491 1287 1530 Si
1317 1491 1501 1529 Luthero
1535 1490 1733 1537 adessem,
1765 1490 1915 1527 iisdem

312 1545 518 1583 machinis
547 1548 586 1583 et
620 1559 688 1583 me
718 1545 1007 1593 adorirentur3
1048 1545 1084 1583 si
1118 1559 1347 1595 repugnem
1384 1545 1578 1591 Luthero,
1611 1545 1915 1583 Germanorum

312 1600 421 1647 odio,
437 1600 544 1650 quod
567 1600 609 1637 in
631 1612 773 1637 meum
793 1602 915 1648 caput
935 1600 1195 1643 concitarem,
1214 1599 1487 1637 abuterentur
1500 1599 1544 1637 in
1562 1612 1704 1637 meum
1724 1598 1910 1644 exitium,

311 1654 504 1692 homines
522 1654 794 1704 Euangelicae
814 1654 1151 1692 mansuetudinis
1171 1668 1215 1692 ac
1242 1653 1541 1703 simplicitatis.
1594 1653 1659 1691 Me
1685 1653 1772 1691 suis
1798 1665 1913 1691 men-

314 1709 440 1747 daciis
461 1708 696 1747 detulerunt
717 1707 825 1757 apud
846 1707 1056 1746 Nuntium
1076 1708 1379 1758 Apostolicum,
1405 1707 1521 1757 quasi
1547 1707 1661 1745 solus
1687 1706 1916 1745 sustineam
1964 1732 1967 1735 -

314 1763 489 1801 Lutheri
527 1763 752 1811 negotium,
791 1775 844 1800 ne
882 1762 1015 1812 possit
1052 1763 1191 1812 perdi:
1235 1775 1332 1801 nam
1373 1763 1448 1800 hoc
1488 1761 1625 1800 solum
1659 1761 1916 1808 moliuntur3

315 1817 465 1866 corrigi
485 1831 568 1855 non
592 1817 776 1866 cupiunt.

369 1872 465 1910 Dux
497 1872 738 1910 Franciscus
772 1871 959 1920 Singlius
992 1871 1186 1909 narrabat
1223 1883 1266 1909 se
1306 1870 1581 1919 expostulasse
1620 1883 1715 1908 cum
1749 1870 1917 1908 Caesare

315 1926 472 1974 Carolo,
498 1926 607 1975 quod
637 1926 718 1963 tale
748 1925 993 1963 mandatum
1024 1925 1223 1964 edidisset
1248 1925 1368 1974 quale
1396 1924 1616 1971 ferebatur,
1641 1926 1765 1973 atque
1794 1924 1917 1962 illum

315 1980 574 2029 respondisse
595 1993 637 2018 se
658 1980 766 2017 nihil
793 1980 875 2017 tale
901 1979 1129 2018 mandasse.
1192 1980 1287 2018 Dux
1318 1979 1521 2017 Saxoniae
1550 1978 1796 2026 Fridericus,
1822 1990 1917 2016 cum

257 2049 291 2058 -·
313 2036 454 2084 ageret
475 2047 569 2072 cum
590 2034 662 2072 illo
683 2035 733 2072 de
752 2034 948 2082 LutherO,
972 2034 1049 2072 hoc
1074 2034 1230 2083 accepit
1259 2047 1529 2083 responsum:
1565 2033 1681 2071 ‘Non
1709 2031 1918 2071 damnabi-

358 2187 409 2214 42.
422 2173 696 2214 Alc-mariensis]
708 2176 863 2206 Vincent
876 2175 948 2214 (see
959 2185 991 2215 p.
1003 2174 1086 2214 463)

316 2221 346 2250 is
363 2220 505 2259 usually
521 2220 597 2250 said
613 2221 650 2250 to
667 2220 710 2249 be
727 2219 765 2250 of
783 2220 964 2250 Haarlem.
1016 2219 1084 2249 His

316 2266 438 2294 native
465 2263 564 2303 place
588 2273 662 2293 was
687 2262 900 2302 Beverwijk,
927 2262 1083 2301 midway

315 2307 478 2338 between
496 2306 668 2338 Haarlem
687 2307 758 2337 and
775 2306 929 2337 Alcmar.

360 2360 410 2389 45.
439 2351 531 2391 adii]
550 2351 617 2381 For
632 2351 707 2381 this
728 2351 920 2381 interview
940 2359 997 2380 see
1022 2348 1084 2388 Ep.

320 2396 413 2433 1196.
433 2404 530 2433 31—4.
578 2395 628 2424 As
646 2395 673 2424 it
689 2395 772 2425 took
793 2394 891 2434 place
915 2395 979 2424 not
1002 2392 1085 2431 long

316 2438 435 2468 before
473 2438 536 2468 the
573 2438 795 2477 publication
831 2437 868 2468 of
902 2438 965 2467 the
1002 2435 1084 2466 Bull

317 2482 455 2520 against
480 2481 617 2512 Luther
641 2481 712 2521 (see
738 2481 801 2521 Ep.
826 2491 918 2519 1141.
938 2481 1035 2520 2011),
1054 2480 1084 2509 it

318 2534 400 2564 may
418 2526 459 2555 be
476 2525 582 2555 dated
601 2525 639 2555 in
657 2525 719 2555 the
736 2530 895 2556 summer
912 2524 950 2555 of
966 2533 1057 2562 1520.

361 2578 411 2606 47.
441 2568 662 2609 Priorculus]
681 2569 731 2599 Cf.
751 2569 816 2608 Ep.
839 2570 920 2607 1164
950 2568 1030 2606 48n.

361 2612 412 2649 48.
441 2612 569 2645 idiota]
586 2612 650 2642 See
668 2613 732 2651 Ep.
756 2622 848 2651 1153.
869 2621 966 2650 171n.

362 2665 414 2694 53.
440 2655 597 2695 fumum]
617 2656 668 2686 Cf.
686 2655 751 2695 Ep.
771 2665 861 2694 1157.
880 2657 937 2686 6n.

362 2708 414 2737 55.
441 2698 616 2739 galerum]
649 2699 759 2729 Erard
791 2699 870 2738 (Ep.
904 2697 981 2738 738)
1013 2706 1085 2727 was

319 2741 494 2782 proposed
534 2743 581 2782 by
611 2742 680 2772 Leo
719 2753 757 2773 as
788 2752 807 2772 a
839 2740 1007 2774 Cardinal
1040 2750 1084 2770 on

321 2784 476 2816 Charles'
497 2787 698 2825 suggestion
722 2787 759 2816 in
783 2787 872 2825 Aug.
892 2794 997 2824 15203
1022 2785 1087 2814 but

320 2830 381 2859 the
393 2829 507 2859 actual
522 2829 745 2868 publication
755 2830 857 2860 ofhis
867 2828 1087 2859 cardinalate

320 2882 392 2903 was
424 2875 487 2903 not
515 2873 616 2903 made
640 2873 697 2903 till
722 2883 743 2911 9
766 2873 855 2912 Aug.
884 2882 975 2910 1521.
1025 2872 1087 2902 See

321 2917 508 2947 Ciaconius
548 2916 598 2945 iii.
638 2926 723 2955 4193
769 2916 840 2946 and
879 2914 1087 2946 Aleander’s

320 2962 465 2999 Journal,
499 2960 552 2990 ed.
587 2961 728 2993 Omont.
764 2969 795 2998 p.
830 2969 882 2997 42.
948 2959 991 2989 In
1025 2958 1088 2988 the

321 3006 422 3034 notes
448 3013 492 3034 on
519 3005 608 3043 Aug.
628 3005 694 3033 Clu.
713 3006 780 3041 Dei,
800 3003 914 3042 Basle,
936 3002 1086 3041 Froben,

1151 2174 1248 2213 Sept.
1270 2183 1352 2212 1522
1380 2173 1414 2211 (i.
1440 2182 1503 2212 233
1528 2184 1561 2213 p.
1587 2173 1644 2211 24)
1662 2172 1769 2203 Vives
1794 2172 1918 2212 speaks

1151 2218 1189 2248 of
1217 2218 1330 2248 Erard
1361 2227 1398 2248 as
1425 2217 1502 2248 ‘his
1533 2217 1707 2256 proximis
1729 2215 1855 2246 diebus
1879 2216 1918 2246 in

1151 2261 1309 2300 ampliss.
1335 2260 1582 2291 Gai-dinanum
1598 2260 1763 2291 ordinem
1780 2262 1919 2299 coopta-

1152 2305 1240 2335 tus'.
1289 2304 1353 2335 Bk.
1390 2305 1400 2334 i
1429 2315 1501 2335 was
1532 2303 1732 2344 completed
1764 2304 1803 2333 in
1834 2303 1915 2334 Jan.

1155 2358 1233 2387 1521
1270 2348 1327 2388 (1'0.
1361 2347 1427 2385 aa4,
1460 2350 1560 2389 1—2);
1603 2348 1667 2378 but
1703 2348 1765 2377 the
1802 2346 1919 2377 words

1152 2392 1283 2431 quoted
1301 2401 1381 2431 may
1399 2391 1483 2421 well
1500 2392 1541 2422 be
1558 2401 1577 2421 a
1594 2391 1685 2422 later
1701 2391 1889 2421 insertion.

1196 2445 1249 2474 59.
1273 2436 1473 2474 praesentia
1495 2434 1614 2476 Regis]
1633 2435 1779 2465 Charles
1795 2444 1866 2465 was
1882 2436 1918 2464 at

1152 2479 1306 2518 Cologne
1325 2489 1366 2518 29
1383 2479 1525 2510 Oct.-16
1540 2479 1618 2509 Nov
1645 2489 1651 2497 ·
1678 2488 1734 2508 see
1756 2477 1916 2509 Gachard

1152 2524 1189 2553 ii.
1205 2523 1292 2561 28‚9.

1195 2568 1249 2597 60.
1275 2565 1460 2606 Latomus]
1479 2566 1529 2596 Cf.
1549 2566 1612 2605 Ep.
1636 2566 1729 2604 1165.
1756 2574 1832 2603 1311.

1238 2609 1462 2649 Turenhout]
1479 2609 1529 2639 Cf.
1548 2609 1612 2648 Ep.
1635 2609 1727 2647 1163.
1751 2618 1826 2639 ion.

1196 2654 1249 2693 69.
1276 2653 1473 2694 Nuntium]
1492 2651 1684 2684 Aleander.

1198 2706 1248 2735 72.
1276 2696 1451 2737 Singlius]
1483 2696 1552 2726 For
1577 2696 1652 2726 this
1679 2695 1770 2726 form
1799 2694 1837 2725 of
1858 2694 1920 2725 the

1153 2749 1258 2770 name
1275 2740 1316 2770 cf.
1334 2741 1398 2779 Ep.
1412 2750 1486 2780 999.
1498 2749 1558 2778 311
1575 2751 1583 2770 :
1606 2739 1725 2770 where
1740 2739 1802 2770 the
1816 2747 1919 2769 name

1154 2784 1184 2814 is
1200 2783 1315 2814 added
1334 2784 1371 2814 in
1389 2783 1425 2814 F.

1243 2827 1426 2867 narrabat]
1445 2828 1481 2856 at
1506 2825 1671 2866 Cologne.
1719 2825 1818 2865 They
1834 2834 1921 2864 very

1155 2870 1268 2909 likely
1314 2871 1425 2900 dined
1473 2869 1634 2909 together
1678 2869 1769 2899 with
1820 2868 1921 2899 Duke

1156 2914 1319 2944 Frederic
1349 2924 1393 2944 on
1421 2922 1439 2951 5
1468 2913 1555 2944 Nov.
1582 2914 1654 2953 (see
1675 2923 1707 2952 p.
1726 2911 1819 2952 370).
1867 2912 1919 2942 Cf.

1156 2957 1229 2987 also
1245 2957 1343 2988 BRE.
1363 2967 1435 2988 200.

1203 3010 1251 3040 75.
1280 3000 1358 3041 1110]
1385 3000 1530 3031 Charles
1546 3010 1579 3031 v.
