1990 3353
92 132 211 186 1196]
509 134 579 172 TO
617 133 870 172 VINCENT
909 134 1264 173 THEODORICI
1608 138 1686 175 465

86 245 280 283 tribuunt
299 247 512 293 peccatum
528 244 578 282 ab
593 244 683 293 ipsa
698 243 969 282 commissum
983 259 991 291 ;
1014 248 1058 282 tu
1074 244 1414 295 interpretabaris
1428 258 1496 283 me
1513 245 1688 284 definire

87 299 198 348 quod
217 299 348 347 Virgo
373 301 505 337 mater
527 298 675 336 fuisset
700 297 903 336 immunis
928 312 951 336 a
978 299 1167 348 contagio
1192 299 1423 348 primorum
1452 303 1685 348 parentum.

87 353 204 401 Quod
226 353 262 391 si
281 353 531 399 definissem,
555 352 662 390 nihil
681 353 769 389 erat
787 353 961 401 periculi
978 367 986 390 :
1017 356 1079 390 est
1099 354 1213 390 enim
1234 367 1280 391 ea
1301 353 1441 402 opinio
1461 356 1508 391 vt
1531 354 1688 392 fauora-

87 407 223 455 bilior,
247 407 308 445 ita
326 407 433 445 mihi
452 420 551 445 sane
571 405 832 455 probabilior.
892 408 951 444 At
972 407 1143 445 interim
1165 421 1249 445 non
1274 407 1537 457 intelligebas
1563 408 1688 446 homo

86 464 233 499 acutus
253 475 321 499 me
340 461 386 499 in
407 461 620 499 diuersum
641 461 782 509 potius
802 460 1048 499 ratiocinari.
1111 461 1195 499 Hic
1217 462 1336 500 facile
1363 462 1688 500 satisfactionem
1708 469 1751 501 60

85 515 327 565 accipiebas,
352 516 524 553 daturus
544 514 707 553 veniam
726 514 852 552 etiam
875 514 911 552 si
931 514 1221 554 dissensissem
1245 529 1269 553 a
1292 517 1445 554 iudicio
1466 516 1685 563 Ecclesiae,

87 571 210 608 modo
228 570 413 608 Thomae
431 569 662 607 sententiae
681 568 1027 619 subscripsissem.

142 625 248 663 Cum
268 637 343 673 ego
363 625 554 662 citassem
574 637 595 661 e
615 623 800 661 Thomae
821 624 1134 662 commentariis
1154 625 1262 674 quod
1286 624 1524 673 opinionem
1546 638 1689 663 eorum

87 678 158 728 qui
178 678 384 727 negabant
411 678 487 716 sub
514 677 780 715 Eucharistia
807 690 896 715 esse
920 690 1068 716 verum
1098 678 1257 717 Christi
1285 691 1442 728 corpus,
1465 680 1690 728 appellaret

86 732 301 779 haeresim,
333 734 542 770 caeterum
572 744 716 769 eorum
745 731 999 770 sententiam
1037 732 1108 781 qui
1142 735 1342 782 negarent
1371 732 1588 771 Christum
1622 733 1689 772 his
1707 741 1747 784 65

86 787 225 825 verbis
238 799 505 832 consecrasse,
519 788 528 805 ‘
539 785 633 823 Hoc
648 788 710 824 est
724 798 872 836 corpus
885 787 1054 835 meum,'
1068 787 1272 825 refelleret
1285 787 1463 836 quidem,
1481 791 1689 826 caeterum

86 853 270 879 errorem
285 843 459 887 vocaret,
476 854 561 878 non
581 841 790 878 haeresim
804 855 814 888 3
844 854 1023 890 moxque
1043 841 1264 879 adiicerem
1279 840 1386 879 mihi
1401 842 1535 879 videri
1555 843 1690 880 tutius·

87 896 132 933 in
152 897 301 943 totum,
325 895 360 933 si
380 908 568 944 proceres
587 895 793 933 Ecclesiae
819 895 869 933 de
894 895 1008 933 hisce
1033 896 1158 934 rebus
1187 908 1291 945 quae
1318 908 1394 933 nec
1424 896 1545 934 certis
1574 897 1688 934 testi-

86 949 242 988 moniis
262 949 574 998 Scripturarum
599 962 672 987 nec
696 950 953 998 argumentis
979 949 1122 988 solidis
1148 950 1285 988 doceri
1311 953 1497 999 possent,
1519 964 1603 988 non
1630 951 1689 989 ita

86 1004 309 1042 definirent
330 1006 376 1041 vt
401 1004 641 1053 opinionem
668 1016 789 1042 suam
811 1004 970 1042 vellent
999 1004 1143 1042 haberi
1172 1018 1247 1054 pro
1277 1004 1478 1042 oraculis:
1509 1008 1554 1042 tu
1585 1005 1688 1042 iudi·
1712 1018 1751 1049 70

85 1059 205 1096 cabas
228 1058 314 1095 illic
337 1071 425 1096 esse
454 1058 602 1107 ingens
631 1058 874 1106 periculum,
898 1058 1091 1096 videlicet
1119 1059 1260 1108 lapsus
1288 1058 1454 1096 inscitia
1483 1060 1688 1097 sermonis

86 1112 237 1159 Latini,
270 1113 346 1151 has
375 1126 496 1151 voces
529 1112 594 1150 ‘in
624 1113 785 1150 totum'
816 1113 1093 1162 interpretans
1128 1115 1195 1151 ‘in
1226 1116 1399 1163 vtraque
1435 1117 1549 1162 parte
1585 1127 1688 1162 quae

85 1169 360 1216 praecesserat
373 1169 396 1211 ’,
417 1180 510 1205 cum
532 1166 694 1205 Latinis
717 1168 783 1205 ‘in
804 1169 942 1205 totum
956 1169 964 1183 ⁹
984 1170 1103 1206 sonet
1129 1168 1195 1205 ’'in
1216 1181 1364 1217 genere
1378 1167 1399 1215 ',
1422 1167 1499 1206 hoc
1522 1171 1581 1205 est
1604 1181 1688 1206 non

84 1221 221 1260 solum
253 1221 299 1259 in
330 1222 408 1259 hac
446 1222 620 1259 materia
654 1234 802 1259 verum
841 1222 967 1259 etiam
1001 1223 1045 1260 in
1083 1222 1177 1260 aliis
1208 1222 1446 1269 similibus;
1485 1222 1687 1260 nimirum

85 1276 291 1314 secundae
329 1276 438 1325 parti
474 1276 525 1313 de
564 1288 644 1325 qua
680 1278 781 1313 tunc
818 1277 1023 1326 agebatur.
1066 1290 1166 1326 quae
1204 1290 1278 1315 nec
1317 1277 1575 1325 argumentis
1615 1290 1688 1315 nec
1709 1290 1746 1322 75

85 1330 340 1369 testimoniis
359 1330 484 1368 certis
504 1330 640 1368 doceri
659 1332 807 1378 potest.
866 1331 920 1368 Et
941 1331 1145 1369 adieceras
1165 1331 1210 1368 in
1230 1331 1420 1380 margine
1446 1334 1518 1368 tua
1543 1344 1687 1375 manu,

90 1385 219 1423 ‘Vide
239 1397 365 1433 quam
384 1385 613 1433 perniciose
640 1384 706 1422 hic
731 1385 879 1422 scribit
906 1386 956 1423 de
982 1399 1036 1431 re,
1060 1385 1109 1423 de
1138 1398 1218 1435 qua
1243 1386 1368 1423 toties
1394 1386 1688 1434 pronunciauit

85 1439 295 1485 Ecclesia,'
315 1439 508 1476 videlicet
527 1439 718 1476 indicans
737 1453 805 1477 me
825 1453 974 1488 negare
995 1453 1138 1477 verum
1159 1453 1248 1478 esse
1273 1454 1432 1489 corpus.
1492 1441 1553 1477 Ac
1580 1440 1687 1477 mihi

83 1493 255 1543 quidem
289 1493 571 1541 expostulanti
605 1494 713 1542 quod
749 1496 795 1531 tu
828 1496 915 1532 tam
951 1491 1204 1532 calumniose
1238 1494 1436 1531 scriberes
1469 1494 1511 1531 in
1548 1494 1687 1531 locum

85 1548 243 1585 lectum
259 1548 428 1597 quidem
448 1550 491 1585 at
510 1561 595 1585 non
616 1547 893 1592 intellectum,
906 1561 1104 1598 perquam
1121 1549 1226 1586 salse
1241 1548 1399 1586 scilicet
1416 1549 1688 1596 respondebas
1709 1556 1749 1586 So

86 1602 167 1639 tibi
194 1602 259 1639 ius
285 1615 374 1640 esse
402 1602 583 1640 scribere
612 1602 657 1640 in
687 1606 759 1640 tuo
789 1603 897 1640 libro
927 1616 1031 1652 quae
1053 1603 1189 1640 velles.
1250 1603 1375 1650 Quasi
1396 1616 1492 1640 vero
1518 1616 1603 1641 non
1634 1603 1688 1640 sit

85 1656 196 1694 idem
224 1656 291 1694 ius
316 1656 409 1694 aliis
438 1657 483 1694 in
512 1656 714 1694 chartulis
743 1657 829 1695 suis
858 1658 1036 1695 scribere
1066 1670 1170 1706 quae
1198 1656 1350 1702 lubeat,
1374 1658 1447 1695 aut
1475 1657 1591 1706 quasi
1618 1657 1689 1707 qui

86 1711 332 1748 deferuntur
351 1710 401 1748 ob
422 1711 613 1749 libellum
633 1711 851 1757 famosum,
870 1712 961 1749 ideo
976 1714 1177 1750 vocentur
1197 1711 1241 1748 in
1262 1712 1328 1749 ius
1348 1712 1455 1761 quod
1476 1711 1519 1749 in
1540 1712 1690 1749 alienis

84 1765 241 1804 chartis
259 1764 511 1814 scripserint.
569 1766 625 1803 Et
647 1767 792 1804 tamen
820 1766 898 1804 hoc
924 1766 1126 1804 festiuum
1152 1766 1461 1816 apophthegma
1487 1766 1584 1803 adeo
1611 1766 1689 1803 tibi

84 1819 290 1857 arridebat
305 1821 352 1857 vt
367 1821 411 1856 in
431 1820 620 1869 proximo
640 1820 843 1870 colloquio
858 1820 969 1858 idem
985 1821 1138 1858 iterum
1154 1822 1277 1870 atque
1294 1821 1448 1858 iterum
1464 1821 1684 1868 repetieris,
1709 1829 1724 1850 κ’
1731 1838 1747 1867 5

84 1874 202 1912 iuxta
221 1873 325 1911 illud
346 1874 576 1923 vulgatum,
597 1874 649 1914 δὶς
669 1875 729 1912 καὶ
748 1876 826 1923 τρὶς
845 1876 892 1912 τὰ
912 1876 1020 1913 καλά.
1079 1876 1221 1924 Atque
1241 1876 1339 1912 haec
1360 1878 1445 1912 tam
1466 1875 1689 1923 insigniter

83 1928 216 1966 stulta
252 1928 368 1966 breui
405 1928 611 1978 colloquio
650 1929 913 1979 deprehendi,
951 1932 990 1968 te
1028 1929 1139 1968 vltro
1177 1931 1432 1979 proponente
1469 1942 1541 1966 ceu
1581 1929 1690 1967 bella

83 1983 304 2032 quaepiam
344 1984 385 2020 et
423 1996 525 2032 quae
563 1983 695 2022 refelli
735 1997 819 2022 non
858 1986 1039 2033 possent.
1105 1984 1190 2021 Nec
1229 1984 1376 2021 dubito
1414 1983 1516 2032 quin
1554 1983 1687 2021 multo

82 2036 280 2075 stultiora
298 2036 427 2075 fueris
446 2038 744 2087 propositurus,
766 2038 847 2076 nisi
867 2041 907 2076 te
927 2038 1169 2076 maluissem
1189 2038 1319 2076 amice
1340 2037 1542 2087 corrigere
1564 2051 1689 2086 quam

83 2091 233 2129 callide
252 2090 463 2140 expiscari.
1708 2103 1749 2135 90

138 2146 273 2194 Atqui
306 2159 409 2195 quae
441 2146 642 2185 hactenus
674 2146 827 2185 feceras
855 2149 975 2185 erant
1005 2147 1211 2185 eiusmodi
1239 2149 1284 2185 vt
1314 2146 1382 2185 vel
1411 2146 1688 2184 arctissimam

83 2199 314 2238 amicitiam
352 2203 522 2249 possent
559 2201 778 2240 dirimere:
822 2214 897 2251 ego
936 2204 1078 2239 tamen
1116 2201 1231 2240 nulla
1269 2200 1573 2239 necessitudine
1611 2200 1689 2238 tibi

88 2254 266 2302 iunctus,
289 2254 371 2292 nisi
398 2268 479 2304 qua
501 2254 766 2294 Christianus
784 2255 976 2305 iungitur
996 2256 1244 2303 Christiano,
1269 2269 1341 2304 pro
1367 2257 1485 2293 tanta
1510 2254 1688 2292 maleno-

86 2307 219 2346 lentia
263 2310 429 2358 reposui
474 2309 668 2358 officium,
714 2323 886 2360 sperans
929 2311 1016 2348 fore
1057 2312 1103 2348 vt
1148 2310 1370 2359 aliquando
1414 2309 1684 2359 resipisceres.

87 2362 303 2400 Admonui
323 2362 442 2411 serio,
465 2365 667 2414 tanquam
687 2365 815 2402 frater
833 2365 1016 2409 fratrem,
1040 2367 1088 2403 vt
1108 2365 1186 2403 hoc
1206 2377 1352 2414 operae
1373 2364 1481 2413 quod
1502 2376 1688 2402 sumeres
1707 2375 1746 2407 95

87 2417 131 2454 in
160 2417 508 2466 reprehendendis
537 2418 684 2457 alienis
717 2418 835 2456 libris
867 2432 971 2468 quos
1004 2432 1088 2457 non
1124 2418 1392 2468 intelligeres,
1425 2418 1687 2467 impenderes

83 2470 306 2509 discendae
325 2472 631 2520 grammaticae,
655 2473 864 2512 discendis
889 2473 1009 2511 bonis
1036 2473 1180 2521 literis,
1205 2486 1382 2522 quarum
1409 2472 1574 2510 inscitia
1601 2475 1687 2510 tam

85 2525 201 2563 foede
238 2526 394 2574 passim
431 2526 637 2575 labereris,
678 2541 754 2566 nec
797 2540 844 2566 ea
888 2541 1075 2566 cerneres
1121 2541 1226 2577 quae
1265 2528 1440 2566 cernunt
1477 2529 1518 2565 et
1556 2527 1683 2575 pueri.

86 2579 313 2626 Admonui,
339 2579 375 2617 si
404 2581 503 2630 quid
533 2581 770 2631 offenderet,
797 2595 864 2620 me
893 2595 1028 2620 coram
1056 2582 1123 2620 vel
1153 2581 1405 2630 obiurgares,
1432 2594 1518 2619 non
1546 2583 1687 2618 autem

85 2632 322 2671 traduceres
358 2635 467 2683 apud
505 2634 608 2673 alios
645 2636 951 2675 immerentem.
1016 2637 1070 2675 Et
1109 2636 1316 2675 videbaris
1354 2648 1439 2673 non
1477 2635 1686 2684 aspernari
1712 2646 1771 2668 100

86 2687 363 2726 monitionem
391 2689 571 2727 amicam
598 2690 736 2728 verius
764 2704 889 2740 quarn
918 2690 1127 2730 blandam.

142 2740 268 2780 Haud
289 2741 425 2781 multo
451 2745 546 2793 post
571 2744 724 2793 prodiit
751 2745 887 2794 Bulla,
909 2747 956 2784 vt
982 2745 1191 2783 ferebatur
1216 2745 1415 2783 aduersus
1440 2743 1684 2782 Lutherum.

371 2862 422 2892 71.
448 2853 616 2885 videlicet
634 2858 709 2886 adel.
729 2858 772 2886 H.
929 2857 980 2894 85.
1007 2858 1114 2893 atque
1133 2856 1262 2886 iterum
1281 2865 1342 2886 om.
1359 2858 1401 2886 N.

131 2972 183 3009 63.
209 2971 394 3013 citassem]
419 2977 537 3005 Armet.
555 2977 588 3005 in
607 2984 620 3003 1
641 2974 717 3006 Cor.
739 2985 786 3006 11.
806 2986 846 3014 24
866 2987 872 3005 z
897 2975 1012 3006 added
1033 2977 1069 3006 in
1091 2985 1182 3016 1519.
1232 2976 1283 3007 Cf.
1304 2977 1367 3016 Ep.
1391 2979 1481 3007 1126.
1501 2985 1639 3016 305-33.

134 3023 207 3045 102.
231 3015 354 3057 Bulla]
373 3017 438 3048 See
455 3017 517 3058 Ep.
535 3028 628 3057 1141.
647 3028 726 3050 2011.

151 3081 228 3102 ⁴52-⁴
848 3088 877 3112 Η
900 3076 925 3112 h
