1990 3353
67 144 188 197 1053]
562 143 632 182 TO
671 142 905 182 THOMAS
942 142 1159 180 LUPSET
1587 144 1662 182 141

64 266 192 302 vsque
223 253 273 291 ad
305 253 457 291 calcem
488 253 724 299 retexuisse,
756 252 890 291 multa
923 252 1158 299 resecuisse,
1191 254 1237 290 vt
1267 252 1350 290 iam
1383 265 1407 290 a
1439 252 1665 301 posteriore

65 308 176 346 Noui
195 307 455 346 Testamenti
479 306 683 346 aeditione
709 320 1024 356 superuacanea,
1055 309 1147 345 tum
1174 306 1369 356 pleraque
1398 308 1596 354 mutasse,
1620 307 1665 345 in

66 361 284 400 nonnullis
303 375 326 399 a
346 362 482 411 seipso
503 361 724 399 dissentire
743 374 787 399 re
807 361 1048 410 diligentius
1068 361 1287 410 pensitata.

119 415 250 454 Porro
283 415 391 465 quod
418 415 499 453 ista
528 415 627 453 facit
654 417 794 464 postea
824 428 949 465 quam
979 415 1189 453 decretum
1221 417 1284 453 est
1311 414 1555 464 belligerari,
1590 429 1664 454 nec

65 469 250 509 admiror
269 470 492 509 admodum
515 483 590 507 nec
610 469 805 519 indignor
824 482 1084 519 magnopere.
1146 469 1279 507 Suum
1306 469 1391 518 agit
1418 468 1636 518 negocium
1654 484 1662 516 3
1684 480 1726 511 50

65 524 239 563 fortasse
271 525 335 562 ius
369 524 468 562 belli
497 523 703 572 permittit
730 526 778 562 vt
811 523 919 562 nihil
949 537 1033 562 non
1063 523 1315 561 machineris
1342 524 1387 561 in
1415 537 1511 561 eum
1541 537 1664 573 quem

65 579 171 618 velis
192 579 433 628 opprimere.
492 577 650 616 Verum
669 578 713 616 in
734 578 810 616 hoc
829 577 945 616 illius
965 578 1230 628 prudentiam
1250 578 1445 616 nonnihil
1466 577 1662 625 desidero,

66 633 175 683 quod
195 633 241 671 in
260 646 307 671 eo
328 633 378 670 de
399 645 479 682 quo
499 632 623 670 modo
643 632 729 670 dixi
756 632 974 681 colloquio,
997 632 1103 670 serio
1128 632 1235 670 mihi
1255 633 1390 671 fassus
1418 632 1499 671 sibi
1527 634 1664 671 totum

66 700 167 737 opus
195 687 338 734 retexi,
371 689 513 725 tamen
542 686 714 736 vrgebat
742 688 789 724 vt
817 687 898 725 sibi
926 687 1134 724 crederem
1163 686 1419 725 asseueranti
1450 700 1664 737 nunquam

66 741 257 780 futurum
276 743 322 779 vt
341 740 499 779 librum
521 754 618 779 eum
638 741 863 791 euulgaret.
924 740 1017 779 Hoc
1047 740 1203 779 scilicet
1234 741 1406 779 consilio
1433 744 1665 791 sumpserat
1687 750 1726 782 55

66 809 234 845 operam
254 795 299 833 in
323 795 560 843 retexendo,
584 795 647 833 vti
675 797 881 834 retextum
906 797 1123 845 premeret.
1182 795 1382 834 Veritatis
1401 798 1448 834 vt
1473 795 1663 846 simplex,

66 851 126 888 ita
145 852 339 888 constans
359 852 420 888 est
438 849 568 888 oratio
585 865 593 896 ;
622 863 698 888 nec
717 849 814 888 vllis
840 849 1099 899 frequentius
1118 849 1264 888 accidit
1284 851 1452 900 σφάλμα
1481 852 1667 900 μνημικόν

67 917 190 954 quam
222 904 288 942 his
321 904 392 953 qui
422 917 508 942 non
545 904 776 953 loquuntur
806 917 856 942 ex
889 904 1054 942 animo:
1096 903 1179 941 nisi
1209 904 1315 942 forte
1353 918 1438 943 non
1476 905 1557 943 fuit
1595 905 1666 943 ille

66 958 290 997 memoriae
322 959 474 1008 lapsus,
508 958 579 996 sed
612 972 729 997 meus
768 960 914 1008 stupor
952 958 1058 996 hanc
1092 958 1156 997 illi
1189 959 1383 997 fiduciam
1417 959 1588 1006 addidit,
1620 962 1667 998 vt

66 1013 315 1051 existimarit
335 1026 402 1051 me
425 1013 615 1062 protinus
640 1013 894 1051 crediturum
919 1013 1104 1063 primum
1131 1026 1220 1051 rem
1250 1016 1337 1051 tam
1366 1013 1664 1061 incredibilem,
1685 1017 1728 1050 60

67 1067 215 1105 deinde
235 1067 310 1105 tali
329 1067 479 1105 autori.

121 1121 303 1159 Proinde
331 1134 425 1159 cum
455 1122 562 1159 mihi
589 1135 831 1171 persuasum
857 1125 962 1161 esset
991 1121 1162 1160 omnino
1185 1122 1377 1160 futurum
1396 1125 1442 1161 vt
1469 1122 1539 1161 ille
1559 1123 1666 1173 quod

67 1177 285 1226 scripserat
305 1176 531 1225 euulgaret,
549 1178 588 1214 et
608 1177 708 1214 adeo
729 1189 969 1225 persuasum
991 1178 1097 1215 esset
1114 1179 1160 1214 vt
1181 1189 1254 1215 nec
1270 1176 1315 1214 hi
1334 1176 1440 1215 mihi
1455 1177 1668 1216 diuersum

67 1230 312 1280 persuadere
344 1231 556 1278 potuerint
585 1244 780 1280 vnquam,
814 1231 965 1281 quibus
993 1244 1068 1280 ego
1098 1231 1205 1268 nihil
1235 1245 1319 1269 non
1350 1232 1460 1270 soleo
1489 1232 1663 1279 credere,

67 1287 191 1333 atque
211 1284 285 1322 hac
307 1298 387 1322 vna
410 1284 455 1322 in
484 1298 527 1322 re
547 1285 808 1323 dissentirem
835 1285 886 1323 ab
913 1285 981 1323 his
1001 1285 1248 1335 quibuscum
1273 1285 1549 1325 libentissime
1576 1300 1667 1325 con·
1686 1290 1727 1331 65

69 1339 188 1377 sueui
216 1339 381 1381 sentire,
405 1352 538 1389 neque
567 1339 770 1378 nescirem
796 1342 1000 1389 quantum
1030 1339 1093 1377 illi
1123 1341 1342 1387 commodi,
1365 1354 1531 1378 rursum
1560 1341 1669 1379 mihi

69 1396 272 1443 quantum
303 1393 556 1431 incommodi
584 1394 692 1432 foret
720 1393 895 1432 allatura
924 1407 1049 1440 mora,
1072 1395 1157 1432 imo
1178 1396 1336 1444 quanto
1364 1408 1458 1433 meo
1487 1395 1669 1445 periculo

68 1451 302 1497 quantaque
331 1447 446 1485 illius
476 1461 547 1497 spe
575 1451 866 1497 prorogaretur
894 1461 1007 1497 opus.
1031 1448 1124 1498 quis
1151 1462 1236 1486 non
1257 1449 1506 1487 desideraret
1530 1449 1574 1487 in
1602 1463 1669 1488 me

68 1515 212 1540 sanam
243 1504 430 1540 mentem
459 1502 505 1549 si,
530 1502 639 1552 quod
670 1502 739 1540 isti
770 1502 970 1549 iactitant,
995 1502 1129 1541 modis
1159 1503 1354 1542 omnibus
1383 1503 1595 1542 obniterer
1618 1518 1670 1542 ne

68 1556 174 1594 liber
193 1557 321 1594 exiret
345 1556 389 1594 in
410 1570 560 1595 manus
578 1557 832 1595 hominum?
888 1557 995 1595 Mihi
1023 1570 1186 1607 semper
1204 1558 1283 1596 fuit
1312 1558 1455 1596 eadem
1483 1560 1524 1596 et
1549 1572 1671 1597 mens
1690 1569 1731 1603 70

70 1614 111 1648 et
141 1611 282 1657 oratio,
305 1613 351 1648 vt
380 1611 560 1660 optarim
587 1624 712 1661 quam
737 1611 922 1662 primum
950 1612 1137 1661 euulgari
1161 1613 1354 1662 quicquid
1386 1615 1493 1650 esset
1522 1613 1666 1662 operis.

70 1665 115 1704 Si
135 1666 314 1714 proferre
334 1669 507 1715 possunt
526 1665 654 1704 vllam
675 1666 892 1715 epistolam
913 1666 957 1703 in
978 1679 1059 1715 qua
1078 1679 1195 1704 secus
1215 1667 1405 1714 sentiam,
1428 1667 1463 1705 si
1488 1667 1671 1717 proferre

71 1720 142 1769 qui
161 1732 229 1757 me
248 1732 367 1758 secus
385 1719 627 1769 loquentem
647 1719 839 1766 audierit,
857 1720 1060 1758 vicerunt.

125 1774 204 1812 Sed
225 1774 395 1812 huiusce
417 1774 476 1812 rei
495 1788 580 1813 non
599 1787 769 1824 possum
789 1774 920 1813 alium
939 1775 1073 1824 magis
1091 1775 1287 1814 idoneum
1301 1777 1453 1814 testem
1472 1776 1672 1815 adducere

70 1841 195 1878 quam
229 1829 359 1866 Leum
392 1829 544 1877 ipsum.
606 1829 658 1866 In
691 1829 829 1879 primo
859 1841 1094 1879 congressu,
1129 1843 1224 1868 cum
1255 1844 1278 1868 a
1311 1830 1498 1879 proxime
1530 1831 1672 1870 relicta
1693 1842 1731 1876 75

71 1882 233 1921 Basilea
246 1883 508 1921 venissemus
527 1883 571 1921 in
588 1883 851 1933 colloquium,
869 1883 993 1933 idque
1012 1883 1057 1921 in
1077 1884 1219 1922 aedem
1240 1884 1337 1923 diuo
1353 1885 1479 1923 Petro
1498 1898 1669 1935 sacram,

71 1937 420 1986 quemadmodum
450 1937 574 1976 rebus
607 1951 756 1988 parum
790 1938 944 1987 pacatis
982 1938 1083 1976 belli
1113 1939 1237 1977 duces
1274 1939 1411 1977 solent
1448 1939 1493 1977 in
1533 1940 1672 1978 locum

71 1991 252 2041 aliquem
290 1991 475 2042 vtrisque
512 1994 653 2030 tutum
691 1992 922 2040 conuenire,
963 1994 1084 2042 atque
1122 1993 1195 2031 ille
1236 1993 1405 2032 iactaret
1451 1993 1673 2044 plusquam

70 2048 254 2084 trecenta
277 2045 366 2084 loca
388 2046 469 2084 sibi
492 2048 636 2085 notata
655 2060 758 2096 quae
786 2060 909 2085 nemo
938 2049 1076 2096 posset
1106 2047 1272 2092 diluere,
1295 2061 1346 2086 ne
1375 2061 1440 2086 res
1469 2048 1601 2086 exiret
1628 2049 1672 2087 in

72 2100 230 2138 rabiem
249 2102 289 2138 et
310 2101 354 2138 in
375 2101 685 2139 contentionem
706 2113 802 2139 cum
822 2101 1070 2140 Christianis
1094 2102 1300 2149 omnibus,
1324 2104 1416 2140 tum
1437 2116 1534 2141 vero
1561 2116 1672 2152 prae·
1693 2106 1734 2136 80

72 2154 191 2204 cipue
229 2154 435 2204 theologis
471 2155 717 2204 indecoram,
758 2156 954 2205 proposui
993 2157 1038 2193 vt
1076 2169 1098 2193 e
1144 2156 1280 2194 tribus
1318 2170 1449 2194 vnum
1489 2157 1673 2207 eligeret.

72 2208 268 2247 Primum
288 2211 334 2247 vt
362 2209 485 2259 (quod
512 2209 695 2248 maxime
720 2209 893 2260 dignum
920 2212 1026 2248 esset
1049 2210 1190 2248 animo
1211 2211 1458 2258 Christiano,
1484 2212 1674 2262 quodque

74 2262 250 2312 dignum
272 2265 413 2302 nostra
432 2266 571 2302 vetere
596 2265 916 2311 necessitudine,
935 2264 980 2302 in
1001 2278 1081 2314 qua
1107 2265 1315 2314 professus
1344 2267 1454 2304 esset
1479 2279 1521 2304 se
1547 2267 1673 2305 talem

72 2317 159 2355 fore
179 2320 236 2364 vt,
259 2317 424 2356 tametsi
444 2331 578 2356 nouus
597 2318 766 2367 amicus,
790 2319 898 2356 nulli
923 2320 1063 2357 tamen
1084 2321 1272 2358 veterum
1293 2320 1374 2358 fide
1399 2321 1522 2370 atque
1543 2321 1674 2359 officio

73 2371 247 2421 cederet)
293 2373 617 2411 communicaret
663 2386 758 2412 suas
795 2373 1094 2412 annotationes.
1169 2374 1275 2411 Nam
1315 2387 1405 2412 eam
1444 2374 1674 2413 voluminis
1695 2379 1735 2418 85

72 2428 235 2474 partem
255 2439 357 2476 quae
378 2429 541 2465 nostras
560 2427 865 2466 Annotationes
894 2427 1250 2477 complectebatur,
1273 2428 1368 2466 licet
1395 2431 1502 2467 esset
1527 2443 1675 2468 excusa

75 2479 199 2530 typis,
232 2480 420 2518 nondum
448 2483 588 2519 tamen
618 2481 796 2521 aeditam
825 2495 925 2530 esse,
957 2495 1031 2520 nec
1061 2482 1247 2520 futurum
1276 2485 1322 2520 vt
1350 2484 1564 2521 aederetur
1593 2484 1673 2522 nisi

74 2536 162 2572 toto
184 2548 302 2583 opere
329 2534 527 2574 absoluto.
586 2536 738 2574 Adhuc
763 2537 973 2586 integrum
1002 2549 1090 2574 esse
1119 2538 1280 2575 mutare
1309 2537 1472 2576 chartas
1500 2537 1670 2588 aliquot.

74 2601 159 2627 non
198 2588 302 2627 illud
341 2589 509 2639 quidem
548 2589 631 2628 iam
668 2590 826 2640 absque
863 2591 1019 2629 iactura
1058 2591 1265 2640 pecuniae,
1299 2592 1370 2630 sed
1407 2593 1515 2630 mihi
1552 2592 1674 2642 longe

75 2643 304 2682 chariorem
339 2656 426 2682 esse
457 2644 613 2683 famam
643 2657 779 2684 meam
812 2658 857 2684 ac
888 2644 1097 2694 publicam
1136 2645 1417 2685 studiosorum
1449 2646 1673 2685 vtilitatem
1695 2660 1738 2691 90

120 2749 171 2779 57.
197 2740 390 2779 μνημονικὸν
406 2743 498 2771 voluit
512 2743 587 2771 LB:
611 2744 664 2771 sed
679 2743 717 2779 cs.
735 2744 792 2778 Ep.
817 2743 908 2773 1061.
927 2743 1002 2781 691.
1101 2743 1153 2782 58.
1181 2743 1237 2775 his
1255 2756 1273 2774 α
1292 2756 1299 2776 :
1325 2746 1369 2776 iis
1385 2749 1421 2776 F.
1522 2756 1571 2784 72.
1599 2756 1675 2786 pro—

75 2783 167 2814 ferre
184 2788 253 2814 ante
268 2785 330 2823 qui
348 2795 368 2813 α
385 2795 393 2814 :
416 2783 610 2823 producere
624 2787 667 2816 H.

121 2906 172 2935 75.
201 2896 404 2938 congressu]
444 2897 493 2927 At
520 2897 679 2929 Louvain
715 2899 754 2929 in
782 2899 843 2930 thc
957 2899 1007 2930 86.
1037 2900 1315 2942 Annotationcs]
1344 2901 1417 2932 The
1442 2901 1616 2941 colophon
1642 2903 1677 2932 to

76 2943 227 2971 autumn
255 2942 292 2971 of
315 2941 405 2979 1518.
456 2940 524 2971 For
546 2941 608 2972 the
630 2943 787 2974 renewal
810 2942 848 2973 of
914 2943 1012 2973 those
1042 2944 1070 2973 is
1098 2943 1203 2975 dated
1227 2955 1268 2983 23
1286 2945 1376 2984 Aug.
1397 2947 1504 2984 1518;
1528 2946 1590 2975 but
1615 2945 1676 2975 tho

79 2983 140 3013 the
157 2986 387 3024 controversy
410 2986 446 3015 at
471 2985 551 3015 that
576 2985 665 3016 time
683 2986 726 3018 ef.
752 2986 838 3026 Epp.
913 2986 1054 3017 volume
1073 2988 1110 3018 of
1134 2988 1196 3018 the
1220 2989 1297 3019 text
1321 2999 1392 3019 was
1412 2991 1475 3020 not
1493 2989 1602 3028 ready
1619 2988 1673 3019 till

78 3027 151 3059 886.
174 3028 290 3066 58—78,
307 3029 385 3067 906.
403 3029 466 3068 448
483 3037 554 3068 seq.
912 3030 1033 3061 March
1056 3040 1159 3070 1519:
1184 3042 1240 3062 see
1258 3032 1320 3072 Ep.
1339 3033 1403 3070 864
1421 3033 1550 3063 introd.
