1990 3353
11 0 26 37 ,(

150 1106 171 1186 00¹

154 404 184 430 1.

151 1431 169 1467 *Ἰ

217 405 255 441 p.

177 1125 185 1133 .
217 1109 244 1145 p

178 1179 186 1187 .
216 1163 253 1199 p.

177 1614 184 1622 .
220 1597 256 1634 p.

18 109 28 138 (ἱ
118 123 540 164 EPPENDORFF’S
568 122 715 162 COPY
742 122 811 160 OF
839 119 1166 160 EPISTOLAE
1187 118 1272 157 AD
1299 118 1581 158 DIVERSOS
1636 119 1714 157 617

119 234 200 272 and
221 233 286 271 his
308 232 515 282 changing
535 231 783 269 sentiments
801 230 982 268 towards
998 230 1208 269 Erasmus.
1249 231 1289 268 A
1302 229 1382 267 few
1401 242 1467 267 are
1488 228 1711 266 concerned

118 287 223 326 with
243 299 416 337 persons
436 284 680 324 mentioned
701 284 746 322 in
767 284 838 322 the
857 284 1013 323 letters.
1074 285 1216 322 Thus:

282 391 369 428 280.
393 413 430 440 ξ,
475 388 701 427 nebulonem
751 387 840 437 (Ep.
897 400 986 436 911.
1043 402 1104 436 44,
1114 388 1176 436 5):
1235 387 1280 426 Is
1334 389 1394 425 est
1447 386 1714 436 Tranquillus

283 443 549 490 Parthenius,
582 443 709 480 homo
740 444 876 491 preter
908 441 1061 491 literas,
1092 455 1194 492 quas
1228 455 1312 480 non
1350 441 1544 488 vulgares
1576 441 1712 480 habet.

283 510 445 536 summe
465 497 593 535 etiam
614 496 827 534 innocens.
887 495 983 534 Non
1003 498 1089 535 erat
1105 497 1294 535 candoris
1315 495 1531 534 Mosellani
1551 495 1712 533 absenti

284 553 325 590 et
344 551 455 590 nihil
473 551 556 589 tale
575 549 725 588 merito
744 551 900 588 vulnus
920 550 1117 601 infligere.

245 635 254 644 .
283 608 370 645 282.
390 630 427 657 ἢ,
465 604 699 644 &dunensis
736 605 826 654 (Ep.
870 606 960 652 948.
1000 606 1093 653 95):
1143 605 1222 653 Qui
1255 607 1448 642 mortuus
1485 605 1548 641 est
1586 603 1718 641 Rome

289 672 404 709 1522.
467 658 548 696 Hic
581 658 813 697 multarum
852 658 1012 697 eedium
1049 659 1199 697 author
1237 658 1331 696 fuit.
1400 658 1541 696 Huius
1578 670 1719 695 mense

282 713 640 776 apudTigurinos
671 712 899 760 adhibitus,
934 713 1083 751 miram
1115 712 1326 751 vafritiem
1360 712 1546 752 hominis
1580 711 1718 761 depre-

281 768 442 884 {213³th
485 823 593 860 I'olzi
627 821 718 871 (Ep.
770 832 883 869 1075.
925 823 1013 870 16):
1059 821 1224 861 Voltzio
1258 821 1366 859 nihil
1404 821 1492 859 vidi
1531 833 1715 869 vnquam

282 890 438 927 purius.

243 962 251 969 .
276 944 365 979 510.
393 933 482 979 3-8,
515 931 754 969 Stromerum
781 931 857 969 eto.
879 930 970 980 (Ep.
1005 943 1117 978 1125.
1144 930 1314 978 24-30):
1345 928 1619 978 Mosella(ni>
1649 927 1720 966 illa

283 988 381 1024 sunt
413 984 720 1023 commentaria.
779 984 825 1023 Is
853 984 977 1032 enim,
1000 998 1094 1023 eum
1128 985 1172 1023 in
1207 984 1431 1023 Brabantia
1463 996 1607 1030 essem,
1645 982 1721 1020 hos

283 1040 395 1078 viros
413 1040 472 1077 ita
493 1039 692 1089 depinxit,
715 1039 854 1077 nescio
874 1053 946 1088 per
966 1040 1063 1078 deos
1083 1053 1209 1089 quam
1229 1052 1337 1077 vere.

248 1125 255 1132 .
282 1107 370 1143 513.
402 1107 461 1143 19,
494 1094 763 1145 ἀθυρογλώττῳ
785 1093 875 1143 (Ep.
904 1106 1000 1141 1051
1025 1095 1128 1143 tit.):
1161 1093 1376 1133 Hadriano
1396 1092 1616 1131 Barlando.

279 1162 371 1197 539.
398 1161 458 1196 19,
491 1148 745 1197 Palaeoloyus
782 1148 872 1198 (Ep.
911 1161 1021 1196 1132.
1062 1149 1149 1197 19):
1182 1148 1526 1197 Palaeologorum
1560 1145 1719 1184 familia

285 1203 386 1242 olim
422 1202 573 1253 regalis
605 1205 720 1240 erat:
751 1215 801 1240 ex
835 1216 914 1252 qua
947 1206 987 1240 et
1015 1203 1232 1241 Lascharis
1263 1202 1505 1251 progenitus
1535 1202 1609 1248 est,
1647 1199 1719 1249 qui

286 1271 419 1307 nuper
438 1257 520 1295 iam
542 1257 749 1306 decrepita
774 1259 904 1295 aetate
934 1258 1054 1295 nothi
1084 1257 1292 1306 Principis
1317 1256 1519 1295 Sabaudie
1539 1268 1720 1293 sororem

285 1312 328 1350 in
349 1325 519 1350 vxorein
550 1311 680 1358 duxit,
704 1311 754 1348 ad
780 1311 1000 1350 Heluetios
1029 1325 1052 1350 a
1082 1311 1201 1350 Gallo
1231 1314 1367 1349 orator
1400 1312 1562 1349 missus.
1594 1311 1720 1347 Anno

283 1378 451 1404 MDxxu.

295 1423 384 1467 614.
411 1434 444 1469 3,
486 1422 626 1459 imtene
660 1423 836 1458 reuocato
875 1421 964 1469 (Ep.
1002 1433 1114 1458 1200.
1154 1421 1212 1469 1):
1259 1419 1302 1457 Is
1336 1422 1398 1457 est
1433 1418 1718 1467 Hieronymus

285 1475 501 1524 Phrysius,
535 1475 605 1524 qui
639 1487 802 1512 mecum
842 1475 920 1513 suit
957 1475 1160 1524 Friburgi,
1198 1488 1220 1512 a
1256 1474 1374 1512 nobis
1406 1475 1445 1511 et
1476 1475 1638 1510 amatus
1680 1473 1719 1509 et

283 1530 462 1568 adiutus.

284 1586 374 1632 635.
404 1609 440 1635 ς,
464 1584 507 1622 in
538 1585 663 1622 ocium
693 1595 774 1622 sese
803 1585 994 1632 recipiunt
1023 1584 1112 1633 (Ep.
1144 1586 1257 1629 1238.
1286 1584 1429 1631 34-5):
1461 1583 1527 1621 Sic
1558 1581 1715 1619 faciunt

285 1638 507 1688 Lipzenzes
540 1637 732 1688 sophiste‚
768 1641 1035 1688 posteaquam
1070 1639 1115 1676 in
1149 1638 1449 1687 collegiaturas,
1483 1639 1529 1674 vt
1558 1638 1716 1680 vocant,

284 1693 532 1731 inciderunt.

177 1792 372 1830 Towards
406 1792 617 1838 Erasmus,
641 1791 871 1841 beginning
903 1791 1008 1829 with
1040 1791 1111 1829 the
1146 1792 1277 1829 desire
1311 1794 1353 1829 to
1384 1791 1506 1829 claim
1540 1790 1630 1828 him.
1658 1791 1723 1827 for

124 1846 347 1895 Germany,
372 1846 425 1884 he
445 1846 546 1884 ends
566 1845 670 1884 with
692 1845 892 1884 critic-ism
912 1846 992 1883 and
1010 1847 1260 1896 reproaches.
1320 1846 1436 1884 Thus
1456 1861 1464 1884 :

153 1958 188 1993 9.

129 2066 191 2090 10.

129 2176 189 2200 11.

131 2284 189 2309 12.

131 2448 190 2483 13.

132 2557 190 2589 14.

134 2719 191 2754 15.

133 2816 191 2852 16.

220 1957 247 1994 p

221 2067 246 2103 p

221 2176 247 2212 p

251 1975 259 1983 .
291 1957 380 1992 504.
418 1956 476 1991 11,
521 1945 810 1983 Germanorum
841 1944 930 1994 (Ep.
971 1957 1083 1992 1123.
1122 1946 1186 1993 3):
1218 1945 1435 1995 Nusquam
1468 1957 1551 1982 non
1584 1944 1719 1993 prodit

287 2012 383 2037 suos
402 1998 446 2036 in
469 1999 700 2037 Germanos
719 1999 903 2037 affectus.

251 2056 371 2100 ,615.
401 2065 459 2099 10,
493 2055 602 2091 homo
644 2053 864 2092 Germanus
901 2053 991 2103 (Ep.
1029 2065 1117 2101 307.
1157 2054 1242 2102 10):
1285 2053 1520 2099 Germanus
1549 2054 1633 2091 iam
1666 2069 1720 2101 es,

291 2107 518 2156 Eras<me>
541 2110 549 2146 ῐ

252 2191 260 2200 .
287 2165 374 2210 296.
401 2175 434 2209 2,
470 2162 733 2202 Concionandi
765 2163 957 2200 rationem
985 2161 1074 2211 (Ep.
1109 2175 1197 2210 932.
1237 2164 1323 2211 18):
1366 2162 1483 2200 Hanc
1516 2163 1599 2200 iam
1628 2176 1719 2202 con-

289 2216 463 2267 scripsit,
487 2217 557 2255 sed
579 2216 717 2254 nescio
738 2217 901 2266 quando
921 2217 975 2254 sit
994 2217 1194 2254 editurus.
1258 2229 1328 2263 152
1338 2230 1372 2265 3.

224 2284 261 2321 p.
287 2284 377 2318 495.
404 2284 508 2319 32‚3‚
535 2271 751 2310 Germania
772 2282 937 2319 prorsus
967 2272 1116 2309 insanit
1145 2271 1187 2308 in
1219 2271 1344 2309 Leuni
1373 2271 1461 2319 (Ep.
1493 2282 1605 2316 1129.
1635 2279 1722 2320 1‚·,):

222 2448 260 2484 p.

221 2557 260 2593 p.

289 2325 502 2364 Lieentior
522 2325 687 2363 Erasmi
708 2325 878 2374 lingua!
937 2325 1062 2373 Quasi
1090 2326 1139 2363 ad
1170 2326 1247 2363 hoe
1277 2338 1361 2363 non
1391 2325 1447 2363 sis
1468 2325 1722 2366 adhortatus,

288 2380 373 2418 imo
393 2379 609 2429 impuleris
628 2393 773 2418 omnes
792 2381 800 2418 Ξ
1141 2374 1146 2380 ’

287 2436 376 2482 623.
403 2436 478 2481 7,8,
501 2435 650 2472 cohibui
671 2434 762 2483 (Ep.
787 2436 876 2482 998.
900 2435 988 2482 67):
1020 2434 1145 2482 Quasi
1173 2436 1218 2472 tu
1245 2447 1315 2471 eos
1342 2447 1427 2472 non
1456 2434 1719 2473 admonueris

288 2489 462 2538 epistola
480 2491 524 2526 vt
545 2488 678 2526 Leum
698 2488 822 2526 etiam
843 2488 1074 2538 lapidarent
1091 2490 1099 2527 I

287 2554 376 2590 529.
405 2555 532 2591 12,13‚
565 2544 645 2582 nisi
674 2555 956 2590 nonnunquam
981 2543 1077 2590 fuco
1112 2544 1269 2590 doloque
1302 2543 1396 2580 bono
1420 2543 1594 2590 fallatur
1627 2544 1715 2592 (Ep.

297 2598 410 2644 1167.
440 2599 607 2646 171—2):
638 2597 785 2634 Nescio
802 2601 911 2634 certe
931 2610 983 2634 an
1005 2597 1080 2635 hoc
1098 2600 1213 2646 paeto
1234 2597 1278 2634 in
1299 2596 1394 2635 fidei
1416 2598 1581 2646 negotio
1601 2611 1720 2647 agen-

289 2651 390 2689 dum
410 2652 474 2689 sit.

254 2736 261 2744 .
289 2719 375 2753 294.
403 2718 510 2754 32‚3‚
533 2707 607 2754 sac
635 2718 683 2744 ne
712 2707 857 2754 {oneret
886 2707 944 2744 vel
976 2707 1152 2744 studium
1181 2717 1270 2753 erycc
1300 2709 1334 2743 te
1363 2718 1491 2744 meum
1512 2706 1726 2752 posteritas

292 2760 382 2809 (Ep.
409 2772 497 2808 923.
524 2760 653 2808 25‚6):
685 2759 801 2807 Quod
823 2760 1006 2810 Spongia
1024 2759 1259 2810 praestabit.

226 2828 263 2864 p.
291 2827 380 2861 547.
408 2826 537 2862 29‚30,
562 2815 647 2852 Hoc
667 2815 799 2852 animo
812 2823 908 2861 pulo
928 2827 985 2853 me
1004 2817 1188 2852 maiorem
1208 2815 1379 2862 stratz'am
1398 2815 1590 2851 initur-zon
1620 2815 1725 2862 apud

293 2869 427 2907 Iesum
447 2868 537 2918 (Ep.
565 2879 678 2915 1205.
704 2868 851 2915 50-1):
881 2869 914 2906 O
936 2868 1119 2915 Erasme,
1152 2869 1333 2912 Erasnoe,
1361 2868 1490 2906 oratio
1521 2868 1626 2905 bona
1649 2871 1720 2905 est.

292 2923 464 2961 Vtinam
495 2922 759 2971 responderet
791 2922 854 2959 illi
887 2922 1077 2961 animus!
1122 2935 1246 2971 quem
1280 2922 1468 2960 fortassis
1504 2922 1584 2959 iam
1622 2922 1724 2959 olim

292 2977 418 3015 huius
438 2978 583 3015 mundi
604 2976 860 3025 principibus
880 2977 1044 3015 vouisti.
