1990 3353
258 348 296 380 55

257 617 299 649 60

260 1704 301 1735 80

284 898 294 905 -
316 881 546 922 immodice.

315 120 368 158 32
787 122 1038 162 LETTERS
1076 124 1146 162 OF
1182 124 1448 164 ERASMUS

1786 125 1911 180 [1519

370 230 571 270 Ricardus
609 233 775 277 Paceus,
813 233 878 271 vir
914 233 960 270 in
997 234 1168 282 vti-aque
1205 231 1420 271 literatura
1456 234 1718 283 praecellens,
1761 235 1832 284 qui
1867 235 1913 274 in

315 285 516 324 electione
548 287 816 337 Imperatoris
848 286 1018 325 nomine
1053 286 1309 325 serenissimi
1340 288 1518 337 Angliae
1554 288 1679 338 Regis
1707 288 1914 338 legatione

316 339 578 389 fungebatur,
598 355 787 380 reuersus
801 341 958 379 isthinc
974 341 1087 379 dictu
1103 340 1259 379 mirum
1275 354 1355 390 quo
1371 344 1533 390 pectore
1550 355 1710 392 quaque
1725 343 1914 382 facundia

316 394 423 432 mihi
443 395 684 434 Federicum
703 398 841 434 totum
863 395 1108 444 depinxerit,
1129 395 1377 444 grauitatem
1404 396 1494 443 viri,
1515 396 1791 446 prudentiam,
1814 397 1915 436 inte-

315 447 521 496 gritatem,
552 449 840 495 eruditionem,
870 449 971 499 quid
995 449 1175 488 multis?
1208 450 1349 488 omnia
1378 463 1528 499 magno
1558 451 1750 500 Principe
1773 451 1911 501 digna.

316 501 361 539 Is
378 516 471 541 mea
485 504 694 542 sententia
712 504 866 542 maiore
886 517 981 542 cum
1001 504 1121 542 laude
1135 504 1343 541 recusauit
1361 504 1584 553 imperium
1600 518 1727 554 quam
1747 505 1916 555 quidam

315 556 563 596 ambierunt.
623 558 677 595 Et
708 560 850 596 tamen
884 571 1007 596 nemo
1037 557 1188 596 melius
1221 558 1327 607 gerit
1361 558 1640 608 principatum
1677 571 1803 609 quam
1842 559 1915 610 qui

316 611 478 659 pondus
508 612 597 650 eius
626 612 792 661 penitus
821 612 1041 662 perspexit.
1099 611 1152 649 In
1182 624 1257 649 nos
1285 612 1427 661 magni
1456 613 1640 651 nominis
1665 614 1824 652 sarcina
1851 614 1915 652 de-

315 665 450 714 posita
473 668 546 704 est.
607 666 802 715 Superest
828 667 984 716 precari
1010 679 1178 715 superos
1197 668 1243 704 vt
1269 667 1392 704 nobis
1419 680 1514 705 cum
1540 667 1698 716 primis,
1723 680 1819 706 mox
1838 668 1916 706 toti

317 719 409 757 orbi
428 720 676 769 Christiano,
699 721 753 759 sit
777 722 961 759 faustum
984 734 1029 759 ac
1048 720 1160 758 felix.

370 774 438 811 Ad
458 774 644 823 primum
665 788 875 813 rumorem
895 775 965 825 qui
986 774 1134 814 Carolo
1157 774 1412 813 destinatum
1432 774 1657 824 imperium
1677 775 1913 824 nunciabat,

316 828 405 865 tota
433 828 532 866 haec
560 829 672 878 regio
699 843 787 868 sese
816 829 861 867 in
890 829 1215 879 gratulationem
1244 831 1285 866 et
1318 829 1517 878 gaudium
1545 830 1784 868 effundebat
1812 843 1916 880 pene

607 883 685 921 Sed
712 887 759 922 vt
784 886 847 921 est
873 897 1011 922 rerum
1041 884 1318 921 humanarum
1346 885 1635 932 temperatura,
1664 897 1749 922 non
1778 884 1916 922 deerat

316 935 412 974 huic
432 937 638 986 voluptati
658 951 795 976 comes
815 938 943 976 dolor.
991 939 1032 976 A
1052 937 1287 987 pestilentia
1306 950 1512 986 nusquam
1532 938 1614 975 tuti
1634 951 1790 984 sumus,
1811 951 1916 988 quae

316 990 418 1028 locis
436 991 592 1040 aliquot
611 992 981 1030 inclementissime
1000 992 1144 1030 saeuIt.
1201 991 1267 1029 Ad
1294 991 1391 1029 haec
1417 1004 1568 1040 magna
1589 1005 1751 1038 manus,
1772 994 1918 1042 opinor

317 1057 365 1082 ex
385 1045 452 1083 his
472 1046 678 1084 militibus
705 1060 881 1096 quorum
902 1060 1025 1095 opera
1049 1045 1293 1095 profligatus
1313 1047 1375 1083 est
1397 1046 1491 1083 Dux
1510 1045 1912 1096 Vuirtenbergensis,

317 1099 477 1137 obsidet
498 1102 639 1138 nostra
658 1100 848 1147 confinia,
873 1102 1078 1138 incertum
1100 1113 1180 1150 quo
1201 1100 1318 1147 duce,
1339 1099 1455 1138 cuius
1475 1099 1602 1146 iussu,
1626 1103 1699 1138 aut
1719 1114 1917 1150 quorsum

316 1153 513 1192 tendens:
543 1155 621 1193 hoc
646 1168 779 1193 vnum
802 1155 922 1193 facile
946 1154 1180 1193 coniectant
1201 1167 1346 1192 omnes
1373 1154 1587 1203 ingentem
1613 1155 1703 1193 vim
1731 1156 1919 1204 pecunia·

317 1220 412 1246 rum
438 1208 626 1258 flagitari.
687 1209 841 1247 Multos
867 1209 1001 1247 adhuc
1029 1211 1156 1247 terret
1185 1209 1425 1258 exemplum
1452 1208 1646 1257 Asperae,
1676 1212 1774 1248 ante
1803 1209 1918 1248 bien-

316 1262 435 1299 nium
450 1263 720 1301 internitione
731 1265 933 1311 vastatae3
960 1263 1125 1312 iamque
1140 1263 1324 1311 poenitet
1339 1263 1580 1301 clementiae
1596 1276 1675 1313 qua
1689 1265 1920 1313 superiores

315 1317 522 1355 exercitus
541 1317 780 1356 dimisimus
799 1318 1041 1356 incolumes.
1099 1317 1243 1367 Neque
1263 1317 1415 1355 desunt
1434 1317 1505 1366 qui
1524 1317 1786 1366 suspicentur
1808 1318 1918 1356 hunc

317 1371 545 1409 exercitum
574 1372 749 1410 consilio
778 1373 1012 1422 principum
1042 1371 1109 1419 ali,
1141 1376 1188 1409 vt
1216 1371 1271 1410 sit
1299 1371 1344 1409 in
1373 1373 1568 1420 promptu
1603 1385 1684 1422 quo
1718 1372 1919 1421 populum

318 1428 520 1474 premant,
551 1426 587 1463 si
617 1426 716 1475 quid
745 1429 967 1475 grauentur
995 1426 1137 1464 audire
1165 1426 1316 1472 iussis;
1355 1427 1396 1463 et
1423 1426 1619 1463 iubentur
1638 1426 1709 1464 vix
1737 1426 1914 1464 ferenda.

318 1479 396 1517 Sed
417 1480 462 1517 in
489 1480 555 1518 his
577 1480 662 1518 fata
682 1481 793 1518 viam
817 1481 1057 1521 inuenient:
1086 1494 1154 1518 nie
1180 1480 1352 1518 miserae
1376 1479 1509 1529 plebis
1535 1481 1715 1527 miseret,
1740 1482 1782 1518 et
1806 1480 1919 1530 piget

319 1535 577 1582 quorundam
607 1535 826 1584 plusquam
856 1535 1049 1573 Turcicae
1078 1534 1323 1584 tyrannidis.
1383 1534 1601 1572 Postremo
1631 1534 1750 1572 video
1779 1547 1918 1572 rerum

319 1600 528 1626 summam
562 1589 611 1626 ad
644 1602 793 1638 paucos
825 1590 927 1636 cogi,
964 1589 1164 1639 paulatim
1196 1589 1425 1638 antiquatis
1459 1589 1610 1627 veteris
1648 1588 1919 1627 democratiae

320 1642 515 1692 reliquiis.
558 1642 773 1692 Siquidem
793 1644 837 1681 in
854 1644 1058 1693 Hispania
1075 1643 1305 1681 Saracenici
1324 1643 1489 1692 imperii
1509 1642 1732 1691 manifesta
1746 1643 1920 1692 vestigia

318 1695 415 1734 licet
445 1697 647 1747 hodieque
670 1711 858 1746 cernere3
889 1711 1063 1748 quorum
1091 1697 1358 1747 tyrannidem
1383 1696 1607 1746 aliquando
1636 1709 1756 1746 passa
1785 1700 1846 1735 est
1875 1710 1920 1735 ea

318 1751 444 1800 regio.
465 1751 639 1789 Vtinam
651 1751 755 1790 illud
768 1752 1026 1802 principibus
1039 1755 1159 1801 queat
1174 1751 1418 1801 persuaderi,
1436 1751 1649 1789 neminem
1662 1751 1920 1801 splendidius

319 1818 489 1853 regnare
510 1819 636 1855 quam
656 1806 727 1856 qui
748 1806 889 1844 liberis
910 1820 953 1844 ac
973 1806 1163 1844 felicibus
1187 1807 1390 1855 imperat!

374 1860 763 1899 Reuerendissimus
809 1861 1032 1899 cardinalis
1077 1860 1289 1908 Albertus,
1334 1860 1526 1910 princeps
1573 1859 1916 1908 Maguntinensis,

320 1913 638 1952 humanissimis
668 1915 800 1954 literis
834 1928 910 1953 nos
942 1915 1106 1953 ornauit
1140 1915 1326 1964 donoque
1361 1913 1575 1952 luculento
1607 1913 1918 1961 cohonestauit3

285 1985 300 2015 5
321 1968 429 2018 quod
450 1981 523 2017 ego
538 1969 606 2007 vel
627 1969 705 2007 hoc
724 1970 893 2008 nomine
913 1970 1045 2019 pluris
1058 1969 1179 2016 facio,
1195 1969 1303 2019 quod
1319 1970 1360 2007 et
1380 1981 1403 2006 a
1420 1967 1704 2006 cordatissimo
1726 1967 1920 2017 Principe

364 2059 416 2089 68.
441 2059 751 2100 Vuirtebergensis
767 2065 821 2093 H:
845 2063 1195 2103 Vuirtembergensis
1212 2066 1251 2093 N.

1357 2064 1408 2094 80.
1433 2062 1609 2101 hodieque
1625 2064 1664 2093 E.
1705 2063 1748 2099 Cf.
1769 2063 1827 2098 Ep.
1843 2061 1919 2099 916.

321 2102 396 2141 267,
422 2105 470 2132 rbi
491 2106 559 2133 sine
582 2107 665 2134 iussa
689 2116 783 2136 causa
807 2110 982 2138 emendam.

321 2145 374 2184 83.
400 2146 733 2180 Reuerendissimus
750 2151 947 2181 cardinalis
963 2161 1021 2182 om.
1039 2153 1083 2182 H.

364 2264 417 2293 53.
442 2255 589 2296 Paceus]
614 2256 716 2286 After
731 2256 794 2287 the
812 2257 1030 2288 declaration
1049 2258 1088 2288 of

321 2297 384 2328 the
412 2298 581 2338 Emperor
606 2300 685 2340 (Ep.
704 2300 780 2339 968.
798 2302 862 2340 6n)
882 2302 970 2332 Pace
987 2304 1084 2332 went

320 2343 355 2372 to
373 2341 574 2373 Frankfort.
623 2343 678 2374 He
694 2353 767 2374 was
782 2344 885 2376 there
901 2355 921 2384 3
937 2345 1033 2385 July‚
1050 2349 1086 2376 at

323 2385 440 2416 Mainz
458 2388 545 2416 next
562 2385 642 2425 day,
661 2389 697 2417 at
716 2387 870 2427 Cologne
891 2390 911 2419 8
931 2389 1028 2428 July‚
1049 2392 1086 2420 at

320 2429 495 2468 Antwerp
520 2430 579 2460 via
603 2430 704 2461 Diest
726 2440 767 2460 22
790 2432 889 2471 July.
944 2433 1086 2464 Thence

320 2472 366 2502 he
376 2472 448 2503 had
461 2473 631 2503 returned
643 2476 680 2505 to
693 2474 852 2506 Mechlin
868 2477 913 2514 by
926 2486 966 2514 27
977 2477 1064 2515 July
1079 2487 1087 2513 ;

321 2515 393 2546 and
418 2515 463 2546 he
488 2516 553 2547 left
577 2520 662 2548 next
684 2518 755 2558 day
771 2519 824 2549 for
847 2519 974 2550 Calais.
1022 2520 1086 2550 See

322 2559 466 2589 Brewer
482 2560 534 2591 1ῑί-
551 2570 627 2600 351,
645 2570 720 2600 353,
740 2563 815 2600 363,
828 2572 903 2601 392,
923 2564 997 2602 398-

365 2602 546 2634 Erasmus’
559 2606 721 2644 meeting
732 2606 821 2636 with
832 2606 909 2637 him
921 2606 984 2648 (cf.
998 2607 1084 2647 Epp.

326 2656 419 2684 1009.
439 2647 537 2685 52-8‚
559 2657 652 2687 1074.
667 2658 763 2688 71-3‚
784 2659 876 2689 1097.
895 2651 996 2690 9—12)
1015 2660 1087 2681 was

322 2691 496 2738 probably
511 2693 549 2721 at
565 2693 739 2731 Antwerp
757 2703 764 2727 ς
789 2703 847 2723 see
863 2704 895 2733 p.
920 2703 968 2724 12.

366 2734 420 2772 56.
446 2734 669 2776 Federicum]
695 2735 733 2766 of
745 2736 897 2775 Saxony.
947 2737 1014 2768 For
1029 2738 1087 2768 his

323 2777 454 2807 refusal
482 2777 520 2807 of
543 2779 605 2808 the
629 2779 774 2819 Empire
802 2781 845 2811 cf.
875 2780 963 2820 Epp.
992 2790 1086 2819 1030.

322 2821 442 2859 53-64,
464 2830 557 2860 1119.
576 2822 649 2860 7—8.

365 2865 418 2903 67.
445 2874 574 2904 magna
606 2866 750 2906 manus]
781 2866 833 2898 cf.
858 2867 1002 2898 Brewer
1034 2868 1086 2898 iii.

323 2908 398 2947 363,
417 2917 505 2947 3922
530 2910 756 2949 mentioning
778 2911 936 2941 troubles
956 2912 994 2941 of
1014 2911 1088 2941 this

324 2951 412 2981 kind
430 2955 466 2982 at
482 2951 645 2991 Coblenz,
663 2953 734 2983 and
752 2963 797 2984 an
814 2963 916 2994 army
933 2954 971 2984 of
988 2955 1089 2988 8.000

325 2994 482 3026 footmen
518 2996 676 3027 between
707 2996 858 3037 Cologne
882 2998 953 3028 and
980 2998 1088 3029 Mans-

1162 2131 1169 2146 ,
1190 2116 1339 2147 quorum
1357 2109 1408 2137 E:
1432 2129 1439 2145 ‚
1461 2106 1552 2137 Nam
1577 2106 1852 2136 Sarracenorum
1876 2106 1918 2136 H.

1153 2258 1276 2289 tricht.

1196 2302 1250 2333 68.
1276 2302 1357 2332 Dux
1379 2300 1735 2341 Vuirtenbergensis]
1761 2301 1811 2332 Cf.
1829 2301 1917 2341 Epp.

1153 2345 1228 2384 986.
1249 2355 1304 2384 111,
1328 2355 1421 2384 1030.
1438 2347 1519 2384 65n.

1198 2399 1248 2427 71.
1274 2388 1448 2429 Asperae]
1475 2390 1527 2421 Cf.
1545 2389 1609 2428 Ep.
1627 2388 1702 2427 643.
1720 2397 1801 2428 2911.

1199 2442 1248 2471 72.
1275 2432 1504 2473 clementiae]
1530 2432 1581 2464 Cf.
1600 2431 1689 2472 Epp.
1703 2432 1776 2470 825.
1795 2441 1815 2470 3
1832 2440 1918 2471 seq„

1153 2477 1229 2515 829.
1246 2477 1266 2506 8
1283 2486 1353 2515 seq.

1200 2529 1251 2557 74.
1276 2519 1447 2559 populum
1473 2518 1656 2559 premant]
1683 2518 1735 2550 Cf.
1760 2518 1823 2558 Ep.
1845 2518 1919 2558 825.

1156 2563 1221 2602 7‚8-

1200 2607 1252 2645 76.
1277 2605 1366 2646 fata]
1392 2606 1494 2645 Verg.
1511 2608 1589 2637 Aen.
1607 2615 1640 2644 3.
1655 2614 1730 2644 395,
1753 2615 1803 2637 10.
1825 2614 1899 2644 113.

1199 2651 1252 2681 82.
1277 2649 1414 2690 liberis]
1451 2649 1620 2680 Erasmus
1651 2648 1776 2688 speaks
1806 2647 1921 2688 freely

1153 2703 1199 2723 on
1225 2693 1347 2723 behalf
1368 2694 1405 2723 of
1430 2693 1562 2731 liberty
1585 2691 1657 2722 and
1680 2691 1842 2731 equality
1866 2691 1921 2722 for

1155 2736 1218 2767 the
1234 2736 1358 2776 people
1382 2746 1420 2766 as
1436 2745 1456 2766 a
1473 2736 1673 2775 protection
1694 2736 1834 2775 against
1856 2735 1920 2765 the

1153 2780 1362 2820 oppression
1375 2780 1413 2810 of
1427 2781 1579 2818 tyrants.
1596 2779 1634 2809 in
1647 2779 1710 2809 the
1723 2779 1921 2818 Panegyric

1155 2823 1226 2854 and
1246 2825 1283 2853 in
1301 2823 1362 2854 the
1379 2825 1461 2854 Inst.
1474 2825 1629 2860 principis
1645 2824 1815 2853 Christiani
1832 2821 1918 2862 (ΕΒ.

1157 2867 1204 2898 iv.
1223 2868 1324 2906 546r,
1338 2876 1401 2905 574
1410 2866 1459 2906 D).
1497 2866 1561 2896 See
1577 2865 1652 2896 also
1670 2865 1732 2896 the
1749 2867 1920 2896 Sem-abeas

1157 2910 1280 2951 (Adafs.
1299 2911 1398 2949 2601)
1416 2920 1425 2949 ;
1447 2910 1518 2940 and
1535 2909 1580 2939 cf.
1599 2909 1659 2949 Ep.
1683 2917 1777 2948 1003.
1805 2918 1860 2948 30.

1199 2955 1251 2991 84.
1279 2953 1411 2993 literis]
1436 2953 1498 2992 Ep.
1517 2953 1592 2992 988.

1245 2996 1352 3038 dono]
1378 2997 1442 3027 See
1460 2997 1520 3036 Ep.
1535 2997 1611 3036 986.
1628 3005 1707 3035 35u.
