1990 3353
254 154 335 192 332

718 150 972 189 LETTERS
1011 149 1082 188 OF
1119 148 1387 187 ERASMUS

1728 144 1858 199 [1520

254 275 377 312 quem
399 274 563 300 morum
586 259 820 311 integlitas,
842 272 967 309 quem
988 272 1126 297 rerum
1147 272 1245 297 vsus
1264 272 1309 297 ac
1329 259 1550 309 prudentia
1570 249 1650 297 non
1676 257 1860 307 vulgaris

254 317 526 355 commendet.

308 371 481 410 Duobus
509 368 736 418 horologiis
768 368 1018 417 inscriptum
1052 370 1140 406 erat
1171 368 1365 406 ‘Festina
1398 368 1559 415 lente’3
1600 369 1724 417 atque
1752 367 1860 405 hanc

254 425 423 475 quidem
460 423 778 473 inscriptionem
825 422 942 461 audit
979 422 1242 472 puluisculus
1288 422 1361 460 ille
1405 435 1479 472 per
1523 421 1859 460 minutissimum

254 480 443 518 foramen
471 479 583 517 lente
618 478 816 526 defluens,
849 477 949 516 haec
978 490 1046 515 me
1076 477 1292 516 scribente.

1354 477 1435 515 Sed
1466 489 1620 526 magna
1651 476 1860 514 celeritate

254 535 341 572 vita
378 536 521 572 nostra
555 532 704 580 auolat,
742 534 784 570 et
822 531 990 570 aduolat
1027 544 1141 569 mors
1183 531 1317 570 nihilo
1354 531 1538 580 segnius⁷
1572 530 1738 569 etiamsi
1775 542 1859 568 non

257 587 410 626 defluat
456 587 666 626 harenula.

745 586 799 624 In
839 586 969 624 altero
1017 599 1195 636 superne
1242 586 1493 635 inscriptum
1541 586 1627 624 erat
1675 583 1859 623 ‘Festina

194 655 235 687 45
255 641 403 690 lente',
450 644 491 680 et
538 641 756 680 inuersum
805 640 1071 690 horologium
1119 640 1360 679 ostendebat
1407 639 1557 678 mortis
1604 638 1859 688 imaginem:

256 709 360 747 quae
392 697 556 735 vtinam
586 695 676 743 tibi,
708 695 769 733 mi
802 695 945 743 Turzo,
978 694 1094 733 lenta
1126 695 1292 733 veniat!
1334 694 1459 744 digno
1490 693 1672 744 profecto
1705 692 1776 742 qui
1805 692 1862 731 sis

255 750 522 799 immortalis,
544 763 630 789 non
655 751 821 789 tantum
841 749 1079 799 long-aeuus,
1106 749 1188 787 nisi
1214 749 1313 787 haec
1336 751 1443 787 esset
1468 749 1659 786 fortunae
1686 747 1857 794 inuidia,

254 807 303 845 vt
331 806 368 843 si
400 804 499 856 quid
529 804 712 843 extiterit
740 805 785 842 in
815 803 937 842 rebus
964 803 1161 842 humanis
1188 803 1401 851 eximium,
1431 803 1474 841 id
1504 815 1630 852 quam
1659 802 1862 851 ocyssime

254 860 378 898 tollat
406 873 427 898 e
452 860 600 898 medio.

661 859 779 908 Quod
809 871 932 896 omen
959 858 1034 897 abs
1062 859 1102 896 te
1121 857 1250 897 velim
1280 871 1406 908 quam
1433 856 1681 907 longissime
1707 855 1861 904 abesse,

196 926 237 958 50
256 927 381 965 quem
412 916 453 953 et
481 927 530 952 ex
560 913 645 952 tuis
673 913 806 952 literis
833 915 875 950 et
905 926 955 951 ex
984 912 1163 951 aliorum
1192 912 1496 962 praedicatione
1524 914 1612 950 tam
1640 910 1790 949 multis
1818 923 1864 948 ac

258 969 363 1008 raris
391 969 522 1007 animi
560 968 729 1007 dotibus
758 967 996 1017 praeditum
1031 979 1118 1005 esse
1146 967 1266 1005 video
1297 970 1344 1005 vt
1375 966 1538 1016 generis
1570 965 1788 1012 claritudo,
1818 967 1863 1003 vt

257 1037 365 1072 opes,
387 1025 434 1062 vt
452 1022 667 1073 pontificia
686 1022 868 1071 dignitas
887 1021 1065 1059 minima
1084 1021 1220 1071 portio
1240 1021 1296 1059 sit
1315 1023 1485 1059 tuorum
1505 1021 1861 1059 ornamentorum.

312 1077 481 1116 Pileum
501 1090 587 1116 non
608 1077 757 1127 poterit
787 1076 895 1115 mihi
919 1089 1008 1114 esse
1027 1076 1121 1114 vsui
1147 1075 1230 1114 nisi
1250 1075 1364 1114 domi
1381 1089 1389 1122 ;
1418 1088 1517 1113 nam
1538 1077 1579 1113 et
1599 1073 1861 1124 magnificen-

257 1132 343 1170 tius
367 1134 428 1170 est
454 1145 577 1182 quam
597 1134 644 1170 vt
670 1130 894 1170 conueniat
920 1130 1085 1168 homini
1108 1129 1363 1168 tenui—nisi
1387 1130 1494 1168 forte
1517 1132 1557 1168 et
1584 1129 1652 1167 hic
1672 1140 1795 1176 erras,
1818 1129 1864 1165 vt

196 1196 235 1227 55
256 1188 377 1236 putes
419 1186 643 1224 Erasmum
688 1199 776 1224 esse
818 1185 1073 1235 aliquid-—et
1092 1184 1269 1223 alienius
1307 1197 1330 1223 a
1368 1197 1482 1222 more
1513 1183 1639 1222 huius
1670 1182 1859 1232 regionis.

257 1240 371 1279 Olim
397 1240 514 1279 iuxta
537 1240 805 1290 prouerbium
832 1239 963 1278 bonos
983 1239 1093 1278 viros
1123 1239 1322 1278 decebant
1350 1238 1502 1287 omnia,
1525 1251 1637 1276 nunc
1668 1251 1753 1275 non
1782 1235 1865 1275 nisi

255 1297 446 1345 potentes
474 1295 615 1334 omnia
638 1295 807 1333 decent:
839 1296 982 1332 tamen
1011 1293 1262 1341 seruabitur,
1282 1295 1322 1331 et
1349 1293 1395 1331 in
1420 1293 1499 1331 hoc
1527 1292 1798 1343 potissimum
1818 1293 1864 1329 vt

255 1349 456 1388 Turzonis
476 1348 723 1388 memoriam
743 1349 850 1388 mihi
868 1348 1043 1387 refricet.

311 1405 501 1443 Aureum
529 1403 739 1443 numisma
772 1403 930 1442 multos
958 1402 1154 1450 exercuit,
1185 1402 1279 1441 aliis
1308 1400 1641 1441 coniectantibus
1667 1413 1753 1438 esse
1779 1401 1864 1438 tres

196 1464 239 1496 60
259 1458 346 1496 Noe
371 1458 479 1497 filios
506 1472 557 1497 ex
585 1459 694 1497 Arca
722 1460 993 1506 reuertentes,
1023 1460 1064 1496 et
1091 1470 1140 1495 ex
1168 1457 1295 1495 altera
1323 1459 1438 1507 parte
1466 1456 1702 1494 columbam
1733 1454 1866 1493 oliuae

258 1526 422 1551 ramum
446 1512 700 1551 deferentem
720 1526 729 1550 :
759 1512 853 1551 aliis
873 1513 997 1550 duces
1023 1513 1143 1559 duos,
1163 1511 1236 1562 qui
1256 1511 1441 1550 medium
1461 1512 1628 1560 captum
1649 1510 1859 1557 ducerent,

258 1570 300 1605 et
336 1566 521 1617 aquilam
558 1566 667 1605 lauri
704 1580 870 1606 ramum
908 1566 952 1605 in
991 1579 1185 1605 coronam
1219 1566 1426 1604 deflexum
1459 1566 1702 1614 gestantem.

1763 1562 1864 1602 Sub-

259 1621 527 1671 scriptionem
545 1621 686 1660 nullus
705 1622 838 1660 adhuc
857 1621 992 1671 legere
1012 1621 1158 1671 potuit,
1178 1633 1312 1670 neque
1335 1620 1514 1659 Graecus
1534 1632 1667 1669 neque
1688 1618 1864 1656 Latinus

259 1689 391 1725 neque
414 1676 638 1715 Hebraeus.

313 1730 443 1768 Video
462 1743 586 1780 quam
607 1730 688 1769 sim
707 1730 905 1780 ingratus,
928 1729 1000 1780 qui
1021 1743 1095 1779 pro
1121 1731 1184 1768 tot
1203 1728 1561 1778 donariis-proque
1583 1726 1759 1777 epistola
1777 1728 1865 1764 tam

260 1784 447 1834 eleganti,
484 1787 571 1823 tam
602 1784 746 1832 amica,
779 1787 940 1834 praeter
977 1783 1181 1834 frigidum
1213 1783 1454 1833 epistolium
1485 1781 1595 1821 nihil
1626 1781 1862 1831 rependam.

261 1839 341 1877 Sed
379 1838 483 1878 alias
516 1838 686 1877 dabitur
722 1838 900 1877 occasio:
942 1838 1110 1876 interim
1150 1851 1247 1876 cura
1283 1840 1331 1875 vt
1369 1839 1478 1875 recte
1509 1836 1656 1883 valeas,
1691 1834 1864 1874 Praesul

260 1893 429 1943 optime.

491 1893 679 1941 Louanii,
703 1893 835 1942 pridie
856 1893 940 1932 Cal.
963 1892 1170 1943 Septemb.
1194 1905 1306 1930 ANNo
1326 1904 1486 1930 M.D.xx.

673 2113 797 2155 1138.
859 2111 923 2153 To
956 2111 1177 2153 WILLIAM
1209 2111 1454 2153 BURBANK.

309 2204 503 2250 Epistolae
522 2204 568 2240 ad
586 2203 753 2239 diuersos
770 2215 807 2249 p.
828 2213 905 2248 593.

310 2263 401 2299 HN:
430 2263 546 2299 Lond.
566 2263 637 2300 xvi.
659 2274 703 2309 3:
730 2263 803 2299 LB.
827 2263 906 2308 526.

1544 2198 1723 2235 Louvain.

1433 2268 1447 2294 1
1469 2257 1693 2304 September
1714 2267 1727 2293 1
1738 2267 1817 2303 520.

308 2359 343 2400 [Ι
360 2362 490 2390 cannot
505 2359 695 2400 definitely
711 2361 861 2392 confirm
879 2361 941 2391 the
957 2359 1142 2400 year—date
1158 2371 1165 2391 :
1189 2359 1253 2390 but
1278 2359 1307 2389 it
1331 2368 1412 2398 may
1429 2359 1471 2389 be
1493 2358 1636 2389 noticed
1661 2357 1740 2388 that
1765 2355 1866 2388 Celet

263 2404 301 2441 (†
315 2404 354 2433 16
370 2404 466 2443 Sept.
489 2406 588 2443 1519)
606 2405 636 2435 is
653 2407 718 2435 not
734 2404 944 2436 mentioned
961 2404 999 2435 in
1017 2404 1079 2434 the
1097 2403 1160 2434 list
1177 2402 1215 2434 of
1228 2402 1378 2442 English
1396 2402 1547 2433 friends.
1595 2401 1642 2433 In
1667 2402 1762 2441 Sept.
1783 2409 1863 2439 1521

263 2447 433 2478 Erasmus
447 2457 520 2478 was
535 2450 571 2478 at
588 2448 822 2480 Anderlecht.

308 2569 362 2606 46.
390 2568 489 2599 lenta
504 2567 641 2609 veniat]
659 2568 779 2599 When
797 2568 897 2599 these
914 2568 1031 2598 words

265 2621 358 2642 were
381 2613 538 2651 written,
564 2611 625 2642 the
651 2611 714 2652 Bp.
744 2612 816 2643 had
839 2612 927 2642 been
951 2611 1032 2642 four

263 2655 381 2686 wceks
411 2654 511 2686 dead.
572 2655 639 2686 For
666 2656 729 2686 the
753 2656 1032 2686 circumstances

263 2699 381 2729 under
390 2698 510 2729 which
522 2698 584 2729 the
597 2708 693 2729 news
704 2699 855 2730 reached
862 2699 1032 2730 Erasmus

263 2751 322 2772 see
338 2742 401 2781 Ep.
424 2751 516 2780 1242.

310 2786 362 2824 56.
387 2785 631 2826 prouerbium]
647 2789 753 2824 Aclaq.
774 2787 868 2817 1860.

311 2838 362 2868 59.
389 2829 587 2870 numisma]
606 2830 650 2860 In
664 2829 766 2869 reply
779 2831 814 2860 to
831 2839 850 2860 a
866 2829 1032 2869 question

267 2872 333 2904 Mr.
353 2872 394 2904 G.
414 2873 451 2904 F.
470 2872 550 2902 Hill
567 2874 605 2902 of
626 2873 689 2903 the
711 2873 850 2904 British
869 2873 1033 2903 Museum

267 2919 303 2947 at
321 2925 405 2946 once
423 2915 610 2946 identified
623 2916 699 2947 this
709 2916 799 2947 with
815 2918 823 2934 ⁴
835 2917 896 2947 the
910 2916 1033 2947 rather

268 2959 482 2999 mysterious
515 2960 579 2990 but
610 2962 672 2990 not
703 2969 919 2990 uncommon
950 2959 1031 2999 gold

267 3004 348 3034 coin
363 3003 370 3017 '
401 3003 521 3034 struck
554 3003 601 3043 by
625 3003 687 3033 the
711 3003 845 3034 Dacian
869 3013 909 3033 or
931 3003 1032 3034 Getic

267 3047 365 3086 king,
385 3046 499 3078 Coson
522 3047 598 3086 (the
623 3047 768 3078 Cotison
786 3048 824 3077 of
844 3047 932 3078 Hor.
955 3049 984 3078 C.
1000 3055 1030 3085 3.

1100 2567 1129 2597 8.
1148 2568 1185 2597 18
1200 2566 1272 2597 and
1290 2566 1385 2597 Suet.
1400 2569 1481 2604 Any.
1496 2567 1553 2606 63)
1568 2567 1731 2597 between
1742 2576 1785 2605 40
1796 2565 1867 2596 and

1100 2620 1143 2649 29
1165 2619 1229 2641 13.c.
1247 2620 1255 2648 ;
1279 2610 1352 2640 and
1376 2610 1532 2641 referred
1550 2611 1587 2641 to
1612 2619 1658 2640 an
1679 2609 1804 2640 article
1823 2610 1869 2649 by

1102 2654 1149 2686 M.
1184 2653 1375 2685 Bahrfeldt
1411 2655 1449 2684 in
1483 2656 1624 2684 Berliner
1652 2655 1868 2691 Me‘mzblatter,

1103 2706 1197 2737 1912.
1243 2697 1317 2728 The
1342 2697 1443 2728 three
1464 2697 1595 2737 figures
1617 2707 1676 2728 are
1692 2697 1795 2728 there
1811 2705 1870 2727 ex-

1101 2740 1250 2780 plained
1265 2751 1302 2772 as
1319 2751 1338 2772 a
1354 2741 1477 2771 consul
1494 2741 1684 2781 marching
1704 2741 1867 2771 between

1101 2788 1171 2815 two
1187 2784 1323 2824 lictors,
1341 2785 1412 2815 and
1428 2785 1491 2816 the
1511 2784 1593 2815 bird
1615 2794 1653 2815 as
1675 2794 1722 2815 an
1745 2784 1842 2824 eagle
1860 2794 1868 2822 ;

1101 2829 1173 2859 and
1206 2838 1266 2858 112
1297 2828 1430 2858 known
1461 2828 1661 2868 specimens
1693 2836 1751 2858 are
1781 2837 1868 2858 enu-

1103 2872 1274 2911 merated,
1312 2873 1383 2902 two
1414 2871 1453 2902 of
1487 2871 1608 2902 which
1641 2881 1701 2903 are
1734 2871 1774 2901 in
1805 2870 1869 2901 the

1102 2915 1256 2946 Silesian
1270 2915 1433 2946 Museum
1445 2916 1482 2946 at
1498 2914 1659 2946 Breslau.
1698 2914 1772 2945 The
1787 2914 1868 2944 sub-

1102 2958 1277 2998 scription
1292 2960 1322 2989 is
1338 2959 1377 2989 in
1397 2958 1515 2990 Greek
1531 2958 1692 2998 capitale,
1711 2960 1866 2988 ΚΟΣΩΝ.

1146 3001 1215 3032 For
1244 3013 1264 3033 a
1295 3002 1436 3033 similar
1466 3002 1713 3042 presentation
1742 3001 1782 3031 of
1809 3001 1870 3032 old

1100 3045 1199 3076 coins
1216 3055 1273 3077 see
1291 3046 1354 3085 Ep.
1377 3055 1468 3084 1145.
1489 3054 1604 3085 17-19.
