1990 3353
76 125 195 179 1106]
557 127 710 166 FROM
753 127 987 167 THOMAS
1027 126 1183 165 MORE
1595 127 1675 165 267

73 237 246 275 omnino
286 236 470 284 duriter,
518 239 558 275 et
594 238 734 275 tamen
767 237 827 285 (vt
863 236 961 274 noui
992 235 1207 274 hominem
1242 235 1292 274 ad
1326 248 1416 273 rem
1450 237 1674 283 attentum)

72 290 219 340 opinor
238 291 499 341 respondisse
519 294 605 330 tam
626 291 854 330 commode.
878 289 1015 339 magis
1041 290 1197 340 pudore
1223 289 1403 340 quodam
1428 289 1677 327 aduersandi

71 344 181 383 mihi
200 358 325 394 quam
345 346 455 395 quod
475 358 526 383 ex
545 344 677 384 animi
696 344 760 384 sui
780 344 987 384 sententia
1006 343 1253 394 loqueretur.
1313 344 1488 382 Summa
1507 345 1608 388 erat,
1625 343 1675 381 de

71 398 158 437 filio
188 412 231 437 se
262 412 431 438 vsurum
461 399 634 438 consilio
662 412 781 446 meo;
812 399 882 438 sed
910 398 1081 437 interim
1108 411 1191 437 non
1215 398 1390 437 obscure
1413 397 1675 448 significabat

71 466 168 491 eum
197 466 240 492 se
268 456 537 492 nummatum
567 453 692 492 malle
721 466 847 504 quam
875 452 1100 491 literatum.
1159 455 1218 491 At
1248 465 1424 502 puerum
1453 452 1592 502 ipsum
1617 451 1676 489 sic

70 507 304 546 animatum
339 508 471 555 video,
509 510 556 547 vt
586 521 672 546 non
703 520 793 546 rem
820 509 1039 557 paternam
1067 509 1246 554 tantum,
1277 506 1349 546 sed
1377 506 1518 557 ipsum
1547 505 1676 545 etiam

71 563 233 611 patrem
258 562 382 601 citius
401 562 622 602 relicturus
645 562 698 601 sit
726 575 851 612 quam
869 574 913 600 se
942 561 1087 600 diuelli
1109 561 1295 611 patiatur
1319 575 1343 600 a
1366 560 1524 607 literis:
1555 560 1676 599 nimi-

72 629 167 654 rum
188 616 340 666 dignus
361 617 478 656 euius
497 616 682 655 indolem
705 616 833 655 talem
852 616 1021 655 foueant
1044 628 1189 654 omnes
1208 617 1332 666 atque
1353 616 1471 654 omni
1490 628 1565 665 ope
1586 627 1677 664 pro-

68 673 279 710 moueant.

128 725 432 764 Louaniensem
452 725 574 764 illum
595 724 889 764 scholasticum
908 725 966 763 ita
986 723 1184 763 collocaui
1199 726 1245 763 vt
1265 737 1350 763 non
1371 723 1559 762 dubitem
1574 723 1676 773 quin

70 778 148 816 tibi
181 781 381 829 perpetuo
415 779 468 818 sit
502 779 722 819 habiturus
750 779 914 829 gratias.
975 779 1169 818 Eruditio
1197 778 1287 817 eius
1313 777 1521 828 perplacet
1551 778 1676 825 hero;

71 833 144 882 qui
171 846 302 883 quum
329 834 560 873 audiuisset
588 847 685 873 eum
708 833 814 873 mihi
841 833 1180 872 commendatum
1208 833 1283 872 abs
1310 835 1362 881 te,
1383 833 1547 882 rogauit
1565 831 1677 871 vltro

70 887 134 925 vti
154 887 351 927 iuuenem
372 888 452 938 ipsi
476 889 790 939 permitterem:
819 900 899 938 qua
917 887 963 926 in
982 901 1026 926 re
1047 901 1122 938 ego
1148 901 1233 926 non
1256 887 1464 938 grauatim
1490 886 1556 925 illi
1581 899 1676 925 sum

70 941 341 991 gratificatus,
374 945 519 993 vtpote
548 943 655 994 quod
687 943 845 993 alioqui
877 941 1186 981 destinaueram
1214 944 1366 992 petere.
1428 941 1537 980 Nam
1566 941 1675 990 apud

70 1008 138 1034 me
157 995 349 1045 pluribus
368 997 577 1037 ministris
596 1011 682 1037 non
701 997 871 1036 vacabat
889 996 1017 1037 locus.

126 1049 170 1089 Is
201 1051 304 1089 dum
337 1052 486 1102 primis
519 1052 603 1092 illis
636 1052 782 1091 diebus
816 1053 924 1090 esset
952 1052 1060 1101 apud
1092 1064 1176 1099 me,
1207 1050 1392 1090 ostendit
1420 1049 1527 1089 mihi
1556 1062 1677 1099 opera

72 1105 275 1154 quaedam
302 1104 502 1145 Lodouici
526 1106 660 1154 Viuis,
692 1106 848 1156 quibus
874 1119 1008 1156 neque
1034 1107 1168 1156 magis
1192 1105 1361 1155 elegans
1384 1117 1516 1155 neque
1544 1104 1676 1154 magis

69 1159 283 1198 eruditum
303 1161 526 1211 quicquam
545 1161 631 1200 iam
650 1160 722 1200 diu
742 1161 842 1200 vidi.
905 1160 1088 1210 Quotum
1115 1160 1229 1199 enim
1250 1173 1456 1210 quemque
1484 1159 1674 1208 reperias,

71 1213 156 1252 imo
192 1214 294 1253 adeo
332 1228 456 1265 quem
498 1229 632 1255 vnum
666 1215 796 1254 ferme
834 1215 1016 1265 reperias
1054 1228 1243 1265 vsquam,
1279 1214 1351 1264 qui
1388 1216 1476 1252 tam
1514 1213 1675 1251 virente

71 1270 203 1307 aetate
239 1269 353 1318 (nam
393 1273 440 1308 tu
478 1284 574 1309 eum
616 1269 780 1309 virente
812 1269 1046 1309 etiamnum
1085 1271 1217 1308 aetate
1255 1268 1402 1307 scribis
1440 1268 1542 1316 esse)
1587 1270 1676 1305 tam

73 1323 312 1362 absolutum
351 1324 595 1374 ciclopedias
624 1324 768 1364 orbem
801 1323 1060 1363 absoluerit‘?
1116 1324 1255 1362 Pudet
1288 1336 1355 1362 me
1389 1322 1585 1373 profecto,
1615 1321 1676 1360 mi

71 1377 257 1425 Erasme,
290 1378 374 1416 mei
399 1380 566 1429 meique
595 1378 814 1426 similium,
844 1379 915 1429 qui
944 1391 1028 1416 vno
1054 1380 1127 1417 aut
1156 1377 1286 1416 altero
1310 1376 1514 1423 libellulo,
1546 1390 1675 1426 eoque

71 1431 156 1470 fere
176 1433 328 1482 inepto,
351 1433 619 1472 venditamus
642 1446 728 1472 nos.
754 1446 848 1472 cum
879 1433 1031 1471 Viuem
1059 1432 1232 1482 respicio
1258 1435 1346 1471 tam
1373 1432 1567 1470 iuuenem
1587 1433 1675 1469 tam

72 1486 218 1534 multa,
254 1489 341 1526 tam
371 1500 553 1535 excussa,
585 1490 670 1526 tam
701 1487 846 1526 diserti
875 1486 1089 1535 sermonis,
1122 1489 1210 1526 tam
1238 1486 1450 1525 abstrusae
1483 1485 1676 1524 lectionis

71 1540 285 1580 aedidisse.
345 1542 496 1592 Magna
515 1555 582 1581 res
602 1544 664 1581 est
684 1542 924 1591 linguarum
944 1542 1146 1580 alterutra
1166 1540 1319 1591 pollere
1336 1555 1344 1586 ;
1373 1540 1447 1579 ille
1467 1553 1510 1578 se
1530 1539 1677 1589 probat
1698 1568 1715 1587 ,

72 1598 243 1645 vtraque
263 1596 581 1646 peritissimum.
640 1596 776 1635 Maius
797 1596 994 1647 quiddam
1014 1609 1060 1635 ac
1080 1595 1331 1634 fructuosius
1357 1594 1578 1644 praeclaris
1601 1594 1676 1632 im-

71 1649 222 1688 butum
251 1662 341 1689 esse
368 1650 601 1700 disciplinis
617 1665 627 1698 ;
656 1652 700 1689 at
728 1651 823 1701 quis
851 1664 935 1689 vno
961 1650 1070 1689 Viue
1098 1663 1142 1688 se
1171 1649 1354 1688 ostendit
1383 1651 1456 1688 aut
1485 1648 1677 1699 pluribus

71 1703 325 1743 instructum
344 1706 415 1744 aut
436 1705 677 1744 melioribus
689 1707 709 1744 ⁵?
766 1705 900 1744 Multo
915 1718 1009 1744 vero
1023 1704 1257 1743 maximum
1274 1706 1336 1743 est
1349 1704 1407 1742 sic
1424 1703 1554 1742 bonas
1568 1706 1677 1742 artes

72 1758 288 1797 imbibisse
311 1759 516 1807 discendo,
541 1762 586 1798 vt
610 1761 655 1798 in
678 1760 781 1798 alios
807 1760 972 1798 easdem
999 1758 1135 1809 possis
1160 1772 1305 1797 rursus
1331 1758 1515 1797 docendo
1543 1759 1675 1796 trans-

73 1813 273 1860 fundere:
328 1815 370 1852 at
416 1814 509 1863 quis
554 1815 628 1853 illo
667 1814 783 1853 docet
823 1815 1017 1864 apertius,
1058 1813 1232 1861 dulcius,
1271 1813 1506 1851 efficacius?
1582 1811 1734 1855 Non,-

73 1880 244 1916 possum
267 1868 368 1906 satis
388 1868 586 1907 admirari
606 1868 784 1907 virtutes
804 1868 899 1907 illas
919 1882 1022 1919 quas
1041 1868 1087 1906 in
1107 1867 1493 1906 Declamationibus
1519 1867 1608 1905 eius
1629 1868 1675 1904 tu

72 1925 111 1959 et
133 1925 252 1960 acute
271 1923 519 1972 perspexisti
539 1925 580 1962 et
599 1923 838 1973 expressisti
856 1923 1090 1962 luculenter
1106 1937 1115 1969 ;
1145 1922 1411 1973 potissimum
1432 1934 1529 1960 vero
1549 1921 1676 1971 (quod

72 1975 116 2014 in
137 1976 404 2016 declamando
423 1977 691 2026 potissimum
717 1978 796 2024 est)
816 1991 900 2016 non
930 1977 1054 2016 modo
1082 1976 1254 2015 illorum
1283 1976 1490 2025 hystorias
1516 1977 1674 2025 tempo-

73 2043 168 2068 rum
202 2034 288 2069 tam
323 2034 568 2082 exprompta
599 2032 801 2071 memoria
835 2032 1053 2082 complecti
1078 2044 1204 2082 quam
1232 2044 1317 2069 non
1343 2031 1481 2080 quiuis
1503 2043 1674 2068 suarum

1699 468 1737 490 10

1698 740 1735 772 15

1697 1007 1736 1030 20

72 2097 211 2123 rerum
242 2086 447 2134 meminit,
474 2100 621 2125 verum
651 2086 873 2126 hominum
899 2089 961 2125 tot
989 2086 1089 2124 olim
1115 2085 1290 2124 saeculis
1319 2085 1563 2123 functorum
1588 2084 1675 2122 fato
1694 2098 1737 2128 40

72 2139 244 2178 affectus
264 2142 351 2179 tam
371 2143 607 2190 praesentes
627 2141 820 2188 induisse,
845 2144 889 2179 vt
910 2154 995 2179 non
1015 2154 1036 2178 e
1057 2140 1178 2178 libris
1202 2139 1389 2178 hausisse
1415 2153 1518 2189 quae
1547 2138 1677 2176 decla-

73 2196 170 2241 mat,
209 2194 280 2233 sed
311 2195 477 2243 vidisse,
514 2196 708 2242 sensisse,
738 2196 781 2233 in
812 2197 929 2245 parte
955 2195 1083 2234 fuisse
1113 2208 1252 2233 rerum
1286 2194 1353 2232 vel
1387 2206 1578 2243 prospere
1608 2193 1675 2230 vel

73 2260 189 2287 secus
209 2249 448 2288 cadentium
468 2249 659 2289 videatur
677 2264 686 2289 :
716 2250 885 2289 consilia
906 2250 1085 2300 denique
1105 2262 1191 2288 non
1210 2262 1262 2286 ex
1283 2248 1416 2286 aliena
1437 2247 1676 2286 conditione

73 2301 326 2352 languidule,
356 2304 428 2342 sed
455 2304 663 2343 feruenter
691 2304 916 2343 admodum
944 2318 993 2342 ex
1019 2317 1094 2342 suo
1114 2303 1202 2353 ipse
1222 2305 1348 2349 metu,
1373 2316 1458 2352 spe,
1479 2301 1671 2352 periculo,

73 2357 299 2396 foelicitate
319 2358 470 2397 metiri.
531 2358 649 2407 Quod
669 2359 704 2397 si
726 2359 770 2397 in
789 2358 989 2397 alterutra
1003 2360 1171 2397 tantum
1187 2359 1301 2407 parte
1317 2358 1552 2407 praestaret,
1567 2358 1675 2395 esset
1694 2368 1734 2400 45

73 2413 213 2450 tamen
228 2412 503 2451 admiratione
527 2413 715 2463 dignum.
776 2413 897 2452 Nune
919 2425 1014 2451 vero
1040 2413 1169 2451 talem
1196 2425 1239 2450 se
1266 2412 1410 2461 probat
1438 2411 1482 2449 in
1502 2413 1675 2460 vtraque

73 2468 116 2503 vt
139 2465 414 2505 chamelionta
433 2470 564 2517 putes,
588 2480 707 2506 verso
727 2468 817 2506 solo
833 2467 960 2507 simul
980 2469 1164 2505 mutasse
1183 2466 1375 2504 colorem.

128 2520 303 2559 Vtinam
337 2522 685 2572 expergiscantur,
720 2522 905 2570 Erasme,
942 2524 1064 2572 atque
1093 2521 1145 2559 ad
1176 2520 1287 2558 istud
1315 2520 1439 2559 Viuis
1467 2519 1675 2569 exemplar

73 2577 322 2624 componant
357 2587 443 2614 sese
475 2575 644 2626 quidam
676 2577 747 2626 qui
776 2577 958 2615 nimium
989 2575 1209 2614 ambitiose
1239 2574 1386 2613 volunt
1422 2574 1564 2613 haberi
1602 2587 1676 2624 pro

118 2693 169 2723 26.
197 2692 422 2731 cyclopedias
439 2696 592 2731 FCoeriq,
610 2705 617 2724 :
641 2692 864 2733 cyclopedias
882 2696 920 2723 N.
1046 2693 1098 2731 38.
1128 2692 1297 2723 historias
1314 2695 1467 2731 FCorriq.
1622 2703 1674 2733 45.

74 2736 268 2767 foelicitate
285 2738 329 2766 F:
357 2735 566 2768 felicitatem
582 2739 623 2767 H.
768 2738 820 2775 46.
849 2737 1013 2777 probata,
1030 2738 1101 2773 (2123.
1115 2746 1180 2775 30:
1203 2736 1328 2775 prebet
1348 2739 1379 2767 F.
1517 2746 1569 2775 47.
1596 2737 1674 2768 cha-

74 2779 273 2810 maeleonta
290 2781 440 2818 I'Corriq.

122 2900 169 2929 15.
194 2888 464 2930 scholasticum]
489 2890 541 2920 On
568 2890 630 2920 the
647 2900 741 2919 same
766 2900 845 2929 sup·
948 2899 996 2919 21.
1022 2889 1142 2929 opera]
1168 2890 1241 2919 'she
1256 2892 1497 2921 Declamaecones
1512 2893 1674 2927 ›Sumam-z

75 2935 229 2973 position
266 2934 341 2964 this
372 2933 488 2964 would
522 2934 560 2963 be
602 2933 687 2963 Adr.
723 2933 846 2964 Aelius
902 2944 958 2964 see
976 2933 1037 2973 Ep.
1057 2933 1152 2964 1082.

77 2977 254 3015 Barland;
280 2988 337 3008 >ee
350 2977 439 3016 Epp.
453 2978 526 3014 760.
541 2977 724 3014 tzur-1028.
745 2987 854 3007 10—11.
950 2986 1001 3015 25.
1030 2976 1171 3018 scribis]
1197 2976 1259 3016 Ep.
1282 2977 1376 3008 1082.
1394 2987 1492 3016 53-4.

124 3021 170 3051 16.
198 3021 298 3061 hero]
327 3020 452 3051 111ave
472 3030 517 3051 no
533 3021 622 3051 clue.
950 3030 1000 3060 37.
1028 3020 1248 3060 expressisti]
1276 3021 1338 3060 Ep.
1362 3022 1452 3051 1082.
1470 3021 1588 3059 2456·
