1990 3353
93 110 214 165 1177]
542 112 612 149 To
653 110 910 149 ANDREW
951 110 1228 148 KNOPKEN
1611 109 1690 147 433

90 221 239 271 ampla.
300 221 409 269 Quin
444 221 631 258 Rutenos
666 220 797 268 magis
831 219 996 263 adeunt,
1027 232 1178 269 eosque
1211 231 1288 257 sua
1321 218 1505 256 doctrina
1538 231 1691 268 suaque

89 276 363 314 sanctimonia
381 276 576 313 reuocant
596 274 646 312 ad
674 274 812 312 caulas
839 273 1077 312 Ecclesiae?
1134 273 1216 311 Hic
1241 271 1423 311 fulciunt
1450 272 1687 319 Ecclesiam,

89 331 156 368 cui
169 330 300 379 magis
316 329 429 368 oneri
447 330 547 367 sunt
561 341 685 377 quam
697 328 803 366 vsui.
845 329 903 364 At
919 328 989 365 vbi
1003 341 1067 366 res
1080 328 1212 376 poscit
1225 328 1405 376 ingenue
1418 340 1691 376 germaneque
1710 340 1751 371 30

90 383 390 428 Christianum,
428 383 500 433 qui
533 396 607 432 pro
640 382 755 420 lucro
790 381 947 419 Christi
980 382 1125 420 subeat
1166 382 1312 430 capitis
1349 381 1595 430 periculum,
1632 381 1691 418 ibi

89 451 295 488 nusquam
335 439 545 487 apparent.
616 435 684 474 Ita
722 436 824 473 dum
862 436 950 473 suis
987 437 1157 486 quisque
1196 435 1422 474 commodis
1461 435 1688 483 studemus,

88 492 316 542 negligitur
344 491 522 541 populus
552 490 720 529 Christi.

142 549 205 585 Ac
238 546 341 596 proh
377 546 514 584 dolor!
558 545 690 582 nostri
724 556 860 582 mores
893 543 1046 593 partim
1076 544 1120 581 in
1153 557 1274 581 causa
1307 546 1407 581 sunt
1438 556 1519 593 quo
1551 543 1692 581 minus

89 601 215 638 multi
241 614 283 638 se
309 600 519 638 conferant
545 599 595 638 ad
621 599 846 636 factionem
875 600 1075 636 nostram.
1135 598 1299 646 Legunt
1328 597 1623 647 Euangelicam
1652 599 1693 636 et
1712 605 1751 637 35

89 655 375 704 Apostolicam
396 653 637 700 doctrinam,
658 655 699 691 et
715 653 858 691 vident
873 652 923 690 ab
939 653 1014 690 hac
1029 652 1160 690 vitam
1182 654 1369 690 nostram
1389 652 1511 701 longe
1532 652 1693 701 lateque

89 709 330 758 discrepare.
391 709 486 746 Non
505 708 588 745 iam
608 707 755 757 loquor
774 707 824 744 de
844 706 971 756 vulgo
992 707 1100 756 quod
1122 706 1204 744 tale
1227 706 1312 744 fere
1339 708 1402 744 est
1429 706 1568 755 quales
1595 708 1694 743 sunt

88 764 118 801 ii
158 764 231 813 qui
268 765 477 812 praesunt,
517 762 588 800 sed
627 761 676 799 de
713 761 951 811 proceribus
990 760 1204 807 Ecclesiae,
1241 760 1292 798 de
1329 760 1610 798 sacerdotibus
1647 773 1693 798 ac

90 817 316 856 monachis.
376 817 494 854 Bona
517 829 611 865 pars
635 815 842 854 seruimus
869 815 1060 865 quaestui
1086 817 1157 853 aut
1179 814 1318 853 ventri
1344 817 1414 852 aut
1440 814 1597 864 gloriae
1623 817 1694 852 aut

90 871 314 921 tyrannidi.
373 871 490 909 Fidei
517 883 669 908 nomen
697 871 936 919 praetextus
962 871 1130 908 tantum
1161 871 1233 907 est.
1294 868 1387 906 Hoc
1416 869 1512 907 illos
1540 868 1694 906 alienat
1711 877 1754 909 40

89 939 192 976 quos
227 925 440 975 oportebat
474 924 806 972 mansuetudine,
842 924 1065 962 tolerantia
1103 925 1145 961 et
1183 923 1326 961 officiis
1362 922 1538 961 allicere.
1614 923 1693 961 Sed

88 983 228 1018 tamen
249 980 358 1018 bona
376 980 575 1029 quaedam
595 992 689 1028 spes
707 979 832 1017 habet
852 978 1040 1016 animum
1059 991 1213 1026 meum,
1232 979 1502 1027 posteaquam
1516 976 1634 1016 video
1654 979 1694 1015 et

88 1035 214 1073 isthic
234 1047 323 1073 esse
345 1034 417 1084 qui
436 1034 495 1072 sic
515 1034 691 1083 flagrent
711 1046 851 1071 amore
873 1033 1081 1071 doctrinae
1102 1031 1388 1082 Euangelicae.

143 1088 422 1139 Paraphrases
459 1088 718 1126 absoluimus
752 1087 797 1125 in
831 1100 974 1125 omnes
1008 1086 1224 1136 Epistolas,
1260 1088 1422 1136 praeter
1459 1098 1552 1124 eam
1590 1099 1692 1135 quae

89 1144 220 1181 fertur
251 1144 300 1181 ad
334 1143 558 1181 Hebraeos.
627 1141 880 1180 Addidimus
920 1141 1212 1191 paraphrasim
1250 1141 1295 1178 in
1333 1139 1542 1190 Epistolas
1575 1140 1693 1178 Petri
1714 1149 1753 1181 45

90 1197 201 1244 duas,
241 1197 367 1235 Iudae
400 1209 528 1236 vnam
566 1199 608 1234 et
647 1196 786 1234 Iacobi
825 1209 980 1235 vnam:
1030 1196 1145 1233 breui
1183 1195 1321 1233 daturi
1359 1195 1467 1244 quod
1507 1196 1693 1243 superest

90 1252 374 1302 Epistolarum
407 1251 770 1301 Apostolicarum3
811 1250 869 1289 sic
908 1250 1023 1288 enim
1056 1252 1194 1288 visum
1226 1252 1290 1288 est
1323 1249 1468 1287 amicis
1507 1249 1693 1287 eruditis.

90 1306 185 1345 Non
204 1306 417 1356 displicuit
437 1318 604 1343 carmen
625 1307 746 1343 tuum
766 1318 847 1355 quo
872 1304 978 1342 mihi
1003 1304 1108 1343 bene
1133 1304 1335 1354 precaris:
1364 1305 1486 1353 atque
1512 1315 1588 1352 ego
1615 1303 1693 1341 tibi

88 1360 277 1399 vicissim
297 1361 451 1410 absque
471 1360 653 1398 carmine
673 1359 742 1397 sed
771 1359 1063 1409 syncerissimo
1088 1362 1250 1408 pectore
1276 1371 1421 1407 precor
1446 1357 1694 1396 immortali-

89 1417 233 1453 tatem.
276 1415 391 1453 Bene
404 1414 503 1461 vale,
519 1415 583 1452 vir
597 1414 767 1464 optime,
784 1426 932 1463 meque
947 1414 1032 1451 tuis
1048 1413 1238 1462 precibus
1252 1413 1420 1451 Christo
1436 1413 1691 1450 commenda.
1714 1421 1756 1453 50

144 1469 321 1507 Louanii
339 1469 442 1519 prid.
466 1468 632 1507 Calend.
658 1468 746 1506 Ian.
771 1481 882 1506 ANNo
903 1480 1063 1505 M.D.xx.

529 1664 651 1705 1178.
712 1663 775 1704 To
808 1662 1029 1704 GODFREY
1056 1663 1260 1705 RHonus.

136 1765 330 1810 Epistolae
347 1765 394 1800 acl
412 1765 576 1801 diuersos
593 1778 628 1811 p.
651 1775 729 1811 533.
1469 1766 1645 1802 Louvain.

136 1823 229 1859 HN:
257 1823 373 1859 Lond.
394 1823 466 1859 xiv.
487 1834 507 1859 2
525 1835 534 1859 ε
561 1824 633 1860 LB.
655 1826 733 1869 558.
1515 1835 1615 1870 1520.

135 1910 306 1952 [Godfrey
341 1911 488 1942 Rhodus
516 1921 590 1942 was
623 1912 661 1942 of
688 1912 844 1943 Estaires
876 1912 1038 1942 between
1077 1911 1324 1941 Armentieres
1362 1911 1434 1941 and
1472 1911 1575 1942 Lille.
1638 1911 1695 1942 He

90 1955 276 1994 evidently
293 1955 364 1986 had
380 1955 572 1986 addressed
590 1956 761 1986 Erasmus
775 1955 863 1985 with
878 1965 897 1985 a
910 1955 1207 1995 complimentary
1220 1964 1323 1994 poem
1341 1965 1348 1991 ;
1373 1955 1491 1985 which
1505 1965 1618 1986 seems
1632 1958 1695 1986 not

89 2001 124 2028 to
143 1999 296 2029 survive.
346 1999 364 2029 I
386 2009 453 2030 can
470 1999 546 2030 find
561 1999 718 2039 nothing
742 2000 814 2030 else
838 1999 876 2029 of
897 1999 975 2029 him
995 1999 1059 2029 but
1087 2000 1094 2014 ‘
1108 1998 1158 2028 De
1178 2000 1289 2029 totius
1309 1999 1404 2029 orbis
1423 1999 1605 2029 literatiss.
1624 1999 1695 2030 viri

90 2042 132 2072 D.
152 2042 292 2073 Erasmi
308 2041 539 2073 Roterodami
556 2043 653 2073 felici
678 2044 717 2074 in
742 2043 885 2074 Christo
909 2044 1011 2073 obitu
1036 2042 1180 2081 Elegia:
1204 2043 1241 2072 in
1267 2052 1338 2081 qua
1361 2042 1588 2082 potissimum
1614 2053 1695 2073 con-

89 2087 254 2124 queritur
269 2085 313 2116 de
331 2086 517 2117 cuiusdam
533 2087 814 2127 inhumanitate,
834 2096 878 2116 ne
895 2086 1013 2117 dicam
1038 2086 1235 2125 impietate,
1255 2086 1316 2124 qui
1341 2088 1480 2125 praeter
1504 2086 1693 2117 candorem

89 2129 338 2160 Christianum
364 2131 500 2161 omneis
523 2130 562 2160 in
587 2129 725 2161 Erasmi
750 2133 866 2161 morte
890 2140 909 2160 a
935 2130 1131 2169 lachrymis
1155 2131 1397 2169 temperantes
1421 2131 1579 2160 aeternis
1605 2130 1693 2160 infe-

90 2182 211 2203 rorum
243 2172 429 2213 suppliciis
459 2174 635 2205 deuouere
660 2174 837 2205 videtur'.
885 2174 971 2204 This
997 2182 1069 2203 was
1093 2173 1171 2203 first
1200 2173 1344 2212 printed
1372 2173 1411 2203 in
1437 2173 1498 2203 the
1522 2174 1694 2213 Antwerp

89 2217 224 2247 edition
243 2217 281 2247 of
291 2217 353 2247 the
372 2220 506 2255 Cataloyi
521 2220 580 2248 duo
593 2228 715 2255 operum
728 2219 927 2257 Erasmz',by
944 2218 1005 2248 the
1019 2217 1149 2247 widow
1162 2218 1200 2247 of
1214 2217 1259 2247 M.
1274 2217 1409 2255 Caesar,
1425 2227 1452 2248 c.
1469 2227 1482 2246 1
1500 2217 1582 2256 May
1599 2227 1691 2257 1537,

89 2259 128 2291 f0.
150 2259 191 2290 Ρ2
207 2263 245 2290 v⁰
262 2271 269 2299 ;
293 2261 413 2291 which
430 2262 460 2291 is
477 2261 647 2301 enlarged
663 2271 759 2301 upon
778 2262 839 2292 the
857 2261 995 2291 Froben
1014 2263 1148 2298 Caraloqz·
1165 2260 1201 2290 of
1225 2262 1349 2300 1536—7
1367 2261 1413 2300 by
1431 2261 1492 2291 the
1513 2261 1694 2292 inclusion

90 2304 129 2334 of
141 2313 160 2334 a
177 2307 275 2344 great
293 2306 448 2335 number
464 2305 502 2335 of
512 2314 635 2345 poems
652 2316 696 2335 on
715 2306 893 2337 Erasmus.
933 2304 1007 2334 The
1025 2304 1123 2343 elegy
1142 2305 1170 2334 is
1188 2304 1375 2344 reprinted
1392 2314 1477 2335 near
1493 2305 1556 2335 the
1573 2306 1643 2335 end
1661 2305 1698 2335 of

89 2348 152 2378 the
172 2348 568 2388 introductory‘matter
584 2349 620 2379 in
640 2349 710 2380 LB.
728 2351 750 2380 i.
800 2350 844 2380 In
868 2358 887 2379 a
908 2357 996 2388 copy
1014 2348 1051 2378 of
1073 2348 1117 2378 N¹
1135 2348 1173 2378 in
1196 2358 1257 2387 my
1274 2349 1471 2387 possession
1495 2348 1525 2378 is
1547 2349 1694 2380 written

89 2392 229 2431 against
247 2392 401 2422 Rhodus’
422 2401 526 2423 name
545 2393 594 2423 ‘a.
613 2402 642 2422 2.
661 2394 747 2424 octo.
772 2401 854 2432 1545
867 2392 1077 2431 '—perl1aps
1092 2392 1153 2421 the
1171 2391 1252 2422 date
1269 2392 1307 2422 of
1320 2392 1377 2422 his
1393 2392 1510 2423 death.

132 2435 180 2465 To
196 2435 256 2466 the
273 2436 425 2475 position
444 2434 482 2466 of
494 2436 568 2466 this
585 2435 696 2467 letter
709 2437 727 2466 1
743 2446 809 2467 can
823 2436 900 2467 find
917 2445 963 2466 no
980 2435 1056 2466 clue
1074 2435 1215 2475 beyond
1233 2435 1295 2466 the
1308 2435 1408 2466 dates
1425 2435 1588 2475 assigned
1602 2437 1640 2467 in
1658 2436 1694 2468 F.

131 2479 180 2509 At
198 2479 272 2509 this
295 2479 397 2519 point
422 2489 505 2519 may
528 2480 570 2509 be
595 2480 807 2510 mentioned
825 2490 844 2510 a
861 2480 948 2510 New
967 2478 1087 2509 Year's
1104 2481 1248 2518 present
1267 2479 1369 2509 made
1393 2480 1429 2509 to
1454 2480 1624 2510 Erasmus
1648 2481 1694 2519 by

89 2523 240 2553 another
256 2522 424 2561 youthful
440 2523 598 2553 admirer
613 2534 619 2553 :
644 2534 663 2554 a
680 2534 770 2563 copy
787 2524 824 2554 of
838 2524 899 2554 the
916 2522 1051 2553 Aldine
1076 2525 1244 2559 Scriptores
1268 2525 1313 2553 rei
1336 2526 1476 2562 rusticae,
1496 2523 1578 2563 May
1598 2533 1690 2563 1514,

91 2566 179 2596 with
203 2575 224 2596 a
247 2575 310 2596 ms.
335 2566 559 2606 inscription,
589 2567 651 2598 ‘D.
679 2567 776 2598 Erus.
805 2568 936 2603 Roter.‚
963 2567 1058 2596 orbis
1083 2566 1198 2596 decori
1225 2567 1470 2605 bonorumque
1495 2567 1693 2598 studiorum

89 2609 243 2649 parenti,
278 2609 382 2649 Hugo
407 2609 590 2649 Boionius,
616 2610 798 2641 Musarum
825 2611 1003 2648 alumnus,
1032 2610 1114 2641 don.
1141 2610 1221 2641 ded.
1248 2619 1312 2649 pro
1334 2612 1468 2648 strena,
1491 2611 1563 2642 Cal.
1590 2611 1693 2641 Ianu.

90 2661 205 2683 unxxt
216 2654 237 2685 '.
274 2653 348 2683 The
362 2653 476 2684 donor
488 2663 559 2684 was
571 2654 724 2694 perhaps
737 2665 757 2685 a
769 2655 873 2695 Hugo
888 2654 1071 2692 Bolonius,
1087 2654 1203 2684 whose
1216 2663 1321 2684 name
1336 2655 1365 2684 is
1376 2653 1489 2684 found
1502 2655 1541 2685 in
1554 2664 1573 2684 a
1585 2654 1646 2684 list
1661 2654 1699 2684 of

91 2695 234 2727 learned
253 2696 496 2734 Dominicans,
514 2697 673 2737 forming
696 2700 775 2738 part
794 2699 832 2729 of
845 2708 865 2728 a
881 2698 1063 2736 catalogue
1082 2697 1120 2727 of
1134 2698 1275 2728 writers
1292 2698 1417 2728 drawn
1437 2708 1483 2738 up
1502 2699 1547 2737 by
1572 2698 1695 2737 Philip

90 2739 190 2770 Wolf
211 2739 249 2770 of
269 2740 509 2780 Seligenstadt
527 2741 696 2781 (†1529);
720 2752 775 2772 see
801 2742 840 2772 R.
863 2742 900 2772 L.
923 2741 1028 2772 Poole
1049 2742 1086 2771 in
1105 2741 1213 2772 EHR.
1239 2742 1364 2772 xxxiii.
1385 2750 1460 2780 515.
1507 2742 1580 2772 Tlie
1607 2742 1693 2771 book

89 2793 161 2814 was
184 2783 310 2814 shown
336 2787 371 2814 to
397 2794 453 2815 me
481 2784 519 2814 in
544 2784 623 2815 Feb.
653 2794 734 2824 1912
758 2785 804 2825 by
831 2786 891 2816 the
917 2786 987 2816 late
1015 2785 1075 2816 Dr.
1102 2784 1242 2823 Daniel,
1269 2788 1411 2824 provost
1437 2785 1474 2816 of
1494 2785 1695 2816 lvere-ester

349 2871 400 2900 44.
427 2864 483 2893 H:
508 2871 631 2892 omnes
649 2863 685 2892 in
704 2865 738 2893 1⁸.
1060 2862 1113 2900 48.
1139 2864 1245 2900 atque
1262 2865 1310 2893 F:
1334 2864 1371 2893 at
1387 2865 1428 2894 N.

133 2958 185 2987 39.
215 2949 349 2990 ventri]
367 2949 420 2982 Cf.
439 2949 502 2989 Ep.
526 2951 619 2980 1166.
642 2952 718 2981 1611.
1012 2950 1124 2992 Petri]
1144 2951 1205 2990 Ep.
1228 2961 1321 2982 1112.

134 3001 186 3030 45.
212 2991 256 3022 ad
275 2992 472 3034 Hebraeos]
490 2993 551 3033 Ep.
573 2994 665 3025 1181.
968 2995 1020 3032 46.
1046 2994 1141 3033 quod
1159 2995 1334 3036 superest]
1354 2995 1414 3035 Ep.
1440 3005 1530 3034 ¹179·

158 3058 234 3078 4³20*
863 3061 885 3087 F
905 3049 924 3087 f
