1990 3353
251 818 292 849 45
313 807 458 843 natum
479 806 540 843 est
560 804 806 854 suspicione.

313 155 337 192 2
787 153 1036 192 LETTERS
1076 153 1145 190 OF
1182 150 1446 190 ERASMUS

1789 147 1913 202 [1519

254 270 293 303 35
313 263 536 314 Apologine
556 277 637 314 qua
657 264 831 301 Latomo
851 263 1089 312 respondeo,
1113 263 1289 299 testatus
1308 261 1387 298 sim
1409 273 1495 298 esse
1516 259 1722 309 quendam
1742 272 1791 296 ex
1812 259 1915 297 fucis

313 331 357 356 ac
387 318 612 356 mendaciis
642 318 876 359 conflatum.
901 316 971 366 qui
998 315 1152 365 gloriae
1180 315 1290 353 fame
1320 315 1493 352 insanus
1523 314 1631 352 nihil
1658 313 1703 351 in
1732 326 1799 351 me
1829 325 1914 350 non

314 372 555 411 moliretur:
587 385 658 410 nec
678 372 808 409 vllam
829 371 933 409 addo
954 369 1233 408 coniecturam
1254 382 1332 419 qua
1352 368 1531 417 suspicio
1557 368 1689 417 possit
1716 367 1760 405 in
1788 380 1913 417 quen-

313 440 437 476 quam
478 427 664 464 recidere.

725 425 843 463 Nihil
879 425 994 462 enim
1031 424 1143 462 aliud
1182 423 1352 473 agebam
1388 435 1513 472 quam
1546 425 1594 460 vt
1626 435 1672 460 90
1708 422 1913 459 schemate

313 481 561 518 deterrerem
591 480 747 518 multos
775 479 855 517 sibi
886 479 993 516 male
1021 478 1226 515 conscios:
1268 479 1310 515 at
1340 477 1374 515 is
1405 478 1500 526 post
1533 476 1591 514 sic
1626 489 1746 526 agere
1781 475 1914 525 coepit

251 550 294 581 40
313 536 430 584 quasi
449 535 536 573 eius
561 534 687 583 elogii
711 533 876 571 laudem
902 532 1073 571 caeteris
1101 531 1319 569 inuideret.

1381 531 1579 568 Nondum
1608 530 1733 567 homo
1760 529 1915 578 prodiit

313 590 357 626 in
379 589 588 635 harenam,
610 590 652 626 et
676 587 800 626 amici
825 586 1070 625 cordatiores
1094 585 1201 623 mihi
1227 588 1326 623 sunt
1351 587 1514 622 autores
1541 598 1593 622 ne
1619 584 1765 633 digner
1790 584 1913 622 illum

313 643 523 691 vnguibus
561 643 675 685 meis,
715 642 841 680 etiam
879 641 914 679 si
951 640 1168 690 prodierit:
1218 653 1302 677 non
1340 639 1455 677 enim
1494 639 1707 677 defuturos
1740 638 1810 688 qui
1847 651 1915 675 me

313 697 550 747 quiescente
580 696 799 734 conficiant
827 696 1021 733 iuuenem
1049 695 1181 732 famae
1210 693 1363 731 ieiunio
1393 693 1671 742 praecipitem.

368 751 583 789 Caeterum
597 751 703 800 quod
720 749 932 799 theologos
946 749 1108 798 aliquos
1123 748 1297 786 habeam
1313 747 1551 796 iniquiores,
1569 747 1609 785 id
1627 759 1676 784 ex
1691 746 1915 784 falsissima

866 804 1162 841 Persuaserant
1189 802 1268 840 sibi
1292 802 1467 840 Lutheri
1487 801 1718 839 doctrinam
1738 814 1805 838 1119
1825 814 1914 849 pro-

312 861 542 909 pugnatore
568 859 656 905 niti,
683 872 778 896 cum
809 871 883 896 nec
912 857 1126 895 hominem
1157 856 1292 894 norim
1323 869 1397 893 nec
1427 855 1555 894 libros
1584 855 1700 893 illius
1729 867 1914 904 vnquam

312 913 493 959 legerim.

553 913 803 961 Intelligunt
832 912 1001 950 tandem
1031 924 1210 948 errorem
1241 923 1376 956 suum,
1411 910 1481 947 sed
1513 911 1640 958 pudet
1673 921 1913 958 agnoscere:

312 968 412 1005 adeo
433 967 565 1016 placet
586 967 669 1005 illis
690 967 921 1005 constantia
940 968 984 1004 vt
1005 978 1078 1003 nec
1100 966 1143 1002 in
1168 965 1274 1002 male
1302 963 1457 1013 coeptis
1478 964 1611 1001 velint
1636 964 1912 1012 παλινδρομεῖν.

311 1021 367 1059 Et
401 1023 541 1059 tamen
576 1021 700 1059 huius
732 1020 884 1058 veneni
917 1020 1009 1058 fons
1042 1033 1089 1056 ex
1122 1032 1204 1057 vno
1238 1019 1502 1067 potissimum
1537 1020 1686 1056 scatet:
1728 1017 1800 1067 qui
1833 1017 1914 1055 nisi

312 1132 399 1168 toto
420 1131 543 1168 notus
562 1129 794 1167 cantabitur
814 1129 920 1167 orbe.

253 1087 295 1118 50
312 1075 528 1122 destiterit,
553 1076 671 1113 breui
690 1075 886 1113 omnibus
907 1074 1096 1112 omnium
1119 1073 1376 1111 eruditorum
1401 1072 1535 1110 literis
1559 1071 1846 1119 celebrabitur,
1869 1084 1914 1109 ac

366 1184 582 1222 Hactenus
602 1183 879 1232 complurium
900 1183 1067 1220 cohibui
1088 1182 1304 1228 calamum,
1328 1193 1471 1218 vereor
1490 1182 1536 1218 vt
1562 1193 1724 1229 semper
1745 1180 1912 1229 possim.

312 1238 417 1276 Mihi
439 1238 558 1286 plane
579 1238 706 1287 pestis
726 1237 926 1287 quaedam
946 1236 1084 1275 fatalis
1103 1236 1278 1282 videtur,
1303 1248 1405 1284 quae
1429 1234 1617 1283 contagio
1644 1234 1844 1284 paulatim
1868 1233 1914 1272 in

311 1292 450 1341 plures
484 1291 700 1341 spargitur.

772 1292 916 1341 Itaque
948 1291 1115 1340 gemina
1148 1290 1214 1327 lue
1249 1289 1493 1336 laboramus,
1528 1291 1569 1327 et
1604 1290 1838 1326 animorum
1873 1291 1915 1327 et

251 1355 291 1386 55
311 1359 543 1395 corporum.
588 1347 642 1384 Et
658 1348 799 1384 tamen
815 1346 1063 1394 resipiscunt
1076 1343 1398 1393 aliquammulti,
1416 1343 1659 1392 praesertim
1676 1342 1747 1392 qui
1763 1343 1915 1381 nostris

311 1400 497 1449 legendis
517 1400 770 1438 attenderint
786 1414 795 1447 ;
825 1402 865 1438 et
886 1413 1005 1448 spero
1025 1399 1111 1437 fore
1127 1402 1170 1436 vt
1187 1398 1357 1436 tandem
1374 1397 1520 1435 emicet
1536 1410 1582 1435 ac
1597 1397 1736 1435 vincat
1751 1397 1912 1443 veritas,

312 1467 425 1503 quae,
449 1457 494 1492 vt
514 1467 807 1503 saepenumero
827 1454 997 1501 laborat,
1022 1453 1079 1491 ita
1099 1465 1312 1502 nunquam
1334 1452 1592 1501 opprimitur.

367 1509 432 1546 Me
452 1521 548 1547 vero
570 1509 705 1546 leuius
724 1509 824 1546 haec
844 1510 1027 1554 mouent,
1051 1507 1117 1545 vel
1138 1507 1258 1556 quod,
1283 1508 1329 1544 vt
1353 1506 1455 1543 olim
1483 1506 1596 1553 Baal,
1621 1505 1688 1544 his
1715 1505 1915 1543 monstris

311 1563 576 1609 assueuerim,
592 1563 659 1600 vel
676 1563 782 1612 quod
803 1562 908 1600 mihi
929 1563 1030 1600 bene
1051 1561 1237 1599 conscius
1252 1560 1343 1607 sim,
1359 1573 1600 1609 speremque
1617 1560 1782 1598 Christo
1803 1572 1915 1598 meas

251 1619 295 1652 60
313 1616 479 1666 vigilias
503 1617 678 1665 probari,
703 1616 769 1654 cui
797 1618 987 1654 nostrum
1008 1618 1216 1665 vtcunque
1244 1614 1415 1652 desudat
1439 1614 1682 1662 ingenium;
1712 1613 1779 1652 vel
1806 1614 1914 1663 quod

313 1671 563 1720 conspiciam
586 1671 755 1720 optimis
775 1671 1006 1720 quibusque
1026 1673 1214 1707 nostrum
1236 1669 1395 1718 placere
1415 1669 1618 1706 studium.

1676 1668 1789 1706 Illud
1808 1668 1916 1706 mihi

312 1725 535 1763 molestum
570 1729 643 1773 est,
683 1725 790 1774 quod
829 1725 895 1762 his
934 1724 1215 1773 sycophantiis
1254 1723 1500 1761 inficiuntur
1538 1722 1724 1776 liberalia
1762 1722 1910 1767 studia,

313 1779 503 1828 quodque
540 1779 789 1817 nonnullam
828 1779 1030 1817 bonarum
1070 1779 1267 1816 horarum
1307 1780 1468 1826 partem
1512 1789 1633 1826 cogar
1675 1776 1916 1815 huiusmodi

313 1834 473 1871 naeniis
502 1834 569 1871 vel
603 1833 819 1871 audiendis
851 1834 916 1870 vel
951 1833 1186 1871 refellendis
1221 1832 1468 1880 impendere.

251 1890 292 1932 65
314 1887 486 1925 istorum
510 1888 677 1925 nomine
700 1888 788 1936 qui,
809 1901 902 1925 cum
927 1887 1098 1925 semidei
1119 1887 1252 1924 velint
1278 1886 1420 1924 haberi
1447 1885 1555 1935 apud
1575 1885 1737 1935 vulgUS,
1762 1885 1915 1923 tumul·

1528 1831 1657 1880 Saepe
1691 1844 1757 1869 me
1788 1831 1915 1880 pudet

314 1944 484 1980 tuentur
497 1942 726 1991 vsqueadeo
744 1942 1013 1989 muliebriter,
1031 1955 1083 1979 ne
1097 1941 1195 1990 quid
1210 1941 1344 1978 dicam
1357 1940 1552 1978 acerbius.
1593 1939 1732 1977 Meum
1747 1939 1915 1989 quidem

314 1995 527 2044 ingenium
551 1996 601 2033 ab
622 1996 698 2033 hoc
718 2010 864 2044 genere
885 1996 1164 2033 contentionis
1185 1995 1267 2033 dici
1285 1994 1356 2032 vix
1376 1994 1507 2043 possit
1528 2007 1651 2043 quam
1671 1994 1890 2032 abhorreat
1907 2007 1915 2040 ;

314 2050 539 2099 seduloque
568 2050 731 2088 obnitor
760 2064 812 2087 ne
840 2063 963 2087 verus
993 2051 1048 2087 sit
1078 2050 1122 2087 in
1157 2062 1224 2087 me
1258 2048 1414 2086 mimus
1448 2048 1532 2095 ille,
1565 2049 1695 2086 Furor
1728 2048 1777 2086 fit
1807 2048 1916 2086 laesa

312 2104 475 2154 saepius
505 2104 716 2154 patientia.

618 2207 671 2244 48.
697 2206 783 2236 adeo
800 2208 846 2237 E:
873 2205 953 2236 ideo
969 2208 1009 2236 N.

357 2344 408 2374 35.
435 2333 642 2374 Apologiae]
669 2336 684 2371 ξ
707 2344 777 2365 120.

357 2388 408 2416 37.
433 2377 689 2418 coniecturam]
718 2378 886 2408 Erasmus
909 2377 992 2408 does
1016 2379 1079 2408 not

316 2422 401 2452 here
418 2421 512 2460 deny
528 2421 591 2451 the
607 2421 869 2451 identification
883 2421 974 2451 with
992 2422 1078 2452 Lee:

313 2465 387 2495 and
404 2464 540 2503 though
560 2465 596 2494 in
614 2466 677 2495 the
691 2467 840 2503 Apologia
851 2475 913 2502 qua
925 2467 1083 2502 respondet

313 2509 371 2546 (f0.
392 2508 421 2538 D
437 2519 445 2546 ς
467 2507 588 2538 Jortin
605 2508 643 2538 ii.
659 2508 738 2549 509)
762 2509 805 2538 he
825 2508 984 2539 declares
1003 2508 1083 2539 that

316 2552 361 2581 119
379 2551 508 2581 (19111911
527 2551 557 2581 it
573 2561 661 2582 even
680 2555 716 2582 to
732 2552 790 2582 his
808 2555 899 2582 most
915 2553 1081 2582 intimate

316 2595 453 2625 friends
474 2599 570 2634 (cum
593 2605 654 2634 ego
676 2595 732 2625 vel
757 2595 852 2626 inter
876 2596 1082 2626 familiaris-

315 2639 425 2668 simos
445 2648 607 2677 negarem
625 2648 681 2669 me
694 2638 737 2668 de
755 2634 824 2669 Leo
839 2640 1001 2677 sensisse,
1020 2639 1081 2669 sed

316 2682 475 2721 generali
507 2682 689 2712 schemate
720 2683 872 2712 voluisse
903 2682 1081 2712 deterrere

317 2726 466 2762 omnes).
485 2724 586 2755 there
603 2735 668 2755 can
687 2726 727 2755 be
748 2725 845 2756 little
868 2725 979 2755 doubt
1002 2727 1080 2756 that

317 2769 386 2800 Leo
405 2778 476 2798 was
492 2769 530 2798 in
550 2768 606 2799 his
628 2769 742 2799 mind.
792 2769 843 2800 Cf.
862 2769 920 2798 his
942 2769 1080 2799 affecta-

317 2813 392 2842 tion
419 2813 498 2842 that
526 2812 696 2842 Hutten's
724 2811 881 2850 identity
906 2822 976 2843 was
1000 2823 1082 2843 con-

317 2855 435 2885 coalod
455 2857 491 2884 in
510 2856 571 2884 the
588 2866 731 2895 passage
754 2856 846 2886 from
865 2855 925 2885 the
943 2859 1082 2894 Sponyz'a

316 2898 449 2938 quoted
467 2899 502 2928 in
522 2899 583 2938 Ep.
604 2908 686 2938 1033
703 2899 834 2930 introd.

362 2943 412 2980 46.
450 2952 514 2972 1199
545 2942 729 2972 hominem
762 2942 897 2982 norim]
937 2942 988 2974 Cf.
1019 2942 1081 2982 Ep.

314 2996 392 3026 939.
409 2986 462 3017 66.

363 3040 414 3068 49.
440 3039 480 3058 ox
509 3028 594 3069 vno]
628 3029 801 3068 Probably
834 3030 1004 3068 AtensisJ
1037 3029 1079 3060 cs.

776 2104 907 2143 Video
938 2105 1036 2153 quid
1068 2106 1279 2142 mereatur
1313 2103 1483 2141 illorum
1512 2102 1694 2140 nimium
1724 2102 1915 2152 pertinax

1145 2205 1197 2243 58.
1225 2204 1312 2235 Baal
1329 2207 1375 2235 E:
1402 2204 1548 2235 Balaam
1565 2206 1606 2236 N.

1148 2334 1210 2373 Ep.
1235 2343 1328 2372 1029.
1346 2343 1403 2372 311.

1192 2386 1243 2415 51.
1269 2376 1488 2417 cantabitur]
1507 2376 1558 2407 Cf.
1579 2377 1640 2408 Ov.
1658 2379 1733 2407 Am.
1756 2387 1781 2406 1.
1800 2387 1830 2415 3.
1849 2387 1900 2417 25.

1192 2431 1246 2459 52.
1264 2421 1409 2451 cohibui
1421 2419 1617 2460 calamum]
1629 2420 1681 2451 Of.
1694 2420 1756 2460 Ep.
1769 2422 1840 2459 998.
1853 2422 1918 2452 66-

1149 2464 1180 2494 8.
1202 2465 1269 2494 For
1283 2464 1461 2495 Erasmus'
1475 2464 1647 2494 restraint
1659 2463 1697 2494 of
1710 2464 1767 2495 his
1780 2464 1917 2495 friends

1150 2517 1207 2538 see
1246 2508 1332 2547 Epp-
1371 2508 1446 2547 967-
1487 2508 1582 2547 75-8‚
1622 2508 1758 2547 146—52‚
1799 2509 1914 2548 165-7,

1154 2560 1247 2590 1029.
1285 2561 1360 2591 19n,
1393 2560 1484 2589 1033.
1518 2561 1615 2584 20—1.
1653 2560 1747 2590 1139.
1772 2561 1914 2590 997101‚

1154 2596 1247 2633 1165.
1273 2604 1363 2625 22n:
1394 2595 1456 2625 the
1480 2597 1633 2632 Apoloyia
1657 2604 1719 2632 qua
1745 2597 1914 2634 respondet,

1151 2640 1219 2678 too,
1239 2638 1429 2668 concludes
1452 2638 1543 2668 with
1564 2648 1609 2668 an
1629 2638 1754 2677 appeal
1778 2638 1917 2678 against

1150 2682 1256 2712 abuse
1269 2681 1307 2711 of
1317 2682 1397 2712 Leo.
1422 2682 1495 2711 But
1508 2682 1551 2712 cf.
1565 2681 1653 2721 Epp.
1672 2682 1754 2721 1083
1768 2681 1915 2720 inu-od„

1154 2726 1247 2764 1085.
1270 2734 1386 2761 10—-12‚
1410 2725 1503 2755 1088.
1522 2734 1618 2763 3—10.

1193 2777 1244 2807 55.
1270 2768 1499 2808 resipiscunt]
1520 2768 1570 2799 Cf.
1592 2768 1914 2808 Epp.9711ntr0d.,

1154 2822 1248 2843 1002.
1268 2821 1321 2851 39,
1345 2822 1438 2850 1007.
1460 2812 1511 2850 18,
1531 2812 1623 2841 1016.
1643 2821 1693 2849 14.

1193 2855 1246 2894 58.
1273 2855 1374 2896 Baal]
1399 2855 1450 2886 Cf.
1474 2865 1485 2883 1
1506 2855 1619 2894 Kings
1637 2855 1686 2885 18.
1706 2856 1802 2895 26—9.
1843 2855 1917 2886 The

1151 2899 1383 2938 depravation
1396 2899 1434 2929 in
1446 2898 1476 2929 N
1488 2898 1610 2929 makes
1619 2898 1680 2929 the
1691 2899 1915 2938 comparison

1151 2942 1429 2981 unintelligible.

1195 2987 1248 3017 68.
1273 2985 1420 3026 mimus]
1446 2984 1545 3016 Publ.
1562 2985 1672 3024 Syrus
1687 2995 1736 3022 ap.
1756 2984 1846 3017 Gon.
1868 2995 1915 3024 17.

1153 3039 1215 3069 145
1238 3029 1281 3060 cf.
1301 3031 1402 3066 Aclaq.
1423 3029 1496 3067 467.
