1990 3353
82 135 204 189 1000]
587 135 658 175 To
696 135 956 174 LORENZO
994 134 1164 174 PUOCI
1625 137 1676 175 29

84 245 136 284 ab
149 245 330 283 Ecclesia
342 257 428 283 sese
443 244 730 290 submouisset,
756 245 959 283 nimirum
973 258 1126 294 gnarus
1138 245 1205 283 vel
1225 258 1246 282 e
1267 245 1528 294 sterquilinio
1544 245 1679 294 legere

87 312 245 346 aurum,
261 301 302 337 et
322 299 563 348 intelligens
582 298 736 348 vbique
761 299 920 337 bonum
941 311 1028 337 esse
1052 300 1163 349 quod
1187 299 1345 337 bonum
1375 300 1446 345 est,
1469 312 1514 336 ac
1540 299 1681 338 vitans
1703 302 1761 344 165

86 353 369 404 propheticam
391 353 732 403 imprecationem
752 352 950 391 aduersus
970 367 1040 391 eos
1067 354 1137 403 qui
1162 367 1235 403 pro
1264 365 1534 403 personarum
1553 354 1680 392 varie-

86 410 172 446 tate
199 407 266 446 vel
294 421 367 457 pro
397 420 472 446 suo
498 408 631 456 magis
657 407 806 445 affectu
840 407 891 445 de
924 408 1047 446 rebus
1076 408 1279 446 iudicium
1311 407 1531 455 variantes,
1571 408 1678 457 quod

87 462 246 501 bonum
265 464 338 510 est,
363 462 510 500 dicunt
528 460 699 508 malum,
723 461 833 511 quod
856 462 975 500 dulce
995 464 1068 510 est,
1090 462 1248 500 faciunt
1267 474 1468 500 amarum.

143 516 222 555 Sed
252 529 305 554 ne
331 516 620 554 celsitudinem
645 518 760 553 tuam
786 516 978 564 pluribus
998 529 1146 563 morer,
1171 516 1512 554 reuerendissime
1537 515 1676 562 Pater,

89 570 228 620 prodit
248 570 481 620 Cyprianus
501 572 541 608 et
561 569 818 608 emendatior
838 571 982 615 multo,
1006 570 1183 609 sublatis
1203 584 1325 620 opera
1340 572 1480 608 nostra
1495 571 1656 608 mendis
1673 585 1682 618 ;
1704 586 1764 620 170

90 626 130 663 et
146 625 360 673 aliquanto
375 625 529 673 purior,
549 624 718 662 semotis
738 624 790 662 iis
804 637 906 674 quae
922 625 983 662 illi
996 625 1100 663 falso
1113 625 1407 663 tribuebantur
1423 639 1431 671 ;
1456 626 1497 662 et
1508 625 1680 673 auctior,

90 679 260 718 adiectis
280 679 439 728 aliquot
458 692 508 716 ex
528 678 824 717 vetustissimis
843 679 1160 729 exemplaribus,
1184 692 1286 729 quae
1307 679 1508 717 hactenus
1529 679 1683 717 deside-

90 735 179 772 rata
201 736 312 772 sunt.
371 733 587 771 Postremo
611 733 751 782 prodit
775 746 897 782 opera
923 734 1118 772 Frobenii
1145 733 1320 772 nitidior
1342 733 1471 772 simul
1495 735 1536 771 et
1561 746 1682 781 augu-

90 787 223 827 stior..
263 787 456 826 Prodibit
494 790 634 825 autern
673 790 713 824 et
749 787 935 833 feliciter,
979 788 1014 826 si
1053 788 1099 826 T.
1141 789 1189 826 R.
1231 787 1280 827 D.
1323 790 1487 826 nostrae
1527 788 1683 826 fauebit

90 841 320 881 industriae
340 841 467 880 simul
487 844 527 880 et
548 842 720 879 consilio
740 856 749 889 ;
779 843 850 891 qui
871 842 1056 880 laborem
1075 843 1187 881 hunc
1208 843 1280 880 tuo
1305 842 1468 880 nomini
1500 842 1684 881 dicatum
1706 860 1765 891 175

89 909 175 935 esse
201 896 423 941 voluimus,
450 909 535 934 non
557 896 693 945 ignari
712 898 915 945 quantum
935 910 982 934 ea
1000 897 1159 935 laboret
1180 897 1474 935 instaurandae
1492 896 1686 946 religioni

90 951 359 990 Christianae.
421 951 607 999 Quorum
648 950 761 989 enim
800 951 996 1000 auspiciis
1035 951 1169 1001 magis
1207 950 1479 990 conueniebat
1520 951 1686 989 restitui

90 1005 247 1055 priscos
267 1005 474 1043 Ecclesiae
495 1005 691 1053 doctores,
716 1018 839 1054 quam
859 1006 1011 1044 vestris
1032 1007 1103 1056 qui
1122 1019 1233 1044 nunc
1253 1005 1425 1044 illorum
1446 1007 1686 1055 praecipuas

91 1060 203 1098 vices
232 1059 408 1109 geritis?
436 1072 508 1108 per
538 1073 640 1109 quos
668 1059 808 1109 potius
838 1061 1023 1109 oportuit
1049 1061 1177 1098 asseri
1206 1060 1447 1110 scriptorem
1471 1060 1686 1109 Apostolis

91 1114 341 1164 proximum,
375 1127 499 1162 quam
532 1127 604 1164 per
637 1127 706 1152 eos
740 1114 812 1163 qui
849 1114 969 1153 nobis
1003 1117 1231 1153 summates
1269 1115 1494 1164 Apostolos
1533 1126 1768 1164 reprae-180

92 1171 262 1207 sentant
275 1169 295 1206 ‘?
352 1168 463 1216 Quin
483 1171 524 1206 et
543 1168 648 1206 illud
669 1169 776 1206 mihi
796 1169 923 1218 probe
943 1169 1084 1207 visum
1105 1172 1167 1207 est
1194 1182 1430 1219 congruere,
1453 1172 1500 1207 vt
1521 1169 1685 1219 Cypria-

92 1236 184 1271 nUS,
227 1223 293 1260 cui
332 1223 517 1272 primum
555 1223 693 1261 locum
732 1223 881 1261 tribuit
918 1224 1028 1262 sedis
1075 1223 1336 1273 Apostolicae
1379 1236 1561 1271 censura,
1603 1224 1687 1262 tuis

92 1277 271 1326 prodiret
284 1277 489 1326 auspiciis,
508 1277 574 1315 cui
590 1277 857 1316 meritissimo
872 1277 983 1315 inter
996 1280 1056 1316 tot
1074 1279 1230 1316 ordinis
1247 1277 1511 1316 Cardinalicii
1524 1278 1687 1316 lumina

92 1331 250 1380 primas
271 1331 419 1369 tribuit
439 1331 523 1369 Leo
544 1331 754 1379 Pontifex,
776 1345 861 1370 non
887 1332 1028 1371 minus
1053 1332 1332 1371 cordatissimi
1362 1346 1485 1381 quam
1514 1333 1687 1370 maximi

94 1386 218 1424 titulo
248 1385 393 1424 clarus.
455 1385 638 1424 Celebris
664 1388 728 1424 est
757 1387 865 1435 apud
894 1387 1138 1425 Rhomanos
1168 1387 1382 1425 Hannibal
1406 1387 1586 1426 Poenus.
1617 1387 1687 1436 qui
1711 1399 1768 1438 185

95 1454 190 1479 cum
215 1440 334 1478 Italis
364 1440 414 1478 de
444 1440 663 1478 Rhomano
687 1441 862 1479 certauit
886 1441 1085 1490 imperio:
1114 1441 1226 1479 hunc
1252 1454 1430 1491 aequum
1455 1444 1516 1479 est
1543 1441 1689 1479 haberi

94 1494 370 1541 celebriorem,
395 1494 467 1544 qui
492 1507 587 1532 cum
610 1495 842 1533 Rhomanis
869 1495 1112 1534 orthodoxis
1134 1496 1295 1534 felicius
1322 1508 1447 1544 quam
1475 1496 1691 1534 Hannibal

95 1549 144 1587 de
160 1549 381 1588 Rhomana
400 1549 572 1587 certauit
592 1549 843 1598 eloquentia.
904 1549 981 1588 Ille
1001 1563 1096 1587 cum
1117 1549 1311 1599 Scipione
1336 1550 1521 1588 conflixit
1547 1551 1684 1597 armis,

94 1603 162 1642 hic
183 1616 276 1641 cum
298 1603 488 1642 Cornelio
509 1603 730 1641 Rhomano
751 1603 956 1642 Pontifice
977 1605 1033 1642 sic
1053 1606 1279 1654 suscepisse
1294 1604 1462 1654 pietatis
1483 1607 1690 1642 certamen

97 1658 271 1704 videtur,
295 1660 341 1696 vt
360 1657 504 1696 ambos
523 1658 752 1696 virtutibus
772 1671 890 1708 pares
910 1659 1054 1697 eodem
1081 1659 1157 1707 die,
1181 1659 1277 1696 licet
1300 1672 1409 1696 anno
1429 1672 1515 1696 non
1535 1659 1689 1706 eodem,
1713 1679 1774 1712 190

96 1712 249 1751 similis
268 1712 460 1761 martyrii
480 1712 618 1761 palma
638 1712 851 1758 decorarit,
867 1713 1126 1762 eloquentiae
1141 1713 1272 1763 gloria
1283 1713 1430 1751 vicerit
1445 1713 1686 1763 Cyprianus.

152 1767 256 1805 Mihi
275 1779 372 1804 vero
391 1766 610 1815 peculiaris
630 1767 755 1805 etiam
777 1768 977 1817 quaedam
998 1781 1120 1806 causa
1140 1769 1222 1806 fuit
1241 1770 1286 1805 vt
1308 1768 1397 1815 hoc,
1415 1768 1610 1818 quicquid
1628 1777 1689 1806 est

97 1835 253 1871 operae,
279 1821 552 1871 amplitudini
575 1823 669 1860 tuae
694 1821 951 1870 dedicarem3
981 1823 1319 1872 quandoquidem
1343 1836 1429 1860 non
1458 1822 1579 1860 licuit
1608 1822 1690 1860 alia

96 1876 255 1914 ratione
282 1875 426 1914 testari
449 1876 640 1914 animum
666 1889 892 1914 memorem
925 1877 1153 1915 officiorum
1183 1878 1294 1915 haud
1319 1890 1525 1927 quaquam
1551 1877 1691 1926 vulga-

97 1930 220 1978 rium,
236 1943 337 1980 quae
350 1930 536 1980 primum
557 1930 606 1968 R.
625 1930 673 1968 D.
697 1930 911 1969 Antonius
930 1931 1120 1979 Puccius,
1145 1945 1272 1982 nepos
1292 1933 1401 1978 tuus,
1425 1931 1466 1968 id
1489 1932 1690 1980 temporis
1712 1950 1770 1981 195

98 1986 282 2034 legatum
311 1997 435 2034 agens
465 1984 623 2023 summi
652 1984 873 2023 Pontificis
899 1986 1007 2035 apud
1038 1986 1238 2033 Eluetios,
1267 1999 1365 2024 mox
1390 1989 1461 2024 tua
1489 1986 1690 2024 celsitudo

98 2039 284 2078 Rhomae
303 2038 412 2077 mihi
429 2038 598 2088 largiter
617 2039 823 2088 impendit
841 2055 849 2077 :
879 2053 1004 2089 quam
1024 2054 1166 2089 precor
1185 2043 1231 2079 vt
1251 2040 1442 2080 Christus
1463 2041 1555 2089 Opt.
1582 2040 1687 2078 Max.

99 2093 292 2143 dignitati
325 2093 569 2132 Rhomanae
601 2094 710 2132 sedis
741 2096 783 2131 et
813 2094 1060 2144 reipublicae
1093 2095 1352 2134 Christianae
1387 2095 1588 2132 iuuandae
1621 2094 1692 2132 diu

98 2150 234 2186 seruet
252 2147 516 2186 incolumem.

154 2202 343 2249 Louanii,
368 2203 449 2241 An.
472 2214 652 2241 M.D.X1x.
676 2202 809 2253 pridie
830 2202 915 2242 Cal.
939 2202 1115 2253 August.
1314 2219 1317 2222 ’
1714 2223 1775 2245 200

137 2308 207 2347 169.
234 2307 531 2338 reuerendissime
554 2318 598 2338 a:
623 2306 818 2338 reuerende
843 2307 868 2336 δ.
1048 2314 1118 2343 174.
1146 2304 1183 2334 T.
1197 2304 1237 2336 R.
1253 2305 1292 2335 D.
1316 2316 1356 2335 a:
1382 2309 1442 2336 tua
1467 2306 1639 2335 autoritas
1664 2306 1690 2336 δ.

89 2361 165 2383 200.
192 2352 264 2382 An.
282 2361 302 2380 α
319 2361 326 2382 :
351 2352 458 2381 Anno
472 2352 510 2381 5:
533 2351 644 2382 Anno
660 2361 680 2381 a
697 2350 842 2381 Christo
858 2352 944 2380 nato
960 2351 1000 2379 N.
1135 2349 1291 2388 Augusti
1308 2350 1342 2382 β.

139 2473 209 2502 174.
222 2462 858 2504 T.R.D.]tuareuerendadominatio.
976 2460 1045 2490 186.
1072 2457 1186 2499 hunc]
1197 2459 1271 2489 The
1285 2459 1385 2498 point
1401 2459 1438 2489 of
1446 2459 1507 2489 the
1521 2460 1693 2497 compari-

140 2508 212 2546 184.
237 2505 387 2547 primas]
419 2506 524 2537 Pucci
555 2516 627 2537 was
656 2515 737 2536 now
765 2506 864 2536 chief
929 2514 992 2534 son
1018 2504 1083 2534 lies
1098 2504 1135 2533 in
1154 2503 1341 2542 Cyprian’s
1357 2503 1513 2542 position
1532 2513 1568 2532 as
1586 2502 1640 2541 bp.
1659 2502 1697 2532 of

94 2551 365 2591 penitentiary3
390 2551 453 2581 but
482 2550 541 2581 his
566 2549 743 2580 influence
769 2549 859 2580 with
929 2547 1113 2587 Carthage.

94 2595 163 2626 Leo
182 2604 255 2626 was
267 2594 336 2625 due
352 2594 475 2625 rather
488 2595 524 2624 to
540 2593 859 2633 personalitythan
976 2601 1045 2630 195.
1070 2589 1267 2630 Antonius]
1292 2590 1355 2620 See
1378 2589 1465 2630 Epp.
1493 2590 1568 2629 855.
1595 2591 1689 2627 6-14‚

95 2642 132 2670 to
161 2637 285 2670 official
314 2638 468 2678 position
497 2637 554 2676 (cf.
584 2637 706 2667 Pastor
723 2637 783 2668 vii.
805 2637 857 2675 83.
929 2636 1003 2666 860.

94 2682 170 2714 viii.
193 2684 281 2722 113).
978 2679 1047 2717 196.
1075 2680 1133 2708 tun
1149 2677 1341 2718 celsitudo]
1360 2678 1410 2709 Cf.
1430 2678 1490 2717 Ep.
1505 2677 1580 2716 865.
1597 2687 1689 2715 22-7.
