1990 3353
74 106 195 162 1206]
523 109 594 148 TO
632 107 858 148 BEATUS
897 107 1214 148 RHENANUS
1592 110 1667 148 501

71 217 174 256 olim
193 217 358 267 scripsit
378 217 510 265 Plato,
534 230 717 267 quasque
735 217 786 256 ad
805 217 1115 266 Apostolorum,
1132 221 1178 257 vt
1192 220 1373 269 apparet,
1391 218 1671 256 imitationem

73 272 329 322 scripserunt
347 271 590 321 Cyprianus,
611 270 806 320 Basilius,
830 270 1131 322 Hieronymus,
1147 272 1422 323 Augustinus,
1445 285 1671 322 perpaucae

71 328 172 364 sunt
191 339 292 376 quas
312 339 395 364 non
416 325 546 364 libros
567 326 717 364 rectius
742 325 962 375 appellaris
988 340 1114 377 quam
1141 326 1345 377 epistolas.
1405 326 1546 369 Porro,
1570 338 1672 376 quas

72 380 193 419 nobis
213 379 382 430 reliquit
401 380 539 418 nescio
559 380 654 429 quis
679 380 803 418 Bruti
830 380 1011 428 nomine,
1034 380 1204 419 nomine
1232 381 1479 428 Phalaridis,
1504 380 1672 418 nomine

72 433 248 473 Senecae
267 435 317 473 ad
347 433 541 481 Paulum,
563 433 664 484 quid
692 433 805 473 aliud
834 434 993 473 censeri
1019 437 1195 484 possunt
1224 448 1348 485 quam
1379 434 1671 473 declamatiun-
1691 451 1731 483 95

71 487 222 527 culae?
277 489 436 527 Verum
470 490 609 526 autem
643 487 749 526 illud
783 488 1054 537 epistolarum
1084 502 1216 539 genus
1244 490 1353 539 quod
1383 502 1529 536 mores,
1562 489 1669 539 quod

71 542 294 590 fortunam,
316 542 423 593 quod
455 542 638 590 affectus,
661 542 769 592 quod
796 543 1014 592 publicum
1033 543 1160 581 simul
1180 545 1221 581 et
1240 544 1452 592 priuatum
1472 544 1672 593 temporis

71 598 227 636 statum
247 596 363 635 velut
381 596 427 635 in
447 592 589 635 tabula
608 598 897 646 repraesentat,
914 596 1033 636 cuius
1053 598 1216 647 generis
1235 598 1321 636 fere
1341 600 1441 636 sunt
1460 597 1672 647 Epistolae

71 650 280 690 Ciceronis
307 662 353 689 ac
382 650 526 698 Plinii,
549 652 590 689 et
618 651 728 689 inter
755 651 1002 689 recentiores
1030 652 1196 690 Aeneae
1225 652 1306 701 Pii,
1337 652 1549 703 aliquanto
1579 652 1672 702 plus

71 705 195 744 habet
213 705 385 756 periculi
404 718 529 755 quam
553 704 725 744 historia
750 718 888 744 rerum
916 717 1049 756 nuper
1073 708 1311 755 gestarum3
1340 706 1606 756 periculosae,
1626 708 1672 744 vt
1695 718 1756 740 100

71 759 211 810 inquit
230 760 412 806 Flaccus,
432 759 607 809 plenum
628 772 731 809 opus
750 759 871 798 aleae.

125 813 308 852 Proinde
327 813 363 852 si
383 813 482 864 quid
503 813 735 852 aedendum
753 813 808 852 sit
827 814 872 852 in
891 814 970 853 hoc
989 826 1149 864 genere,
1167 814 1276 853 nulli
1295 813 1424 854 velim
1445 817 1564 853 autor
1584 827 1672 853 esse

71 870 118 908 vt
137 868 226 918 ipse
244 868 369 907 viuus
387 868 516 914 aedat,
539 868 610 906 sed
632 867 776 907 Tironi
804 868 986 918 cuipiam
1011 868 1089 908 hoc
1114 869 1185 907 det
1213 868 1394 919 negocii:
1434 881 1672 918 quanquam

71 922 139 961 hic
171 923 215 961 in
249 922 447 961 aedendis
474 923 641 972 patroni
668 922 733 961 sui
761 923 1048 962 monumentis
1077 922 1173 972 plus
1206 923 1335 962 studii
1368 936 1495 974 quam
1529 922 1673 961 iudicii

71 976 256 1016 creditur
274 976 526 1015 adhibuisse.
571 977 668 1015 Siue
687 976 830 1016 laudes
849 977 1028 1028 aliquem
1047 978 1135 1016 siue
1154 977 1375 1028 vituperes,
1394 991 1478 1016 non
1499 977 1674 1016 deerunt
1697 994 1757 1026 105

72 1031 144 1082 qui
172 1031 462 1070 offendantur:
494 1033 542 1069 vt
569 1044 622 1069 ne
647 1043 972 1070 commemorem
998 1044 1086 1071 esse
1109 1033 1311 1082 quosdam
1334 1032 1404 1082 qui
1435 1045 1487 1070 ne
1514 1031 1674 1070 laudari

71 1085 239 1136 quidem
274 1085 505 1124 sustineant
540 1085 655 1124 libris
693 1085 852 1134 aeditis,
887 1086 975 1125 siue
1009 1087 1116 1137 quod
1152 1087 1428 1137 dedignentur
1465 1100 1488 1125 a
1527 1086 1674 1136 quouis

71 1140 288 1184 nominari,
311 1139 399 1178 siue
423 1139 532 1189 quod
556 1142 780 1179 vereantur
804 1153 854 1178 ne
879 1141 947 1179 cui
966 1141 1140 1179 veniant
1159 1141 1202 1179 in
1223 1141 1499 1191 suspicionem
1520 1144 1673 1189 φιλοκο-

71 1195 213 1235 λακίας.
272 1195 361 1244 Quo
381 1193 514 1243 magis
534 1193 714 1233 demiror
740 1194 887 1234 diuum
915 1195 1178 1234 Bel-nardum
1205 1195 1414 1245 Epistolas
1440 1208 1536 1234 suas
1562 1195 1673 1234 euul-

71 1262 198 1300 gasse,
213 1248 260 1287 in
276 1248 427 1299 quibus
442 1251 505 1287 tot
521 1249 694 1287 nomina
708 1248 884 1288 carbone
904 1252 1113 1288 notantur.
1158 1249 1279 1288 Nunc
1297 1250 1332 1288 si
1352 1249 1445 1299 quis
1467 1250 1674 1288 Iacobitae
1696 1262 1757 1284 110

70 1305 142 1342 aut
176 1303 422 1342 Carmelitae
456 1302 698 1342 meminerit
729 1303 799 1342 vel
832 1317 1054 1353 suppresso
1089 1304 1269 1353 nomine,
1303 1304 1385 1343 nisi
1414 1317 1509 1342 cum
1539 1305 1674 1343 multa

70 1358 240 1397 honoris
258 1357 523 1408 praefatione,
546 1370 610 1396 res
629 1357 797 1396 videtur
816 1358 944 1408 digna
967 1358 1226 1408 lapidatione.
1287 1358 1378 1397 Iam
1407 1362 1447 1397 et
1476 1358 1581 1397 illud
1611 1360 1674 1397 est

70 1412 334 1460 incommodi,
357 1412 477 1462 quod,
500 1413 547 1450 vt
575 1413 675 1451 sunt
704 1412 929 1451 mutabiles
958 1425 1021 1451 res
1050 1412 1308 1460 mortalium,
1331 1426 1381 1451 ex
1411 1412 1674 1452 amicissimis

71 1479 372 1517 nonnunquam
393 1466 627 1504 redduntur
646 1466 955 1515 inimicissimi;
984 1470 1025 1505 et
1049 1469 1204 1515 contra,
1225 1469 1270 1506 vt
1290 1469 1331 1505 et
1352 1467 1448 1505 illos
1467 1467 1669 1515 laudatos,

70 1523 112 1560 et
140 1521 218 1560 hos
248 1520 388 1559 doleas
419 1522 606 1559 attactos.
679 1519 907 1568 Postremo,
942 1534 995 1559 ne
1023 1522 1160 1560 famae
1189 1521 1356 1571 quidem
1385 1521 1544 1560 autoris
1573 1521 1674 1560 satis
1696 1533 1756 1566 115

70 1575 314 1623 consulitur,
335 1575 446 1625 quod
472 1574 659 1626 plerique
686 1588 737 1614 ex
756 1589 838 1615 vna
865 1576 1059 1625 quapiam
1085 1576 1259 1626 epistola
1284 1578 1423 1614 totum
1449 1576 1674 1615 aestimant

69 1630 254 1669 hominis
282 1629 514 1680 ingenium,
543 1643 672 1680 quum
701 1630 918 1680 aliquoties
947 1630 1177 1669 scribamus
1205 1630 1337 1679 vuidi,
1370 1643 1674 1680 nonnunquam

71 1684 357 1733 dormitantes,
378 1683 547 1722 interim
577 1683 686 1732 lassi,
708 1684 879 1723 interim
904 1685 1032 1723 etiam
1059 1684 1227 1735 aegroti,
1250 1687 1322 1723 aut
1347 1684 1462 1723 aliud
1490 1687 1671 1734 agentes,

71 1752 374 1789 nonnunquam
396 1738 532 1777 alieno
558 1738 784 1787 stomacho,
805 1738 1048 1789 frequenter
1071 1739 1123 1778 ad
1148 1739 1240 1778 eius
1267 1740 1333 1778 cui
1360 1739 1584 1778 scribimus
1608 1739 1674 1778 vel

70 1796 238 1844 captum
258 1793 327 1832 vel
351 1792 557 1831 iudicium
581 1792 783 1832 orationis
806 1793 999 1832 habitum
1022 1795 1355 1843 attemperantes.
1417 1793 1539 1832 Vnde
1559 1794 1607 1832 fit
1626 1797 1674 1832 vt
1695 1804 1757 1828 120

69 1847 274 1898 imperitis
303 1847 522 1886 veniamus
550 1847 595 1886 in
624 1847 902 1898 suspicionem
931 1847 1243 1896 inconstantiae,
1266 1861 1398 1898 quum
1424 1861 1471 1886 ea
1496 1848 1675 1887 varietas

69 1902 204 1950 aetati,
226 1901 407 1949 affectui,
426 1901 615 1951 personis
633 1915 678 1941 ac
699 1901 821 1941 rebus
840 1902 884 1940 in
904 1901 1118 1941 diuersum
1139 1903 1322 1949 mutatis,
1342 1903 1397 1941 sit
1417 1902 1672 1952 imputanda.

125 1956 240 1995 Haec
268 1969 365 1995 cum
393 1956 525 1994 alium
555 1956 786 2006 quamlibet
813 1956 976 1995 felicem
1005 1957 1055 1995 ab
1083 1957 1280 1995 aedendis
1309 1956 1498 2007 epistolis
1526 1958 1674 1995 merito

70 2010 316 2058 deterreant,
339 2023 407 2048 me
426 2013 567 2049 tamen
587 2010 692 2049 illud
713 2011 973 2060 peculiariter
992 2011 1297 2059 dehortabatur,
1322 2011 1429 2061 quod
1452 2024 1548 2050 cum
1569 2011 1674 2049 mihi

69 2077 233 2116 semper
265 2065 433 2104 fortuna
465 2078 550 2103 non
588 2065 725 2103 solum
758 2064 934 2104 humilis
972 2065 1096 2104 fuerit
1129 2066 1403 2104 verumetiam
1438 2068 1675 2104 constanter
1695 2081 1756 2115 1²5

69 2120 222 2170 iniqua,
238 2132 372 2170 neque
391 2119 428 2158 is
441 2119 552 2158 vitae
571 2121 692 2158 tenor
705 2121 752 2158 vt
770 2133 862 2158 eam
878 2119 1006 2158 velim
1027 2122 1099 2158 aut
1117 2120 1274 2170 possim
1294 2120 1345 2158 ab
1365 2120 1480 2158 omni
1500 2120 1674 2158 crimine

71 2174 292 2220 vindicare,
324 2187 409 2212 non
438 2176 526 2212 erat
554 2187 626 2212 cur
654 2173 808 2212 vellem
837 2174 1053 2224 vtriusque
1082 2174 1215 2213 multa
1244 2187 1457 2224 superesse
1484 2174 1669 2223 vestigia.

70 2229 210 2279 Atque
237 2229 339 2266 haec
369 2227 472 2266 ratio
501 2227 692 2267 fortassis
718 2230 760 2266 et
792 2227 889 2267 illos
917 2231 1105 2267 moueret
1133 2229 1184 2267 ad
1214 2242 1317 2279 quos
1347 2229 1577 2275 scribimus,
1602 2228 1673 2279 qui

69 2282 179 2333 quod
208 2296 279 2333 per
306 2282 450 2320 literas
478 2283 593 2321 velut
623 2283 667 2321 in
698 2283 839 2321 sinum
869 2283 1070 2321 effutiunt
1098 2283 1276 2331 amiculi,
1309 2284 1447 2321 nolint
1478 2282 1675 2321 omnibus

113 2417 167 2449 92.
191 2410 236 2439 F:
262 2407 500 2439 Hieronimus
517 2417 548 2438 α.
711 2416 766 2446 94.
792 2419 813 2437 a
825 2410 880 2438 H:
905 2408 1104 2439 Phaliridis
1118 2411 1155 2440 F.
1315 2418 1368 2448 95.
1395 2409 1439 2439 ad
1456 2409 1609 2439 Paulum
1628 2420 1648 2438 α
1665 2420 1672 2439 x

70 2454 107 2484 et
124 2451 226 2482 Pauli
241 2454 276 2482 F.
491 2451 543 2489 96.
569 2452 691 2481 autem
707 2454 782 2483 add.
797 2453 833 2483 F.
1031 2453 1084 2491 98.
1112 2453 1246 2483 statum
1261 2454 1298 2482 Η
1309 2463 1317 2483 ;
1340 2452 1476 2483 factum
1493 2464 1530 2482 a:
1557 2454 1671 2483 fatum

69 2498 221 2534 FCorriq.
325 2494 425 2525 velut
440 2497 490 2524 F:
509 2493 621 2525 «velud
637 2505 666 2532 a,
687 2496 724 2532 cs:
743 2497 801 2533 Ep.
824 2504 918 2535 1177.
940 2505 1012 2534 13n.
1178 2506 1232 2536 99.
1258 2505 1298 2526 ac
1314 2506 1372 2526 om.
1391 2499 1429 2527 F.
1599 2505 1670 2527 100.

71 2549 186 2579 nuper
202 2540 275 2569 add.
294 2541 330 2569 F.
434 2547 505 2576 103.
529 2537 662 2577 Tyr-oni
678 2540 720 2569 H.
826 2547 896 2578 105.
922 2540 998 2570 siue
1016 2540 1198 2580 vituperes
1214 2539 1373 2578 aliquem
1390 2543 1425 2570 F.
1533 2541 1603 2570 108.
1628 2542 1671 2570 F:

70 2582 322 2624 philocolacias
338 2593 370 2612 α.
477 2590 546 2621 109.
574 2581 731 2612 demiror
747 2593 767 2611 α.
783 2592 791 2612 :
814 2582 974 2614 admiror
989 2586 1023 2613 Γ.
1126 2593 1138 2613 1
1149 2593 1199 2614 11.
1225 2582 1341 2614 multa
1358 2593 1439 2614 cum
1457 2586 1491 2615 F.
1599 2592 1669 2622 113.

72 2625 262 2658 mutabiles
278 2635 336 2656 om.
358 2628 392 2657 F.
485 2633 556 2663 114.
581 2629 617 2656 et
629 2629 699 2662 post
714 2628 754 2656 vt
769 2628 845 2657 add.
862 2629 897 2657 F.
994 2636 1005 2656 1
1017 2636 1063 2665 15.
1089 2627 1273 2657 Postremo
1289 2629 1343 2657 H:
1370 2627 1447 2658 Iam
1464 2638 1492 2657 α.
1600 2627 1669 2658 118.

68 2670 180 2702 etiam
205 2671 279 2700 add.
298 2671 334 2700 F.
470 2676 541 2700 122.
567 2671 646 2700 aN:
673 2669 929 2708 imputandum
946 2673 982 2702 F.
1117 2679 1188 2710 129.
1213 2670 1314 2701 velut
1331 2674 1374 2701 F:
1399 2671 1507 2702 velud
1526 2682 1557 2700 α.

112 2774 169 2804 94.
193 2763 316 2804 Bruti]
329 2764 403 2794 The
417 2766 486 2794 two
499 2763 623 2795 letters
634 2764 835 2796 attributed
952 2774 1022 2795 101.
1054 2765 1213 2807 Flaccus]
1230 2767 1259 2797 C.
1280 2776 1310 2796 2.
1335 2775 1358 2795 1.
1380 2768 1410 2796 6.

68 2811 106 2840 to
119 2808 254 2839 Brutus
270 2807 358 2848 (Cic.
369 2810 412 2838 ad
427 2809 517 2838 Brut.
533 2817 560 2839 1.
574 2809 699 2848 16,17),
713 2808 835 2839 which
951 2818 1020 2848 109.
1049 2808 1291 2851 Bernardum]
1317 2809 1368 2841 Cf.
1398 2810 1485 2850 Epp.
1517 2819 1565 2849 15.
1588 2820 1668 2851 3511,

66 2861 130 2883 are
146 2851 302 2891 thought
315 2854 352 2882 to
365 2852 404 2882 be
417 2852 600 2891 examples
613 2851 649 2882 of
660 2854 832 2884 suasoriae.
907 2861 998 2891 1142.
1016 2862 1095 2891 45n.

113 2904 166 2936 95.
195 2894 364 2936 Senecae]
382 2894 433 2926 Cf.
451 2894 515 2934 Ep.
534 2904 609 2934 325.
629 2904 724 2934 71-3.
950 2905 1021 2926 110.
1045 2895 1240 2938 Iacobitae]
1257 2907 1277 2928 a
1291 2897 1504 2928 Dominican
1520 2908 1527 2934 ;
1544 2898 1586 2927 cf.
1606 2898 1669 2938 Ep.

112 2949 167 2979 99.
191 2939 332 2970 Aeneae
372 2937 444 2980 Pii]
491 2939 630 2970 Aeneas
676 2938 833 2979 Sylvius,
906 2949 997 2979 1153.
1023 2949 1120 2979 113n.

68 2981 154 3013 Pius
169 2990 208 3013 11.
949 2992 1019 3022 125.
1047 2983 1207 3025 fortuna]
1225 2983 1277 3016 Cf.
1298 2984 1360 3023 Ep.
1382 2993 1475 3016 1102,
1493 2986 1549 3014 on.
