1990 3353
89 118 211 173 1095]
310 144 315 149 ·
395 119 548 159 FROM
584 118 925 158 WILLIBALD
962 117 1371 157 PIRCKHEIMER
1601 119 1681 158 249

86 242 211 270 'nam
231 233 293 269 est
320 231 440 281 gulae
460 230 629 278 vicium,
652 232 693 269 et
721 243 769 268 eo
797 229 966 278 grauius
995 241 1091 266 611111
1120 227 1283 267 assidue
1313 230 1355 267 et
1380 227 1543 267 deuotis
1572 242 1682 267 com-

87 285 274 324 mittitur
288 284 311 323 ’.
368 285 528 333 Adieci,
561 285 772 323 ‘Forsitan
802 283 947 321 diebus
976 282 1127 332 quibus
1157 283 1218 320 fas
1248 295 1333 320 non
1362 283 1425 320 est
1437 282 1459 319 ⁹.
1521 282 1677 331 ‘Non’,

86 340 236 389 inquit,
263 339 360 378 ‘sed
393 353 471 379 nos
500 352 636 379 sacros
658 339 770 377 viros
799 337 852 376 ab
882 337 998 375 omni
1031 337 1249 386 epularum
1277 335 1445 374 lauticia
1473 335 1680 375 abstinere

85 394 204 432 decet
218 394 239 433 ².
305 394 467 444 ‘Atqui,
502 394 607 432 bone
639 392 775 440 Pater,
811 391 857 429 ni
894 390 1015 429 fallor
1030 391 1051 439 '‚
1086 390 1258 441 inquam
1292 390 1426 429 ‘haud
1463 391 1571 429 farre
1608 394 1681 430 aut

85 448 239 487 hordeo
267 450 435 486 tantum
463 448 663 498 saginasti
683 445 965 497 aqualiculum
977 445 1141 483 ⁹—nam
1160 445 1322 483 obesior
1350 447 1519 492 erat—3
1553 446 1616 483 ‘et
1645 445 1681 484 si

85 502 264 552 gallinae
284 502 434 552 quibus
452 504 643 541 ventrem
661 500 828 547 farsisti,
851 499 985 538 adhuc
1010 499 1150 549 pipare
1179 501 1358 548 possent,
1388 499 1455 538 vel
1479 499 1682 538 exercitus

83 569 131 595 ac
157 557 353 595 tubarum
377 557 598 606 strepitum
616 555 830 595 vincerent
845 554 866 593 '.
925 553 1033 593 Vide
1059 567 1184 603 quam
1211 556 1409 592 strennue
1432 553 1605 603 impiam
1634 567 1681 593 ac

84 611 287 650 nefariam
307 610 563 649 defenderim
584 609 862 661 ὀρνιθοφαγίαν.

139 665 218 703 Sed
251 667 299 704 tu
332 678 401 702 me
434 665 608 704 forsitan
641 677 773 714 nugas
802 675 921 713 agere
951 661 1194 701 existimas:
1233 675 1308 711 ego
1340 661 1419 700 tibi
1452 663 1577 700 etiam
1609 674 1682 711 per

83 722 273 757 sanctam
292 719 547 769 hypocrisim
567 732 635 757 me
657 732 755 757 vera
774 717 952 756 scribere
972 719 1139 766 paratus
1159 729 1253 754 sum
1275 716 1467 754 deierare.
1527 715 1606 754 Sed
1629 729 1681 754 ne

85 776 234 812 cuncta
261 775 333 812 tua
354 773 522 812 laudare
549 773 700 821 videar,
723 772 852 811 habes
877 784 978 822 quae
1007 772 1048 809 et
1072 784 1147 820 ego
1174 783 1255 809 non
1285 770 1437 808 iniuria
1462 770 1682 820 reprehen-

83 827 202 867 dam:
233 841 384 878 nempe
403 828 512 878 quod
533 827 618 866 Leo
636 829 723 866 tam
738 825 881 866 diuino
895 825 984 864 viro
999 825 1127 863 fueris
1141 824 1442 875 impedimento
1458 823 1682 874 quominus

84 882 273 920 semestri
293 883 489 932 tempore,
514 882 759 920 somniando
780 894 851 919 seu
871 879 1009 930 potius
1023 879 1201 929 pastoris
1212 879 1327 917 illius
1341 878 1475 918 instar
1488 879 1676 926 bibendo,

82 935 247 975 litteras
266 936 479 975 Hebraeas
499 938 539 975 et
560 937 735 975 Graecas
754 948 899 973 omnes
919 934 1135 972 deuorarit.
1196 934 1230 972 O
1256 933 1418 972 felicem
1439 933 1677 981 Ecclesiam,

81 990 119 1028 si
137 990 202 1029 illi
223 1003 347 1029 suum
368 991 487 1029 dulce
507 991 644 1029 ocium
665 989 902 1039 reliquisses
919 989 928 1027 !
985 988 1118 1037 Nunc,
1138 987 1293 1038 opinor,
1314 987 1437 1027 habet
1457 988 1565 1038 quod
1586 991 1679 1037 agat

83 1045 129 1082 in
150 1046 378 1083 extremam
398 1059 525 1095 vsque
547 1046 767 1084 senectam.
826 1043 903 1082 Sed
921 1044 1083 1092 oportet
1103 1056 1180 1081 nos
1193 1056 1281 1082 esse
1296 1043 1486 1081 fauentes
1501 1042 1677 1091 homini,

81 1099 235 1149 quibus
280 1099 475 1138 nonnihil
522 1099 657 1138 laudis
702 1098 853 1138 alicubi
896 1097 1012 1136 visus
1051 1099 1114 1135 est
1151 1109 1376 1147 aspergere.
1443 1097 1561 1146 Quod
1599 1097 1681 1135 nisi

80 1153 387 1202 agnouerimus‚
429 1167 573 1193 vereor
611 1167 664 1192 ne
703 1166 778 1192 nos
817 1165 962 1191 omnes
1000 1152 1178 1201 appellet
1216 1151 1458 1190 mortalium
1489 1151 1680 1190 omnium

83 1207 399 1257 ingratissimos.
460 1209 594 1256 Quare
621 1210 814 1247 nostrum
838 1207 916 1244 erit
942 1206 1168 1257 quotannis
1196 1205 1319 1244 Leico
1350 1205 1512 1244 nomini
1541 1206 1680 1255 aliquo

81 1262 332 1312 panegyrico
361 1262 594 1313 gratificari,
619 1263 746 1301 donec
774 1262 950 1300 fateatur
980 1259 1160 1298 officium
1188 1260 1266 1299 hoc
1290 1273 1376 1299 esse
1398 1260 1495 1298 satis
1516 1260 1679 1298 abunde

81 1317 324 1366 repositum.

138 1370 254 1418 Quod
271 1371 316 1408 in
335 1370 589 1421 superiorem
602 1370 872 1409 Germaniam
895 1371 937 1408 te
948 1371 1175 1407 venturum
1190 1382 1280 1407 esse
1294 1369 1513 1419 significas,
1534 1368 1681 1407 multis

81 1425 132 1463 de
164 1426 298 1464 causis
328 1425 455 1475 probo
490 1425 721 1464 consilium.
781 1424 889 1463 Nam
927 1426 1090 1473 praeter
1127 1437 1252 1473 quam
1291 1424 1400 1473 quod
1439 1423 1506 1461 hic
1540 1423 1681 1461 minus

83 1491 106 1517 a
133 1479 287 1518 talibus
306 1480 455 1529 vespis,
486 1479 620 1529 qualis
648 1481 709 1518 est
737 1479 857 1526 Lens,
885 1478 1074 1516 infestari
1099 1477 1264 1526 poteris,
1289 1491 1373 1516 non
1401 1477 1490 1515 sine
1520 1477 1679 1526 ingenti

81 1533 214 1572 animi
242 1533 517 1573 oblectatione
546 1533 773 1584 conspicies
801 1533 942 1583 quales
971 1534 1231 1582 quantosque
1264 1533 1448 1581 vndique
1479 1532 1556 1569 tibi
1588 1545 1682 1570 con-

80 1588 289 1627 ciliaueris
304 1588 468 1627 amicos.
528 1587 762 1626 Inuitarem
778 1590 817 1626 te
833 1589 879 1626 vt
895 1586 1079 1637 primum
1095 1587 1143 1624 ad
1159 1599 1235 1625 nos
1250 1587 1462 1625 accederes
1476 1598 1485 1632 ;
1516 1586 1598 1624 nisi
1612 1586 1680 1624 hic

81 1643 211 1692 pestis
250 1643 562 1687 recrudesceret,
600 1655 757 1692 egoque
794 1642 936 1691 fugam
974 1641 1372 1690 circumspectarem.
1445 1641 1524 1679 Sed
1564 1640 1681 1678 breui

81 1696 312 1736 desituram
327 1710 445 1747 spero
462 1710 473 1745 3
502 1710 599 1736 nam
615 1710 780 1735 summa
794 1695 1009 1746 diligentia
1030 1695 1262 1734 occurritur
1281 1695 1402 1733 malo.
1444 1695 1530 1733 Sub
1546 1694 1682 1733 Caroli

82 1751 209 1801 Regis
242 1752 472 1790 aduentum
503 1753 544 1790 te
576 1750 1066 1802 expectamus—interim
1104 1749 1194 1788 lues
1230 1749 1407 1799 grassari
1439 1748 1680 1788 desinet—z

78 1818 129 1843 ex
155 1806 286 1845 veteri
313 1806 427 1844 6111111
454 1806 650 1844 instituto
673 1806 836 1856 primus
861 1805 960 1843 noui
984 1803 1107 1854 Regis
1133 1807 1364 1842 conuentus
1392 1804 1461 1842 hic
1485 1803 1681 1842 celebrari

80 1913 197 1952 nibus,
218 1913 326 1952 idque
343 1913 484 1943 assidue
495 1914 515 1944 ³.
567 1915 574 1929 ⁶
587 1913 750 1944 Forsitan
767 1912 893 1943 diebus
914 1913 1127 1953 prohibitis⁷
1145 1913 1267 1944 intuli.
1319 1914 1418 1945 ‘Imo
1435 1915 1471 1944 et
1488 1912 1660 1944 concessis
1672 1912 1681 1928 ’

80 1956 276 1996 respondit.
328 1957 493 1987 ‘Sacrum
511 1957 609 1987 enim
626 1957 745 1987 virum
763 1957 806 1987 ab
824 1958 926 1988 tanta
944 1970 972 1988 a.
1118 1959 1189 1996 136.
1217 1957 1314 1988 haud
1332 1981 1339 1988 .
1359 1981 1366 1988 .
1389 1982 1397 1989 .
1419 1967 1490 1996 137.
1509 1957 1679 1997 saginasti

77 2001 100 2034 β
116 2012 123 2031 :
147 2010 212 2031 1166
228 2000 321 2030 farre
338 2010 404 2031 nec
420 1999 526 2031 ordeo
543 2001 653 2031 talem
670 2001 827 2040 sagnasti
843 2012 875 2032 α.
986 2001 1058 2040 138.
1082 2001 1198 2032 adhuc
1214 2003 1286 2032 add.
1305 2003 1339 2035 β.
1430 2001 1488 2031 vel
1505 2001 1682 2031 exercitus

78 2054 117 2075 ac
133 2046 156 2078 β
175 2042 227 2084 (βῙ
238 2046 289 2074 F:
313 2044 510 2074 excercitus
525 2042 576 2085 3²)
592 2054 601 2075 ε
624 2045 733 2075 etiam
750 2044 995 2084 timpanorum
1013 2046 1048 2075 et
1062 2055 1094 2076 α.
1215 2054 1287 2083 139.
1313 2045 1499 2075 vincerent
1515 2047 1538 2079 β
1555 2055 1563 2075 t
1588 2045 1680 2075 mul-

79 2088 241 2118 titudine
257 2097 320 2118 sua
336 2089 574 2128 exuperarent
590 2099 622 2119 α.
712 2088 804 2119 Vide
820 2112 828 2120 .
850 2112 856 2119 .
876 2112 884 2120 .
909 2098 980 2127 140.
998 2087 1226 2128 ὀρνιθοφαγίαν
1242 2089 1265 2122 β
1280 2099 1288 2119 :
1312 2088 1434 2119 Risere
1450 2089 1512 2127 qui
1529 2089 1681 2119 aderant

79 2131 174 2171 quod
200 2134 273 2162 tam
301 2133 446 2162 strenue
473 2129 699 2172 ὀρνιθοφαγίαν
721 2130 963 2162 defendissem
986 2143 1015 2163 α.
1172 2141 1242 2170 141.
1269 2142 1330 2171 ego
1353 2133 1402 2166 B:
1433 2132 1505 2171 Ego
1532 2141 1618 2162 vero
1644 2143 1676 2163 α.

81 2184 154 2213 142.
179 2175 337 2206 deierare
353 2176 376 2209 β
391 2186 400 2206 z
422 2175 540 2205 iurare
555 2186 586 2206 α.
699 2175 769 2206 Sed
784 2177 807 2210 β
822 2186 830 2207 :
854 2176 1041 2206 Caeterum
1057 2187 1088 2206 α.
1228 2185 1299 2214 143.
1325 2178 1386 2206 aut
1404 2176 1515 2206 nimis
1532 2175 1600 2206 tibi
1617 2176 1680 2206 tri-

80 2219 188 2250 buere
200 2223 270 2256 post
282 2218 428 2249 laudare
440 2229 484 2250 a:
506 2228 565 2250 om.
580 2220 614 2253 β.
677 2229 765 2258 quae
778 2221 813 2250 et
826 2229 888 2259 ego
903 2221 926 2253 β
941 2230 950 2250 :
974 2220 1083 2250 etiam
1096 2229 1165 2258 que
1181 2230 1210 2250 α.
1274 2219 1411 2250 iniuria
1425 2221 1448 2254 β
1463 2230 1470 2250 :
1495 2220 1631 2249 iniuste
1647 2231 1679 2251 α.

82 2271 154 2301 144.
179 2263 248 2293 Leo
273 2264 348 2293 tam
372 2262 498 2294 diuino
520 2263 568 2297 B:
592 2263 658 2293 tali
681 2274 712 2293 a.
863 2272 933 2302 145.
958 2263 1122 2294 semestri
1147 2286 1153 2293 .
1179 2285 1187 2294 .
1215 2286 1223 2294 .
1251 2272 1322 2301 154.
1348 2263 1448 2303 Quod
1472 2264 1514 2297 B:
1539 2263 1679 2293 litteras

79 2306 208 2337 Grecas
234 2307 269 2337 et
295 2306 454 2337 Hebreas
480 2307 625 2337 tantum
652 2316 727 2337 non
751 2307 964 2337 somniando
992 2309 1055 2337 aut
1081 2307 1230 2346 pastoris
1256 2307 1356 2337 illius
1384 2307 1500 2337 instar
1524 2307 1679 2338 bibendo

78 2349 238 2381 hauserit
254 2359 294 2381 ac
311 2349 492 2390 Magistris
508 2351 641 2381 nostris
657 2360 799 2390 operam
816 2350 994 2391 nauando,
1015 2350 1160 2381 tametsi
1179 2350 1413 2380 conuiciando
1429 2350 1531 2390 longe
1549 2351 1680 2381 melius

77 2394 251 2433 pessimas
290 2393 396 2424 horas
434 2393 675 2425 collocauerit.
724 2394 825 2433 Quod
849 2404 933 2424 vero
956 2406 986 2425 α.
1120 2403 1195 2424 esse
1222 2418 1230 2425 .
1256 2418 1262 2424 .
1289 2418 1295 2423 .
1318 2403 1388 2433 155.
1416 2394 1608 2425 consilium
1632 2396 1679 2429 B:

78 2437 260 2476 polliceris
288 2437 395 2468 laudo
421 2448 452 2468 α.
601 2446 671 2476 155.
698 2437 757 2468 1116
773 2461 781 2468 .
801 2461 809 2468 .
830 2462 836 2468 .
858 2439 929 2476 156.
955 2437 1090 2478 poteris
1113 2439 1159 2471 B:
1194 2438 1315 2467 minus
1342 2438 1391 2467 ibi
1420 2447 1440 2468 a
1467 2437 1680 2478 theologicis

80 2481 310 2512 infestaberis
324 2481 443 2521 vespis
455 2492 485 2512 α.
586 2482 657 2519 158.
686 2482 846 2520 primum
863 2484 936 2512 add.
950 2483 982 2515 β.
1077 2490 1148 2520 159.
1175 2481 1437 2512 recrudesceret
1449 2483 1471 2515 Β
1489 2492 1497 2512 :
1531 2481 1678 2521 gliscere

80 2524 252 2564 inciperet
269 2536 297 2555 α.
394 2534 526 2564 egoque
542 2549 550 2556 .
568 2548 576 2556 .
597 2549 604 2555 .
624 2526 694 2555 160.
721 2525 918 2556 desituram
936 2527 977 2560 B:
1003 2534 1112 2564 quam
1129 2528 1252 2555 tamen
1269 2525 1369 2555 breui
1387 2525 1629 2556 deseuituram
1646 2537 1678 2556 α.

79 2567 171 2598 Nam
189 2591 196 2599 .
217 2591 225 2599 .
241 2591 249 2600 .
270 2569 341 2598 162.
365 2569 461 2598 6111111
479 2570 526 2602 B:
550 2569 600 2599 ita
616 2570 655 2599 vt
679 2578 759 2599 eum
784 2570 1012 2599 serenissimo
1037 2569 1128 2607 Rege
1153 2570 1284 2608 nostro,
1303 2578 1410 2608 quem
1435 2569 1554 2599 indies
1577 2579 1678 2609 expe-

78 2613 230 2650 ctamus,
256 2621 376 2642 secure
400 2612 444 2642 ad
470 2621 534 2643 nos
556 2614 679 2643 venire
707 2613 827 2652 possis.
877 2613 967 2643 Nam
996 2622 1038 2643 ex
1064 2612 1177 2643 veteri
1203 2612 1393 2643 Caesarum
1420 2624 1453 2643 α.
1550 2613 1608 2643 1116
1632 2614 1678 2647 B:

78 2654 320 2695 Nuremberge
337 2667 366 2685 α.

127 2767 197 2796 145.
224 2758 392 2799 pastoris]
411 2758 475 2789 See
487 2760 592 2796 Atlay.
611 2760 846 2801 687‚quoting
962 2763 1031 2793 161.
1059 2761 1272 2803 aduentum]
1284 2761 1333 2792 Cf.
1346 2763 1406 2802 Ep.
1423 2773 1516 2801 1079.
1532 2772 1589 2801 911.
1610 2762 1678 2793 For

80 2801 226 2832 Theocr.
241 2812 271 2841 9.
295 2802 409 2840 16-17.
916 2805 978 2835 the
997 2805 1244 2844 1)rs·p.·11·ations
1268 2806 1371 2836 made
1396 2807 1435 2836 in
1454 2807 1678 2846 Nure-iuberg

127 2855 199 2884 149.
225 2844 375 2886 alicubi]
391 2846 454 2875 See
471 2845 569 2875 Lee's
582 2848 708 2886 Annon..
724 2848 762 2878 s0.
779 2848 844 2880 00².
916 2850 969 2878 sor
986 2850 1042 2879 his
1060 2849 1243 2888 reception
1261 2858 1317 2879 see
1334 2849 1397 2880 sE.
1417 2859 1489 2888 213,
1507 2859 1541 2889 p.
1568 2859 1638 2888 103.

127 2898 197 2927 159.
226 2888 351 2929 pestis]
391 2888 610 2928 Nuremberg
649 2889 717 2920 had
758 2892 842 2921 bot-n
963 2894 1031 2923 162.
1058 2892 1245 2932 instituto]
1271 2893 1309 2923 of
1330 2893 1477 2924 Charles
1500 2902 1537 2923 1v
1562 2894 1598 2923 in
1616 2894 1677 2923 the

79 2931 152 2962 free
170 2932 208 2961 of
227 2933 353 2971 plague
379 2932 433 2962 for
460 2941 557 2963 some
581 2932 668 2963 time
693 2935 749 2973 (cf.
778 2935 841 2966 SE.
915 2936 1053 2966 Golden
1090 2936 1174 2966 Bull
1213 2936 1250 2967 of
1288 2937 1379 2976 1356,
1415 2946 1487 2976 cap.
1524 2937 1565 2966 28
1599 2937 1613 2975 §
1645 2946 1674 2973 5.

78 2984 151 3014 213,
177 2985 208 3015 p.
234 2982 332 3015 107):
360 2976 422 3006 but
446 2975 475 3006 it
501 2977 671 3007 returned
699 2978 734 3008 in
763 2987 840 3017 1521
914 2979 1060 3009 Charlcs
1076 2988 1099 3008 v
1116 2989 1161 3009 on
1176 2980 1233 3009 his
1246 2980 1398 3010 clection
1412 2980 1482 3010 had
1495 2980 1677 3020 promisi-d

80 3019 156 3058 (Ep.
178 3020 269 3058 1085.
288 3019 362 3060 2n).
914 3031 948 3053 to
965 3033 1066 3062 carry
1080 3023 1155 3053 this
1172 3025 1253 3054 out:
1279 3024 1321 3054 cf.
1342 3024 1403 3055 SE.
1424 3033 1497 3062 213,
1518 3034 1551 3063 p.
1574 3033 1642 3061 107.

1704 352 1761 383 ¹35

1704 625 1763 657 ¹40

1703 895 1762 927 145

1703 1169 1764 1201 150

1702 1438 1760 1469 155

1703 1700 1764 1731 160
