1990 3353
117 156 238 210 1108]
533 158 687 198 FROM
723 157 877 196 JOHN
915 157 1086 198 LOUIS
1123 159 1294 198 VIVES
1637 159 1718 198 275

112 267 157 306 in
196 268 391 306 manibus
429 267 710 306 studiosorum
749 268 938 305 omnium
976 267 1219 317 frequentia.
1290 267 1485 317 Dumque
1524 266 1630 305 alter
1667 267 1718 305 ab

111 321 242 361 altero
261 336 334 360 cur
353 322 529 372 quicque
548 322 690 360 fecerit
710 322 914 360 rationem
928 322 1071 371 poscit,
1090 334 1136 360 ac
1155 323 1327 370 vterque
1346 321 1520 360 consilia
1534 321 1718 371 scriptio-

112 390 217 417 num
248 376 437 427 explicat,
468 376 616 415 leuiter
646 376 713 414 vel
746 389 770 415 a
801 388 845 414 se
872 376 1026 414 auertit
1052 376 1123 414 vel
1156 376 1201 413 in
1231 376 1408 414 alterum
1439 375 1581 414 reiecit
1609 376 1718 425 quod

111 434 218 471 alter
255 432 291 470 si
330 444 415 469 non
452 431 728 481 improbabat,
770 432 879 468 certe
916 430 974 468 ita
1011 430 1167 469 factum
1213 443 1302 469 esse
1342 429 1581 477 mirabatur,
1619 429 1719 468 hinc

111 488 246 538 prima
267 486 382 536 origo
402 485 773 524 concertationum.
833 484 993 523 Puduit
1012 486 1222 534 vtrunque
1244 498 1327 523 non
1354 484 1573 534 approbari
1596 484 1719 523 alteri

111 556 187 592 per
205 541 356 580 omnia.
415 540 471 578 Et
491 540 592 577 dum
611 540 779 590 longius
799 538 990 588 repetitis
1008 539 1182 578 consilia
1200 542 1242 578 et
1267 538 1538 578 consiliorum
1561 551 1715 586 causas,

111 596 267 647 prodiit
300 597 373 633 tua
405 594 456 633 ad
496 594 677 632 Fabrum
711 593 928 643 Apologia,
966 606 1070 644 quae
1103 593 1393 632 velitationem
1426 593 1549 644 paulo
1581 593 1718 643 magis

110 650 324 695 accendit;
354 650 454 688 dum
476 651 522 687 tu
543 649 711 687 Budaeo
731 648 888 686 nimius
906 648 1075 695 videris,
1096 650 1167 686 aut
1187 650 1295 686 certe
1313 648 1446 686 videri
1466 649 1646 698 fingeris,
1666 661 1718 686 ne

112 719 255 755 pergas
276 703 369 742 aliis
388 703 555 752 scriptis
575 703 755 741 Fabrum
776 703 987 753 impetere,
1009 702 1089 741 tibi
1108 704 1250 741 contra
1269 702 1398 741 nimis
1418 715 1544 753 quam
1563 715 1719 752 paucus

111 759 381 808 modicusque
399 757 648 796 existimare.

167 814 281 852 Hinc
301 825 566 862 progressum
586 815 648 850 est
671 811 723 850 ad
750 810 824 850 illa
850 824 953 861 quae
981 811 1149 862 quidam
1176 811 1261 850 iam
1287 811 1432 859 nimia,
1458 811 1541 849 iam
1567 811 1718 850 atrocia

111 871 156 907 et
174 867 453 907 intolerabilia
472 866 722 914 iudicarunt,
747 880 876 916 quum
898 866 986 912 tibi,
1010 867 1119 916 quod
1140 879 1274 904 vnum
1294 866 1491 905 Budaeus
1510 867 1612 904 satis
1636 866 1717 904 sibi

111 937 200 962 esse
226 924 356 972 putat,
385 934 602 970 nunquam
628 921 838 959 amicitiae
863 920 1042 959 claustra
1067 921 1290 959 videantur
1315 920 1561 959 excessisse:
1590 933 1637 959 ac
1664 934 1718 959 ne

111 977 218 1016 mihi
238 976 406 1027 quidem
427 989 515 1014 rem
535 977 667 1014 totam
687 976 889 1014 attentius
903 975 1177 1025 perpendenti
1194 989 1204 1022 ;
1228 988 1327 1013 nam
1342 977 1384 1013 et
1399 974 1527 1013 libere
1542 977 1716 1025 vterque

112 1035 175 1071 est
194 1033 370 1076 locutus
393 1031 572 1068 confisus
594 1030 854 1080 simplicitati
875 1029 1092 1068 amicitiae.
1151 1030 1206 1068 Et
1225 1029 1306 1068 ioci
1325 1029 1390 1068 illi
1415 1029 1486 1080 qui
1511 1029 1716 1069 extraneis

110 1087 260 1126 armati
280 1099 325 1124 ac
347 1085 507 1123 dentati
527 1084 831 1132 existimantur,
855 1084 1000 1123 amicis
1021 1085 1205 1123 inermes
1231 1086 1344 1133 sunt,
1368 1097 1453 1122 non
1476 1084 1714 1132 vulnerant,

110 1155 197 1180 non
227 1140 432 1185 mordent,
462 1153 507 1177 ac
536 1139 607 1177 vix
636 1140 762 1178 etiam
792 1141 995 1189 pungunt,
1023 1139 1092 1177 sed
1120 1138 1299 1178 titillant
1327 1139 1475 1177 solum.
1535 1138 1645 1177 Nam
1675 1141 1717 1177 et

110 1197 280 1234 animus
300 1207 380 1245 quo
401 1194 656 1241 dicebantur,
679 1194 787 1232 nihil
809 1195 949 1232 minus
975 1193 1166 1243 cupiebat
1193 1207 1318 1244 quam
1344 1192 1531 1240 laedere;
1561 1195 1602 1231 et
1625 1193 1716 1242 ipsa

112 1250 232 1298 dicta,
256 1250 292 1289 si
312 1261 396 1287 non
416 1249 516 1296 mel,
537 1251 647 1287 certe
671 1261 746 1286 nec
773 1248 831 1287 fel
856 1248 1077 1295 habebant,
1101 1248 1171 1286 sed
1199 1248 1328 1287 salem
1354 1250 1396 1286 et
1422 1248 1551 1296 lusus,
1574 1247 1717 1298 quales

1738 389 1799 421 155

1737 653 1801 686 160

1738 926 1798 966 165

1738 1206 1799 1240 170

110 1305 200 1355 ipsa
232 1317 395 1354 quoque
433 1303 562 1342 dictat
600 1303 810 1342 amicitia:
857 1303 984 1341 etiam
1019 1316 1105 1341 non
1138 1316 1187 1341 ex
1221 1303 1384 1353 vulgari
1416 1304 1526 1350 nota,
1560 1302 1630 1340 sed
1664 1315 1716 1340 ex
1753 1309 1760 1319 ²

109 1359 330 1409 praecipua
359 1357 434 1395 illa
461 1360 502 1396 et
531 1371 738 1407 germana,
772 1357 1006 1395 cuiusmodi
1039 1357 1151 1395 inter
1182 1357 1422 1396 Ciceronem
1456 1360 1497 1394 et
1525 1356 1716 1395 Atticum

110 1414 374 1462 Brutumque
422 1412 510 1459 fuit,
562 1412 634 1462 qui
684 1425 770 1450 sese
818 1412 1049 1462 plerunque
1097 1425 1184 1450 non
1225 1411 1488 1450 absimilibus
1528 1410 1716 1460 epistolis

110 1467 376 1507 lacessebant.

165 1523 285 1562 Certe
304 1522 353 1560 de
372 1520 532 1559 Budaei
553 1534 648 1570 erga
667 1522 708 1558 te
732 1520 886 1568 animo,
909 1521 1080 1559 tametsi
1106 1534 1203 1558 eum
1229 1520 1308 1558 tibi
1331 1520 1715 1570 exploratissimum

109 1576 573 1627 perspectissimumque
593 1588 680 1613 esse
700 1577 764 1613 sat
779 1575 876 1623 scio,
893 1577 1036 1613 tamen
1052 1575 1158 1613 nihil
1174 1588 1258 1613 non
1273 1575 1409 1613 ausim
1425 1574 1504 1612 tibi
1519 1574 1715 1624 polliceri.

111 1631 303 1670 OstendIt
322 1630 395 1668 ille
414 1629 521 1667 mihi
542 1630 685 1668 literas
710 1630 760 1668 ad
782 1642 824 1668 se
851 1643 874 1667 a
899 1629 1020 1667 furiis
1047 1630 1453 1679 quibusdam—nam
1479 1629 1539 1667 sic
1565 1629 1716 1668 melius

110 1700 235 1736 quam
256 1685 450 1723 homines
469 1684 931 1733 nominaro—scriptas‚
952 1684 1023 1733 qui
1045 1684 1231 1722 diuidere
1247 1687 1407 1722 vestros
1426 1683 1589 1722 animos
1607 1686 1649 1722 et
1665 1697 1715 1722 ex

108 1742 230 1779 vnico
246 1741 350 1779 duos
367 1739 498 1777 facere
514 1739 804 1786 moliebantur,
824 1739 1076 1788 suspitiones
1091 1739 1317 1777 afferebant
1333 1738 1501 1776 sinistre
1517 1738 1712 1786 detortas,

111 1798 152 1834 et
186 1795 347 1833 semina
380 1793 587 1832 iactabant
626 1793 926 1832 discordiarum
965 1807 1015 1831 ex
1054 1793 1185 1843 ipsius
1225 1793 1399 1831 Alectus
1437 1793 1532 1831 sinu
1571 1793 1711 1842 petita.

110 1850 209 1888 Dixi
232 1862 334 1899 quae
358 1848 563 1897 mihipro
587 1850 771 1898 tempore
792 1847 1057 1894 videbantur,
1084 1850 1128 1885 vt
1155 1847 1316 1886 Budaei
1345 1847 1522 1895 animus,
1550 1850 1586 1885 si
1614 1847 1714 1896 quid

110 1905 216 1942 forte
245 1916 295 1941 ex
323 1905 440 1941 tanto
469 1916 631 1941 veneno
660 1902 847 1941 acerbius
876 1903 1141 1951 concepisset,
1166 1903 1367 1940 leniretur
1392 1915 1438 1940 ac
1468 1902 1712 1951 placaretur.

111 1958 190 1997 Sed
212 1957 319 1996 nihil
340 1971 432 1996 mea
451 1957 637 1995 oratione
657 1970 761 2006 opus
779 1960 877 1995 erat.
938 1956 1045 1995 Nam
1065 1956 1138 1995 ille
1164 1970 1294 2006 quum
1321 1970 1416 2006 erga
1441 1956 1543 1994 alios
1570 1969 1715 1994 omnes

110 2012 399 2051 tenacissimus
432 2013 495 2050 est
524 2013 737 2061 susceptae
771 2011 987 2058 amicitiae,
1020 2024 1096 2049 nec
1130 2011 1251 2049 facile
1285 2011 1337 2049 ab
1370 2010 1554 2049 amicitia
1587 2011 1714 2048 etiam

110 2067 325 2106 lacessitus
353 2066 505 2104 iniuria
535 2066 718 2105 discedit.
749 2068 841 2104 tum
870 2079 966 2103 vero
995 2069 1037 2104 te
1068 2068 1125 2104 ita
1150 2066 1194 2103 in
1221 2065 1363 2104 animo
1390 2078 1464 2103 suo
1490 2064 1644 2103 amoris
1669 2078 1714 2103 ac

110 2120 393 2160 venerationis
412 2120 621 2158 radicibus
641 2120 797 2163 defixit,
812 2123 860 2158 vt
881 2119 997 2158 nulla
1012 2120 1108 2158 inde
1124 2121 1166 2158 vi
1182 2119 1327 2158 reuelli
1344 2132 1480 2169 queas,
1523 2119 1714 2168 Spondeo

110 2176 188 2214 tibi
217 2189 292 2226 pro
320 2175 406 2222 illo,
437 2177 484 2213 vt
512 2175 576 2212 illi
604 2188 678 2224 pro
704 2177 746 2212 te
769 2175 858 2223 feci,
880 2175 1108 2213 amicitiam
1134 2177 1316 2212 vestram
1344 2176 1589 2224 perpetuam
1614 2174 1712 2218 fore,

111 2244 214 2280 quae
246 2229 391 2278 literis,
427 2242 531 2278 quae
563 2229 714 2267 studiis
747 2229 943 2267 omnibus
977 2230 1087 2267 haud
1122 2229 1245 2267 dubie
1277 2229 1513 2278 gratissima
1550 2241 1716 2277 semper

111 2285 251 2323 futura
269 2286 332 2322 est
351 2297 396 2322 ac
415 2283 649 2322 vtilissima.
709 2283 794 2321 Nec
815 2284 985 2322 huiusce
1011 2283 1069 2321 rei
1090 2284 1287 2321 auderem
1307 2295 1483 2332 sponsor
1508 2295 1607 2329 esse,
1632 2282 1714 2320 nisi

110 2353 185 2377 vos
209 2338 283 2378 tali
310 2338 533 2387 prudentia
552 2338 758 2387 praeditos
785 2351 870 2376 esse
897 2339 1057 2385 scirem,
1080 2340 1125 2376 vt
1153 2337 1275 2375 rebus
1302 2337 1403 2387 ipsis
1430 2337 1524 2375 sitis
1551 2350 1715 2386 semper

112 2394 244 2443 magis
263 2393 456 2431 credituri
475 2405 599 2442 quam
620 2392 887 2439 rumusculis,
903 2406 1027 2443 quam
1049 2392 1405 2438 obtrectatoribus,
1424 2404 1549 2442 quam
1569 2392 1716 2430 amicis

112 2447 438 2495 consulentibus,
461 2447 586 2496 idque
604 2460 731 2496 prauo
751 2446 888 2497 aliquo
906 2447 1089 2485 inductis
1109 2447 1270 2484 affectu.
1330 2446 1407 2484 Sed
1430 2446 1496 2484 his
1515 2446 1565 2483 de
1590 2446 1714 2484 rebus

113 2501 224 2540 satis.
284 2501 412 2550 Spero
437 2514 511 2539 vos
531 2503 617 2539 tam
642 2501 819 2539 feliciter
845 2501 1061 2550 fausteque
1084 2501 1356 2539 fundamenta
1382 2501 1527 2539 iecisse
1553 2502 1716 2538 vestrae

112 2555 328 2602 amicitiae,
351 2558 397 2594 vt
416 2555 458 2594 vi
479 2568 553 2594 sua
573 2558 653 2594 stet
673 2558 884 2605 perpetuo,
908 2570 985 2594 nec
1010 2556 1119 2593 dirui
1146 2558 1217 2594 aut
1244 2555 1483 2594 labefactari
1507 2554 1716 2593 machinis

111 2610 210 2649 vllis
230 2609 368 2658 possit.

169 2664 306 2702 Redeo
322 2663 372 2700 ad
387 2663 767 2713 peregrinationem
784 2677 932 2702 meam.
977 2664 1186 2702 Putarunt
1200 2663 1322 2702 amici
1335 2663 1489 2713 grande
1502 2663 1713 2713 piaculum

114 2719 202 2757 fore
231 2718 268 2756 si
298 2717 536 2766 quindecim
565 2718 652 2757 dies
682 2731 883 2757 cessarem
916 2732 940 2756 a
973 2718 1271 2767 praelegendo3
1314 2719 1374 2757 ita
1402 2731 1566 2756 mecum
1595 2730 1714 2767 agere

114 2775 337 2822 coeperunt
355 2773 402 2809 vt
422 2774 463 2810 et
483 2772 708 2811 Parrhisiis
726 2772 881 2823 aliquid
904 2773 1082 2810 clamose
1103 2785 1289 2822 nugarer.
1351 2772 1526 2811 Placuit.
1580 2773 1643 2810 Ac
1663 2785 1714 2809 ne

115 2827 214 2876 quid
235 2833 342 2864 esset
361 2825 526 2875 serium,
549 2827 772 2865 Somnium
795 2827 1037 2877 delegimus,
1061 2828 1106 2864 in
1132 2839 1213 2876 quo
1239 2826 1275 2864 si
1305 2827 1605 2874 dormitassem,
1629 2839 1712 2864 nou

114 2881 278 2919 viderer
316 2879 524 2918 discedere
561 2894 585 2919 a
623 2881 778 2919 decoro.
839 2882 984 2931 Itaque
1023 2883 1160 2919 iacens
1204 2894 1249 2919 ac
1289 2881 1465 2919 subinde
1503 2880 1714 2918 dormiens

115 2935 338 2974 Somnium
390 2933 476 2972 illis
525 2935 732 2973 somniaui
782 2935 1010 2986 Scipionis;
1066 2948 1089 2972 a
1139 2948 1220 2985 quo
1267 2936 1471 2974 excitatus
1518 2934 1713 2984 parabam

160 3042 231 3073 159.
258 3012 449 3073 Apologia]
471 3032 535 3063 See
552 3031 614 3072 Ep.
636 3041 710 3071 597.
728 3041 806 3071 32n.
942 3034 971 3063 is
987 3036 1022 3064 to
1038 3042 1057 3063 a
1074 3032 1164 3063 book
1188 3033 1310 3064 which
1335 3033 1442 3064 Vives
1463 3032 1653 3073 published
1678 3034 1714 3062 at

159 3086 233 3108 202.
254 3075 461 3117 Somnium]
475 3076 549 3106 The
561 3076 741 3107 reference
752 3076 886 3115 clearly
940 3077 1014 3107 this
1032 3078 1129 3116 time,
1150 3077 1348 3117 consisting
1372 3076 1411 3108 of
1430 3086 1449 3107 a
1480 3077 1688 3107 ‘Somnium
1706 3075 1715 3090 ’

878 3133 951 3158 'r2

1738 1479 1797 1513 175

1738 1743 1798 1775 180

1736 2299 1797 2331 190

1738 2570 1796 2603 195

1736 2839 1797 2861 200
