1990 3353
287 138 368 176 348

752 139 1004 178 LETTERS
1042 138 1113 177 OF
1149 138 1416 178 ERASMUS

1761 137 1886 192 [1520

229 262 267 293 25
287 248 502 286 communi
536 260 689 295 carens,
728 247 897 294 effrons,
933 246 1128 286 muliebri
1166 248 1348 297 procacia
1384 247 1577 298 linguae3
1624 248 1696 298 qui
1733 248 1888 287 relictis

286 302 410 340 rebus
438 302 632 340 omnibus
661 303 827 340 tantum
856 301 1032 340 blaterat
1060 301 1105 340 in
1131 302 1370 350 Erasmum,
1390 315 1464 340 nec
1487 315 1672 352 vnquam
1701 303 1889 351 pudescit

286 359 358 395 aut
377 356 573 395 lassescit.

342 411 420 449 Est
441 411 544 449 alter
563 410 736 448 candido
755 409 894 460 pallio,
916 411 987 449 sed
1012 413 1100 449 ater
1124 411 1274 457 animo,
1299 410 1477 449 stolidus
1502 424 1548 449 ac
1573 410 1766 459 furiosus,
1789 410 1888 449 adeo

288 478 478 503 morosus
497 468 543 503 vt
562 465 641 503 toti
660 464 715 503 sit
740 464 880 514 grauis
905 464 1163 503 Academiae.

230 532 271 563 30
289 519 406 569 plura
425 519 531 557 dixit
552 519 599 557 de
619 532 686 557 me
705 519 749 556 in
771 519 965 557 concione
987 532 1111 568 quam
1132 520 1182 558 de
1202 520 1394 558 Luthero.

1222 465 1305 504 Hic
1332 478 1427 503 cum
1452 465 1681 515 publicaret
1707 465 1886 513 Bullam,

1455 519 1508 557 In
1528 519 1691 569 publica
1711 519 1888 558 lectione

290 586 455 623 semper
475 573 690 611 coniunxit
710 586 865 611 nomen
887 573 1059 612 Lutheri
1079 587 1172 612 cum
1194 587 1310 612 meo:
1339 573 1426 612 imo
1445 573 1489 611 in
1510 574 1687 624 quadam
1713 573 1890 612 lectione

291 627 474 666 Fabrum
514 627 804 677 Stapulensem
842 628 1098 677 perstrinxit.

1172 628 1277 666 Cum
1316 629 1429 666 enim
1467 628 1641 667 dixisset
1685 641 1761 666 nos
1804 640 1890 666 non

291 682 543 729 concordare,
568 683 727 730 adiecit,
755 681 1005 732 ‘Nunquam
1019 680 1029 696 '
1050 682 1199 732 inquit,
1226 682 1442 721 ‘conuenit
1461 683 1568 720 inter
1584 681 1847 721 haereticos’.

345 735 472 773 Hunc
492 737 658 786 sequuti
677 737 758 775 duo
779 750 799 774 e
821 737 1012 775 sodalitio
1033 736 1283 775 Dominicali
1302 738 1389 775 tam
1409 736 1637 775 scurriliter
1652 735 1892 775 debacchati

233 804 271 835 35
290 792 390 828 sunt
410 790 456 828 in
475 803 630 828 nomen
650 804 791 829 meum
811 791 919 840 apud
945 791 1163 840 populum,
1183 796 1230 830 vt
1250 804 1314 829 res
1338 791 1388 829 ad
1414 791 1647 829 tumultum
1673 792 1888 841 spectaret,

290 845 416 883 etiam
445 858 513 882 me
547 845 847 893 dissimulante,
878 847 920 884 et
952 845 1200 884 Academiae
1232 858 1427 896 proceres,
1465 858 1703 895 quanquam
1736 843 1892 894 alioqui

291 899 397 937 mihi
436 912 520 937 non
559 900 784 938 admodum
823 899 956 950 aequi,
995 902 1238 950 cogerentur
1277 899 1362 938 illis
1401 901 1616 949 imponere
1660 899 1886 938 silentium.

293 953 412 991 Idem
433 954 591 992 factum
614 956 675 992 est
695 954 990 1003 Antuuerpiae.

347 1007 499 1057 Brugis
532 1010 619 1046 erat
652 1008 848 1046 Minorita
881 1008 1051 1058 quidam
1084 1021 1107 1046 a
1140 1007 1349 1057 suffragiis
1381 1008 1575 1058 Episcopi
1606 1007 1888 1054 Tornacensis,

235 1075 314 1107 40a
351 1062 449 1100 vino
499 1062 647 1112 lippus,
689 1062 762 1113 qui
808 1064 917 1101 totas
959 1062 1080 1101 horas
1122 1063 1393 1101 deblaterauit
1439 1062 1548 1112 apud
1598 1062 1799 1112 populum
1847 1062 1892 1099 in

291 1116 526 1155 Lutherum
552 1120 594 1155 et
619 1117 853 1164 Erasmum,
884 1117 1060 1155 subinde
1088 1130 1164 1155 nos
1189 1117 1354 1163 bestias,
1383 1118 1532 1165 asinos,
1565 1130 1697 1166 grueS,
1728 1116 1892 1166 stipites

290 1171 513 1220 appellans,
545 1185 620 1210 nec
650 1172 871 1221 quicquam
901 1173 1040 1209 tamen
1074 1171 1278 1210 refellens.

1339 1171 1445 1210 Cum
1477 1171 1522 1209 in
1555 1172 1683 1210 altera
1715 1171 1893 1220 quadam

290 1224 486 1263 concione
505 1225 641 1275 palam
662 1226 836 1264 dixisset
855 1226 898 1263 in
914 1225 1033 1263 libris
1047 1225 1153 1264 meis
1171 1239 1259 1264 esse
1275 1226 1475 1275 quaedam
1491 1225 1704 1272 haeretica,
1724 1225 1894 1274 quidam

290 1293 311 1317 e
331 1279 579 1328 magistratu
599 1281 743 1318 doctus
761 1280 862 1318 adiit
881 1280 1111 1328 hominem,
1135 1281 1300 1330 rogauit
1320 1281 1418 1329 quid
1439 1284 1547 1319 esset
1572 1280 1619 1318 in
1646 1280 1765 1318 libris
1789 1279 1894 1317 meis

233 1348 273 1378 45
291 1334 385 1372 tale.
426 1333 532 1372 Vide
552 1335 651 1383 quid
668 1335 736 1372 1110
756 1334 1013 1384 responderit
1033 1348 1173 1373 scurra
1192 1335 1431 1384 Episcopus.
1476 1337 1485 1354 ⁶
1500 1334 1596 1373 Non
1616 1334 1697 1384 legi
1712 1332 1721 1347 ⁹
1741 1334 1890 1383 inquit,

296 1390 304 1406 ‘
317 1388 444 1427 libros
470 1389 645 1428 Erasmi.

291 1443 386 1481 alta.

291 1496 559 1536 Latinitatem
574 1498 594 1535 ’.

705 1388 833 1427 Volui
858 1389 990 1439 legere
1018 1389 1302 1438 Paraphrases,
1333 1389 1404 1427 sed
1431 1389 1637 1427 Latinitas
1659 1390 1745 1426 erat
1765 1388 1893 1426 nimis

438 1443 583 1481 Timeo
604 1443 730 1493 igitur
751 1457 803 1482 ne
822 1443 954 1493 possit
974 1443 1057 1481 labi
1075 1443 1121 1481 in
1141 1443 1325 1493 aliquam
1345 1443 1559 1492 haeresim,
1577 1444 1746 1493 propter
1764 1442 1893 1481 altam

348 1551 468 1591 Tales
497 1555 595 1590 sunt
625 1552 707 1590 fere
737 1565 881 1590 omnes
910 1552 983 1601 qui
1011 1552 1079 1590 hic
1108 1552 1290 1590 clamant
1318 1552 1363 1590 in
1393 1552 1636 1599 Lutherum,
1669 1553 1710 1589 et
1739 1551 1820 1600 qui,
1847 1552 1894 1590 vt

234 1620 275 1650 50
292 1605 394 1655 ipsis
413 1607 590 1654 videtur,
610 1606 841 1645 defendunt
860 1607 1001 1644 sedem
1022 1607 1253 1645 Romanam
1270 1621 1278 1644 :
1309 1607 1427 1644 cuius
1449 1606 1644 1656 dignitati
1664 1618 1786 1644 nemo
1807 1618 1892 1643 non

292 1660 457 1707 fauebit,
480 1661 551 1699 sed
571 1661 648 1699 hos
668 1661 833 1699 rabulas
854 1674 1068 1711 nunquam
1089 1661 1221 1699 ferent
1241 1661 1395 1699 cordati
1414 1660 1505 1698 viri.
1548 1660 1678 1709 rQuos
1697 1660 1732 1698 si
1753 1662 1894 1699 nosset

293 1715 491 1753 Pontifex
511 1716 569 1753 ita
588 1722 634 1753 vt
655 1729 730 1753 nos
748 1715 956 1762 nouimus,
978 1715 1022 1753 in
1043 1715 1183 1753 nullos
1210 1715 1342 1764 magis
1362 1715 1539 1753 saeuiret
1559 1728 1681 1764 quam
1706 1714 1751 1752 in
1777 1714 1889 1752 istos.

293 1769 465 1808 Vtinam
488 1772 593 1808 esset
614 1770 721 1807 1111111
741 1772 907 1807 tantum
927 1769 1162 1808 autoritatis
1187 1770 1294 1818 apud
1322 1768 1571 1807 Pontificem
1597 1771 1802 1818 quantum
1829 1771 1893 1807 est

292 1836 517 1872 syncerum
561 1823 693 1862 animi
736 1824 819 1862 mei
856 1824 1043 1862 studium
1083 1837 1178 1874 erga
1214 1823 1331 1861 illius
1368 1823 1640 1872 dignitatem!
1689 1823 1893 1862 dedissem

234 1892 273 1924 55
293 1877 514 1916 consilium
549 1880 591 1916 et
623 1878 703 1927 ipsi
737 1878 1039 1916 conducibilius
1070 1880 1112 1916 et
1143 1878 1231 1916 orbi
1272 1877 1488 1916 salubrius.

1550 1878 1810 1917 Clamor-ibus
1848 1890 1894 1915 ac

293 1933 519 1971 terroribus
538 1933 725 1971 fortassis
751 1933 828 1971 hoc
849 1933 931 1980 fiet,
955 1935 1001 1972 vt
1021 1933 1182 1970 malum
1201 1932 1249 1970 ad
1272 1934 1436 1981 tempus
1462 1934 1682 1981 prematur,
1706 1932 1776 1970 sed
1797 1944 1895 1969 mox

295 1987 450 2024 maiore
479 1987 660 2036 pernicie
690 1990 948 2036 erupturum.
1010 1986 1090 2025 His
1120 1986 1352 2025 rationibus
1380 1986 1589 2033 efficietur,
1614 2000 1699 2025 non
1724 1989 1772 2024 vt
1798 1998 1893 2035 pau-

295 2041 423 2079 ciores
442 2041 627 2079 Luthero
648 2042 819 2080 faueant
839 2044 911 2080 aut
930 2041 1082 2079 melius
1103 2041 1152 2079 de
1173 2041 1359 2078 Romano
1379 2039 1582 2078 Pontifice
1603 2041 1798 2087 sentiant,
1823 2039 1893 2078 sed

292 2099 339 2133 vt
378 2096 537 2134 cautius
576 2096 857 2134 dissimulent.

917 2095 1132 2134 Hactenus
1170 2098 1278 2133 certe
1315 2095 1498 2134 vidimus
1536 2095 1626 2133 fieri
1659 2097 1706 2134 vt
1744 2095 1893 2133 horum

957 2223 1009 2252 49.
1034 2212 1095 2243 hic
1111 2222 1169 2243 om.
1188 2214 1230 2244 N.

337 2297 388 2326 28.
415 2296 518 2336 alter]
546 2295 812 2335 Egmondanus,
832 2295 894 2325 the
915 2294 1059 2324 ‘white

295 2339 438 2378 Friar'3
463 2340 504 2369 cf.
527 2340 587 2379 Ep.
608 2341 700 2378 1196.
723 2341 839 2378 105-6.

383 2383 536 2413 candido
560 2382 685 2423 pallio]
713 2383 764 2413 Cf.
790 2383 878 2421 Epp.
895 2391 989 2420 1153.
1004 2382 1056 2420 89,

300 2427 390 2465 1196.
414 2429 485 2465 106,
505 2428 579 2465 562,
603 2436 696 2464 1225.
721 2436 769 2465 15,
789 2435 882 2464 1235.
900 2426 975 2464 5-6.

339 2480 391 2508 32.
418 2470 588 2510 Fabi-um]
614 2470 896 2500 Thisutterance
913 2470 943 2498 is
954 2469 1060 2508 given

297 2516 390 2543 most
407 2514 499 2552 fully
516 2514 553 2543 111
572 2514 634 2544 the
650 2516 799 2551 Apoloqla
817 2523 879 2550 (sua
894 2515 1061 2551 respondet,

296 2558 334 2587 f0.
356 2556 396 2586 F³
413 2560 460 2593 νῦ,
480 2557 599 2587 Jortin
625 2557 660 2586 ii.
682 2566 742 2595 521
764 2568 771 2595 ;
794 2557 836 2587 cf.
858 2556 944 2596 Epp.
966 2557 1057 2586 1162.

301 2610 438 2640 129ᾼ32,
459 2610 551 2640 1192.
571 2610 665 2638 51-2,
688 2602 779 2639 1196.
797 2609 915 2639 574—5.

339 2654 391 2682 34.
419 2644 505 2684 duo]
533 2643 726 2683 Evidently
755 2645 817 2674 the
847 2643 1060 2673 Dominican

299 2688 398 2717 Prior
424 2687 503 2726 (Ep.
528 2689 619 2725 1164.
639 2688 724 2726 4811)
749 2687 821 2717 and
844 2687 1060 2718 Laurentius

301 2732 379 2771 (Ep.
404 2731 495 2760 1166.
517 2732 620 2769 2611);
645 2731 687 2761 cf.
710 2731 772 2770 Ep.
797 2741 887 2769 1147.
908 2740 961 2769 91.

341 2775 394 2813 38.
423 2774 686 2814 Antuuerpiav]
705 2774 755 2804 Cf.
774 2775 836 2813 Ep.
854 2784 947 2813 1192.
963 2783 1058 2812 41—4.

342 2828 394 2857 39.
423 2817 608 2853 Minoi-ita]

301 2861 509 2899 (Burellus),
536 2872 555 2891 a
582 2861 793 2891 Franciscan
823 2862 861 2891 of
884 2861 1058 2899 Tonrnay,

298 2905 369 2935 and
400 2904 568 2934 bacheler
605 2906 643 2934 of
678 2905 854 2944 theolog-45.
902 2905 959 2935 He
991 2913 1063 2934 was

300 2948 495 2988 appointed
534 2948 709 2987 suffragan
750 2950 786 2978 to
826 2949 887 2978 the
926 2949 985 2987 Bp.
1028 2948 1065 2977 of

296 2993 459 3031 'l'ournay
489 3002 507 3021 2
538 2992 617 3021 Dec.
652 3000 743 3031 1519,
771 2991 860 3021 with
891 2992 952 3021 the
980 2991 1060 3021 title

297 3036 334 3065 of
347 3035 410 3075 Bp.
431 3035 468 3065 of
482 3036 650 3074 Sarepta:
678 3036 699 3072 †
717 3044 809 3074 1551.
860 3035 1060 3065 Numcrous

649 2818 818 2848 Nicholas
853 2819 890 2848 of
920 2818 1061 2848 Bureau
1088 2837 1095 2845 .

1127 2295 1227 2329 dates
1243 2295 1281 2325 of
1301 2294 1358 2324 his
1382 2295 1506 2325 official
1524 2302 1598 2325 acts
1614 2295 1704 2325 have
1721 2295 1811 2325 been
1827 2292 1894 2324 col-

1128 2339 1243 2368 lected
1286 2338 1332 2376 by
1365 2338 1453 2368 Doni
1491 2339 1534 2370 U.
1570 2339 1726 2369 Berliere
1762 2339 1800 2368 in
1838 2340 1896 2368 Les

1127 2384 1246 2419 (seques
1259 2384 1445 2412 auriliaires
1457 2385 1492 2413 cle
1507 2385 1651 2412 (ἀπών-αι’
1661 2386 1687 2413 εἰ
1696 2385 1731 2412 de
1747 2384 1892 2420 Tonrnai,

1132 2435 1237 2464 1905:
1263 2435 1319 2455 see
1345 2426 1417 2455 also
1447 2428 1486 2456 G.
1507 2426 1626 2465 Brom,
1654 2427 1838 2456 Archiralia
1861 2427 1896 2455 in

1129 2472 1227 2507 Italic,
1243 2469 1265 2508 i,
1282 2470 1374 2508 1908,
1388 2478 1442 2500 no.
1461 2479 1552 2509 1254,
1568 2470 1639 2500 and
1650 2469 1718 2499 GC.
1734 2469 1785 2499 iii.
1796 2477 1895 2507 4521),

1131 2522 1226 2551 23913.
1266 2512 1434 2543 Erasmus
1446 2513 1616 2552 appealed
1632 2515 1668 2544 to
1684 2513 1746 2542 the
1760 2512 1896 2551 Bishop

1131 2557 1168 2586 of
1195 2557 1360 2595 Tournay
1389 2556 1528 2596 against
1558 2557 1638 2587 him
1665 2556 1742 2595 (Ep.
1782 2555 1894 2594 1212),

1131 2600 1314 2639 repeating
1330 2600 1405 2629 this
1429 2602 1525 2639 story
1541 2600 1631 2630 with
1660 2600 1756 2630 little
1782 2600 1896 2629 varia-

1129 2644 1229 2681 ti0n;
1252 2654 1289 2673 as
1313 2643 1387 2673 also
1411 2644 1450 2673 in
1475 2644 1561 2683 Epp.
1591 2654 1673 2683 1192
1699 2643 1771 2673 and
1798 2642 1892 2682 1581.

1130 2688 1180 2718 Cf.
1214 2687 1274 2726 Ep.
1310 2687 1399 2725 1183.
1435 2688 1517 2725 1283
1541 2687 1661 2718 where
1687 2690 1749 2717 alta
1779 2686 1816 2726 (l.
1836 2687 1894 2726 47)

1130 2732 1289 2761 becomes
1305 2734 1442 2760 obscura.

1173 2785 1224 2812 44.
1252 2786 1270 2803 e
1289 2773 1517 2814 magistratu]
1536 2773 1753 2813 Verylikcly
1767 2773 1894 2804 Crane-

1130 2818 1222 2848 velt:
1249 2828 1305 2847 see
1323 2818 1384 2856 Ep.
1407 2827 1499 2856 1145.

1174 2871 1225 2898 47.
1253 2860 1380 2901 possit]
1409 2861 1496 2891 This
1524 2860 1647 2891 rather
1673 2859 1895 2899 unexpected

1134 2906 1190 2937 wf-
1208 2905 1268 2944 Ep.
1290 2914 1380 2943 1192.
1398 2905 1439 2943 38
1454 2915 1499 2935 cr.
1518 2906 1558 2939 n)
1573 2904 1720 2943 reading
1738 2905 1767 2933 is
1784 2902 1893 2934 found

1131 2949 1168 2978 in
1202 2948 1248 2978 all
1280 2948 1340 2978 the
1369 2948 1471 2978 other
1499 2949 1658 2978 versions
1684 2948 1723 2986 gl.
1751 2952 1834 2986 3911)
1859 2946 1898 2977 of

1130 2992 1191 3022 the
1209 2994 1315 3030 story.

1173 3044 1215 3074 55
1253 3034 1461 3075 consilium]
1479 3034 1530 3066 Of.
1548 3044 1581 3074 p.
1601 3043 1676 3073 357,
1697 3033 1767 3064 and
1794 3034 1814 3063 1.
1835 3042 1892 3071 411.
