1990 3353
306 118 387 158 434
776 118 1027 158 LETTERS
1067 119 1135 158 OF
1172 118 1441 159 ERASMUS
1782 117 1909 172 [1520

306 227 457 268 College,
476 227 558 258 who
582 226 669 258 then
695 226 821 257 owned
848 227 886 257 it.
936 226 970 257 It
1000 226 1064 257 has
1092 236 1172 257 now
1200 227 1290 258 been
1316 227 1485 266 acquired
1509 228 1556 267 by
1572 227 1668 260 Prof.
1685 228 1910 269 Campagnac

306 271 360 302 for
377 272 439 302 the
456 271 606 311 Library
623 270 662 301 of
681 271 743 301 the
761 270 1000 310 Department
1016 270 1054 300 of
1067 269 1265 301 Education
1283 273 1320 302 at
1337 271 1523 311 Liverpool
1540 271 1782 313 University.]

398 358 602 388 ERASMVS
634 357 971 388 ROTERODAMVS
1002 357 1275 388 GODOFREDO
1305 358 1464 388 RHODO
1497 357 1687 388 STEGRIO
1720 358 1754 390 S.
1777 358 1819 388 D.

358 440 422 478 VT
441 439 573 477 serius
592 438 643 476 ad
662 440 736 477 tua
754 438 908 487 scripta
928 438 1225 488 responderim,
1251 439 1398 478 Rhode
1423 438 1672 487 charissime,
1695 439 1817 478 turba
1841 452 1908 478 me

305 493 437 532 literis
457 495 580 543 atque
600 492 726 530 etiam
746 492 902 531 libellis
922 492 1283 542 interpellantium
1304 493 1400 532 fecit
1418 507 1426 540 ;
1456 506 1509 531 ne
1528 506 1653 543 quam
1673 493 1908 532 inhumani-

305 548 402 586 tatis
428 549 501 586 aut
526 547 680 586 fastidii
706 546 984 596 suspicionem
1012 547 1063 586 de
1092 560 1159 585 me
1188 548 1406 598 concipias.
1469 548 1632 598 Ingeris
1660 547 1766 586 mihi
1794 561 1908 587 meos

303 602 487 641 labores:
517 601 589 651 qui
607 601 770 640 vtinam
792 603 865 639 aut
883 602 971 640 tam
990 601 1114 640 vtiles
1133 603 1272 640 essent
1291 602 1381 640 orbi
1401 605 1471 641 aut
1495 604 1584 640 tam
1608 602 1748 640 felices
1773 603 1905 641 autori

265 676 282 706 5
304 670 428 706 quam
448 658 548 695 sunt
568 655 805 695 numerosi!
863 655 943 694 Sed
965 668 1089 705 quam
1110 656 1217 694 mihi
1237 656 1429 706 displicui
1450 657 1494 695 in
1518 659 1590 695 tuo
1617 657 1796 706 speculo,
1820 661 1907 695 tam

304 714 427 749 tuum
448 710 555 749 mihi
575 710 731 760 placuit
751 710 979 759 ingenium.
1040 710 1184 759 Neque
1204 711 1317 749 enim
1338 711 1424 749 illic
1445 713 1485 749 te
1506 711 1648 749 minus
1666 710 1754 749 vidi
1781 724 1905 761 quam

303 765 512 815 meipsum
530 779 538 811 ;
567 777 613 803 ac
632 764 836 803 libentius
856 766 972 803 tuam
991 764 1137 802 faciem
1158 765 1465 814 contemplatus
1484 778 1578 804 sum
1604 778 1729 814 quam
1756 778 1903 803 meam.

303 819 467 858 Placuit
498 819 715 870 ingenium
752 832 901 857 sanum
930 832 974 857 ac
1004 819 1115 865 felix,
1147 818 1346 867 sobrium,
1378 819 1484 858 nihil
1513 819 1671 858 habens
1699 819 1906 869 ineptiae3

301 874 460 924 placuit
483 874 635 912 candor
662 886 706 912 ac
734 873 953 919 modestia,
974 873 1128 922 placuit
1155 873 1319 923 phrasis
1346 887 1421 912 nec
1447 873 1704 912 affectatione
1730 873 1907 912 molesta

244 945 282 966 To
301 942 374 966 nec
404 928 600 967 inanibus
622 927 760 966 verbis
790 928 1039 966 redundans.
1101 927 1193 965 Iam
1222 927 1327 966 illud
1357 928 1483 966 etiam
1512 928 1784 966 vehementer
1812 941 1904 966 sum

299 982 538 1031 admiratus,
581 986 622 1020 te
667 982 712 1020 in
756 982 940 1020 carmine
979 995 1058 1031 quo
1095 982 1167 1020 vix
1205 982 1317 1020 aliud
1356 982 1518 1032 legibus
1554 981 1777 1029 astrictius,
1816 985 1904 1021 tam

300 1037 517 1076 commode
547 1037 654 1086 quod
685 1036 816 1075 sentis
845 1035 1000 1086 eloqui,
1028 1036 1273 1086 praesertim
1306 1050 1401 1074 cum
1431 1039 1725 1086 argumentum
1754 1038 1904 1075 tractes

299 1093 339 1129 et
362 1092 548 1129 ieiunum
568 1093 610 1129 et
630 1091 910 1129 inamoenum.
970 1090 1025 1129 Et
1046 1091 1155 1129 haud
1184 1090 1267 1129 scio
1295 1104 1348 1129 an
1375 1092 1452 1129 hoc
1478 1090 1652 1129 consilio
1678 1091 1905 1140 sumpseris

300 1146 483 1184 sterilem
511 1147 552 1183 et
577 1144 790 1183 infelicem
816 1145 1045 1192 materiam,
1073 1158 1154 1194 quo
1184 1145 1317 1184 maior
1345 1148 1451 1184 esset
1479 1145 1639 1195 ingenii
1668 1145 1730 1183 tui
1759 1144 1902 1194 gloria,

243 1217 277 1249 ¹5
299 1200 371 1250 qui
390 1200 572 1249 potueris
590 1199 861 1250 elephantum
882 1213 903 1237 e
924 1212 1064 1238 musca
1083 1199 1227 1238 facere.
1287 1200 1395 1238 Nam
1416 1199 1520 1238 illud
1548 1199 1652 1238 mihi
1679 1199 1901 1249 displicuit,

298 1255 407 1304 quod
447 1253 671 1292 immeritis
709 1256 751 1292 et
789 1253 1025 1292 immodicis
1063 1253 1256 1292 laudibus
1298 1253 1406 1292 nihil
1442 1254 1553 1292 aliud
1593 1267 1716 1304 quam
1760 1267 1903 1292 oneras

298 1308 532 1347 Erasmum.
591 1308 836 1358 Quanquam
863 1308 941 1346 hoc
966 1308 1049 1346 iam
1078 1309 1178 1346 adeo
1207 1308 1377 1346 solenne
1406 1310 1468 1347 est
1491 1309 1633 1358 generi
1660 1309 1832 1358 poetico,
1857 1311 1902 1346 vt

299 1377 371 1402 ceu
392 1363 482 1402 iure
502 1363 836 1413 praescriptionis
857 1362 898 1400 id
919 1364 1027 1400 recte
1046 1363 1178 1401 facere
1198 1363 1430 1401 videantur.

353 1418 470 1465 Quod
498 1417 581 1456 nisi
608 1418 777 1456 fortuna
802 1419 888 1456 tam
917 1417 1059 1466 iniqua
1084 1430 1218 1455 essem
1242 1419 1289 1456 vt
1315 1430 1438 1455 nemo
1467 1417 1599 1467 possit
1625 1430 1648 1455 a
1673 1429 1741 1454 me
1766 1416 1900 1455 vllum

241 1489 279 1510 20
298 1485 460 1521 sperare
481 1472 672 1519 officium,
696 1472 884 1510 fortassis
903 1472 1129 1510 existerent
1151 1472 1222 1521 qui
1244 1485 1318 1510 sua
1338 1471 1569 1521 suspicione
1593 1484 1677 1509 non
1699 1471 1841 1509 minus
1861 1473 1901 1509 te

298 1528 519 1575 grauarent
539 1539 663 1576 quam
684 1539 772 1564 me:
802 1528 841 1564 te
863 1526 933 1576 qui
961 1539 1029 1564 me
1055 1526 1248 1564 laudibus
1274 1529 1492 1575 captasses,
1515 1539 1582 1563 me
1609 1525 1681 1575 qui
1707 1525 1901 1564 laudibus

298 1580 540 1619 huiusmodi
561 1580 799 1619 delectarer,
848 1580 936 1628 Quo
956 1580 1091 1629 magis
1111 1580 1279 1619 miseret
1300 1594 1366 1618 me
1386 1581 1449 1621 tui
1470 1580 1541 1628 qui
1561 1582 1727 1617 tantum
1748 1579 1902 1618 laboris

297 1635 449 1684 absque
483 1635 621 1673 fructu
655 1635 907 1684 susceperis3
951 1635 1286 1684 quandoquidem
1321 1648 1371 1672 ne
1406 1635 1512 1672 illud
1544 1634 1711 1684 quidem
1746 1633 1900 1684 gratiae

297 1689 531 1727 rediturum
552 1691 614 1727 est
633 1701 656 1727 a
676 1703 743 1727 me
764 1689 874 1739 quod
894 1688 1074 1726 inuicem
1097 1689 1175 1726 sibi
1196 1691 1403 1738 praestant
1429 1701 1475 1727 ac
1499 1689 1685 1726 referunt
1712 1687 1900 1727 iumenta

238 1761 249 1781 2
258 1759 274 1790 5
297 1745 492 1782 mutuum
523 1743 738 1782 scabentia.
800 1743 862 1781 Ne
896 1746 1035 1781 tamen
1070 1743 1178 1781 nihil
1212 1744 1386 1781 omnino
1408 1743 1642 1792 rependam
1673 1742 1796 1780 officii
1824 1755 1899 1792 pro

296 1800 381 1836 tam
404 1798 576 1836 candido
595 1797 727 1836 animi
747 1798 809 1836 tui
828 1799 872 1836 in
894 1810 961 1835 me
986 1798 1135 1845 studio,
1159 1797 1329 1836 consulo
1350 1800 1396 1835 vt
1423 1798 1594 1847 posthac
1620 1797 1749 1835 bonas
1776 1797 1899 1835 horas

295 1852 339 1890 in
370 1852 610 1890 melioribus
639 1852 757 1890 libris
787 1852 983 1899 colloces;
1023 1865 1098 1890 nec
1128 1865 1313 1901 vnquam
1344 1852 1387 1889 in
1421 1864 1570 1890 manus
1600 1864 1764 1889 sumere
1792 1851 1899 1889 velis

296 1906 461 1944 Erasmi
481 1906 661 1954 naenias,
680 1906 763 1945 nisi
783 1920 913 1956 quum
934 1906 1041 1944 nihil
1062 1908 1123 1944 est
1143 1907 1347 1944 bonorum
1368 1906 1645 1944 voluminum.
1695 1905 1762 1943 Ad
1784 1905 1894 1953 haec,

294 1961 330 1999 si
351 1961 517 2010 quando
535 1961 652 2000 voles
671 1974 855 1999 exercere
875 1960 1020 1999 stilum
1041 1963 1082 1998 et
1103 1974 1291 1999 exercere
1306 1973 1455 1998 venam
1473 1959 1630 2009 ingenii
1646 1961 1719 2006 tui,
1740 1959 1897 2009 deligas

234 2030 275 2061 30
295 2017 589 2065 argumentum
622 2015 792 2054 felicius.
857 2015 971 2062 Vale,
1008 2015 1067 2052 mi
1102 2015 1256 2061 Rhode,
1293 2016 1382 2052 tam
1415 2015 1636 2052 habiturus
1670 2014 1896 2052 Erasmum.

294 2070 505 2108 fauentem
526 2083 651 2119 quam
672 2072 717 2107 tu
739 2070 788 2108 de
808 2069 930 2108 bonis
950 2069 1083 2108 literis
1103 2069 1207 2107 bene
1228 2069 1462 2107 mereberis.

347 2123 533 2162 Louanii.
554 2125 680 2163 Anno
700 2124 755 2162 M.
771 2124 817 2162 D.
834 2137 901 2162 xx.

691 2237 815 2276 1179.
878 2236 941 2276 ΤΟ
973 2236 1216 2276 MATTHEW
1250 2234 1503 2278 SGHINNER.

342 2325 589 2370 Paraphrases
608 2325 647 2360 in
666 2325 857 2370 Epistolas
876 2326 1097 2367 Canonieas‚
1118 2326 1160 2361 f’.
1180 2326 1224 2361 IS.
1550 2324 1726 2360 Louvain.

341 2383 454 2418 Lond.
474 2383 572 2418 xxix.
593 2386 660 2428 78:
687 2385 760 2419 LB.
779 2384 841 2419 vii.
865 2395 964 2428 1141.
1462 2385 1483 2418 6
1502 2384 1668 2428 ¹lanuary
1690 2382 1844 2429 (1521).

336 2465 424 2505 [The
441 2465 579 2504 preface
597 2468 632 2496 to
649 2466 712 2496 the
731 2466 949 2506 Paraphrase
964 2476 1007 2496 on
1023 2466 1085 2496 the
1103 2465 1257 2505 Epistles
1268 2466 1305 2495 of
1319 2465 1368 2496 St.
1380 2465 1490 2505 John,
1510 2466 1548 2496 in
1567 2465 1628 2496 the
1644 2465 1785 2496 volume
1801 2464 1892 2495 from

291 2508 409 2538 which
428 2509 489 2548 Ep.
512 2519 588 2548 1171
609 2509 751 2550 comes]

322 2597 359 2625 lt.
393 2596 433 2625 D.
468 2596 509 2625 D.
539 2596 790 2626 MATTHAEO
823 2596 956 2626 CARD.
989 2595 1254 2634 SEDVNENSI,
1287 2596 1388 2625 COM.
1421 2596 1620 2634 VALESII,
1655 2594 1863 2626 ERASMVS

915 2663 1137 2694 ROTEROD.
1171 2666 1203 2694 S.
1228 2664 1270 2693 D.

347 2743 492 2781 Nvm-:R
523 2744 720 2783 Iacobum
755 2745 946 2783 dedimus
983 2746 1025 2782 et
1058 2743 1206 2781 Latine
1246 2744 1484 2794 loquentem
1525 2746 1565 2782 et
1601 2744 1889 2793 explanatius;

294 2811 405 2836 nuno
429 2798 627 2836 Ioannem
650 2800 807 2846 damus,
833 2801 880 2837 vt
909 2801 949 2837 et
978 2811 1054 2836 nos
1083 2798 1283 2847 paulatim
1314 2811 1530 2847 carpamus
1559 2799 1694 2848 operis
1723 2797 1885 2847 parteis,

335 2881 428 2913 1178.
459 2891 508 2913 11.
535 2884 585 2912 H:
612 2883 782 2913 astrictus
805 2885 836 2913 F.
1104 2890 1153 2920 13.
1181 2882 1375 2921 sumpseris
1393 2884 1419 2911 F
1435 2884 1548 2920 Com-iq.
1566 2893 1572 2912 ε
1599 2882 1836 2921 suppresseris
1850 2884 1886 2912 F.

289 2938 340 2966 ²3-
367 2927 418 2957 H:
444 2927 558 2965 abque
576 2928 609 2956 F.
746 2936 798 2966 29.
822 2925 887 2956 58⁷2:
913 2926 1054 2965 delegas·
1070 2928 1103 2955 F.

735 3003 829 3032 1175.
860 3013 907 3042 19.
933 3001 1091 3041 fortuna]
1121 3001 1170 3031 Cf.
1196 3001 1257 3040 Ep.
1281 3011 1373 3033 1102.
1393 3003 1451 3032 611.
