<?xml version="1.0" encoding="UTF-8"?>
<!DOCTYPE html PUBLIC "-//W3C//DTD XHTML 1.0 Transitional//EN"
    "http://www.w3.org/TR/xhtml1/DTD/xhtml1-transitional.dtd">
<html xmlns="http://www.w3.org/1999/xhtml" xml:lang="en" lang="en">
 <head>
  <title>
</title>
<meta http-equiv="Content-Type" content="text/html;charset=utf-8" />
  <meta name='ocr-system' content='tesseract 3.04.00' />
  <meta name='ocr-capabilities' content='ocr_page ocr_carea ocr_par ocr_line ocrx_word'/>
</head>
<body>
  <div class='ocr_page' id='page_1' title='image "./opusepistolarumd04erasuoft_0103.png"; bbox 0 0 1990 3353; ppageno 0'>
   <div class='ocr_carea' id='block_1_1' title="bbox 96 125 1693 180">
    <p class='ocr_par' dir='ltr' id='par_1_1' title="bbox 96 125 1693 180">
     <span class='ocr_line' id='line_1_1' title="bbox 96 125 1693 180; baseline 0.001 -15"><span class='ocrx_word' id='word_1_1' title='bbox 96 125 217 180; x_wconf 89' lang='grc'>1011]</span> <span class='ocrx_word' id='word_1_2' title='bbox 505 126 659 164; x_wconf 83' lang='lat' dir='ltr'>FROM</span> <span class='ocrx_word' id='word_1_3' title='bbox 696 125 963 164; x_wconf 86' lang='lat' dir='ltr'><strong>WILLIAM</strong></span> <span class='ocrx_word' id='word_1_4' title='bbox 1001 125 1273 164; x_wconf 85' lang='lat' dir='ltr'><strong>BUDAEUS</strong></span> <span class='ocrx_word' id='word_1_5' title='bbox 1641 128 1693 166; x_wconf 81' lang='lat'>63</span> 
     </span>
    </p>
   </div>
   <div class='ocr_carea' id='block_1_2' title="bbox 89 232 1694 394">
    <p class='ocr_par' dir='ltr' id='par_1_2' title="bbox 89 232 1694 394">
     <span class='ocr_line' id='line_1_2' title="bbox 146 232 1694 286; baseline 0.002 -15"><span class='ocrx_word' id='word_1_6' title='bbox 146 233 194 272; x_wconf 89' lang='grc' dir='ltr'>Τι’</span> <span class='ocrx_word' id='word_1_7' title='bbox 220 233 284 272; x_wconf 75' lang='grc' dir='ltr'>οὖν</span> <span class='ocrx_word' id='word_1_8' title='bbox 312 234 405 283; x_wconf 81' lang='grc' dir='ltr'>πρὸς</span> <span class='ocrx_word' id='word_1_9' title='bbox 438 233 548 279; x_wconf 83' lang='grc' dir='ltr'>θεοῦ;</span> <span class='ocrx_word' id='word_1_10' title='bbox 586 233 689 271; x_wconf 82' lang='grc' dir='ltr'>ἔστιν</span> <span class='ocrx_word' id='word_1_11' title='bbox 721 232 826 272; x_wconf 84' lang='grc' dir='ltr'>ὅστις</span> <span class='ocrx_word' id='word_1_12' title='bbox 852 236 925 271; x_wconf 87' lang='grc' dir='ltr'>τῶν</span> <span class='ocrx_word' id='word_1_13' title='bbox 953 236 1082 272; x_wconf 81' lang='grc' dir='ltr'>κοινῶν</span> <span class='ocrx_word' id='word_1_14' title='bbox 1109 234 1199 282; x_wconf 83' lang='grc' dir='ltr'>ἡμῖν</span> <span class='ocrx_word' id='word_1_15' title='bbox 1227 234 1349 282; x_wconf 88' lang='grc' dir='ltr'>φίλων</span> <span class='ocrx_word' id='word_1_16' title='bbox 1378 237 1416 273; x_wconf 84' lang='grc' dir='ltr'>ἐν</span> <span class='ocrx_word' id='word_1_17' title='bbox 1448 236 1553 286; x_wconf 73' lang='grc' dir='ltr'>καλῷ</span> <span class='ocrx_word' id='word_1_18' title='bbox 1584 238 1694 275; x_wconf 89' lang='grc' dir='ltr'>τοῦτο</span> 
     </span>
     <span class='ocr_line' id='line_1_3' title="bbox 90 286 1694 340; baseline 0.001 -14"><span class='ocrx_word' id='word_1_19' title='bbox 90 287 299 337; x_wconf 70' lang='grc' dir='ltr'>θήσεται,”</span> <span class='ocrx_word' id='word_1_20' title='bbox 278 305 335 326; x_wconf 87' lang='grc' dir='ltr'>οτι</span> <span class='ocrx_word' id='word_1_21' title='bbox 352 290 463 338; x_wconf 92' lang='grc' dir='ltr'>τριῶν</span> <span class='ocrx_word' id='word_1_22' title='bbox 488 286 549 325; x_wconf 77' lang='grc' dir='ltr'>ὑπ’</span> <span class='ocrx_word' id='word_1_23' title='bbox 574 290 664 336; x_wconf 94' lang='grc' dir='ltr'>ἐμοῦ</span> <span class='ocrx_word' id='word_1_24' title='bbox 689 290 907 338; x_wconf 82' lang='grc' dir='ltr'>γραφεισῶν</span> <span class='ocrx_word' id='word_1_25' title='bbox 927 287 1060 336; x_wconf 81' lang='grc' dir='ltr'>ἐφεξῆς</span> <span class='ocrx_word' id='word_1_26' title='bbox 1085 290 1307 333; x_wconf 83' lang='grc' dir='ltr'>ἐπιστολῶν,</span> <span class='ocrx_word' id='word_1_27' title='bbox 1327 292 1396 340; x_wconf 73' lang='grc' dir='ltr'>μιᾷ</span> <span class='ocrx_word' id='word_1_28' title='bbox 1415 292 1484 339; x_wconf 82' lang='grc' dir='ltr'>μὲν</span> <span class='ocrx_word' id='word_1_29' title='bbox 1506 290 1621 339; x_wconf 87' lang='grc' dir='ltr'>μόνον</span> <span class='ocrx_word' id='word_1_30' title='bbox 1643 292 1694 329; x_wconf 88' lang='grc' dir='ltr'>σύ</span> 
     </span>
     <span class='ocr_line' id='line_1_4' title="bbox 89 341 1693 394; baseline 0.002 -16"><span class='ocrx_word' id='word_1_31' title='bbox 89 359 134 393; x_wconf 85' lang='grc' dir='ltr'>γε</span> <span class='ocrx_word' id='word_1_32' title='bbox 158 345 206 393; x_wconf 88' lang='grc' dir='ltr'>τῇ</span> <span class='ocrx_word' id='word_1_33' title='bbox 229 343 400 394; x_wconf 81' lang='grc' dir='ltr'>χειρίστῃ</span> <span class='ocrx_word' id='word_1_34' title='bbox 427 342 487 380; x_wconf 86' lang='grc' dir='ltr'>καὶ</span> <span class='ocrx_word' id='word_1_35' title='bbox 512 341 583 391; x_wconf 85' lang='grc' dir='ltr'>ἤδη</span> <span class='ocrx_word' id='word_1_36' title='bbox 609 342 897 392; x_wconf 82' lang='grc' dir='ltr'>ἀπηρχαιωμένῃ</span> <span class='ocrx_word' id='word_1_37' title='bbox 923 341 1085 387; x_wconf 78' lang='grc' dir='ltr'>ἐπεξιών,</span> <span class='ocrx_word' id='word_1_38' title='bbox 1112 343 1258 381; x_wconf 81' lang='grc' dir='ltr'>ἅπαντα</span> <span class='ocrx_word' id='word_1_39' title='bbox 1276 343 1413 393; x_wconf 84' lang='grc' dir='ltr'>ταύτης</span> <span class='ocrx_word' id='word_1_40' title='bbox 1436 344 1549 393; x_wconf 91' lang='grc' dir='ltr'>μόρια</span> <span class='ocrx_word' id='word_1_41' title='bbox 1575 344 1693 393; x_wconf 80' lang='grc' dir='ltr'>ἀηδῶς</span> 
     </span>
    </p>
   </div>
   <div class='ocr_carea' id='block_1_3' title="bbox 88 397 1750 467">
    <p class='ocr_par' dir='ltr' id='par_1_3' title="bbox 88 397 1750 467">
     <span class='ocr_line' id='line_1_5' title="bbox 88 397 1750 467; baseline 0.002 -33"><span class='ocrx_word' id='word_1_42' title='bbox 88 413 134 448; x_wconf 74' lang='grc' dir='ltr'>γε</span> <span class='ocrx_word' id='word_1_43' title='bbox 164 398 298 449; x_wconf 74' lang='grc' dir='ltr'>ἔχοντα</span> <span class='ocrx_word' id='word_1_44' title='bbox 329 413 450 447; x_wconf 77' lang='grc' dir='ltr'>πανΤῃ</span> <span class='ocrx_word' id='word_1_45' title='bbox 483 397 628 436; x_wconf 73' lang='grc' dir='ltr'>πάντως</span> <span class='ocrx_word' id='word_1_46' title='bbox 653 397 804 467; x_wconf 65' lang='grc' dir='ltr'>,μΕΤίώΙΙ,</span> <span class='ocrx_word' id='word_1_47' title='bbox 843 397 1044 447; x_wconf 74' lang='grc' dir='ltr'>ἐπῃτιάσω,</span> <span class='ocrx_word' id='word_1_48' title='bbox 1083 413 1176 435; x_wconf 80' lang='grc' dir='ltr'>ΟυΤω</span> <span class='ocrx_word' id='word_1_49' title='bbox 1213 415 1271 435; x_wconf 74' lang='lat' dir='ltr'>‘rot</span> <span class='ocrx_word' id='word_1_50' title='bbox 1303 415 1610 448; x_wconf 73' lang='grc' dir='ltr'>παρερμηνίὶσας</span> <span class='ocrx_word' id='word_1_51' title='bbox 1647 401 1694 439; x_wconf 78' lang='grc' dir='ltr'>ὡς</span> <span class='ocrx_word' id='word_1_52' title='bbox 1711 419 1750 450; x_wconf 79' lang='lat'>95</span> 
     </span>
    </p>
   </div>
   <div class='ocr_carea' id='block_1_4' title="bbox 75 451 1694 2363">
    <p class='ocr_par' dir='ltr' id='par_1_4' title="bbox 85 451 1694 1104">
     <span class='ocr_line' id='line_1_6' title="bbox 89 451 1692 502; baseline 0.001 -13"><span class='ocrx_word' id='word_1_53' title='bbox 89 452 325 501; x_wconf 85' lang='grc' dir='ltr'>ἀκατανόητά</span> <span class='ocrx_word' id='word_1_54' title='bbox 342 469 407 501; x_wconf 91' lang='grc' dir='ltr'>μοι</span> <span class='ocrx_word' id='word_1_55' title='bbox 427 451 517 489; x_wconf 83' lang='grc' dir='ltr'>εἶναι</span> <span class='ocrx_word' id='word_1_56' title='bbox 535 452 582 489; x_wconf 80' lang='grc' dir='ltr'>τὰ</span> <span class='ocrx_word' id='word_1_57' title='bbox 600 451 663 488; x_wconf 79' lang='grc' dir='ltr'>ὑπ’</span> <span class='ocrx_word' id='word_1_58' title='bbox 683 453 773 499; x_wconf 89' lang='grc' dir='ltr'>ἐμοῦ</span> <span class='ocrx_word' id='word_1_59' title='bbox 792 452 1066 501; x_wconf 82' lang='grc' dir='ltr'>ἐπεσταλμένα·</span> <span class='ocrx_word' id='word_1_60' title='bbox 1095 451 1196 490; x_wconf 82' lang='grc' dir='ltr'>δυοῖν</span> <span class='ocrx_word' id='word_1_61' title='bbox 1215 452 1253 490; x_wconf 86' lang='grc' dir='ltr'>δὲ</span> <span class='ocrx_word' id='word_1_62' title='bbox 1280 455 1362 491; x_wconf 82' lang='grc' dir='ltr'>ταῖν</span> <span class='ocrx_word' id='word_1_63' title='bbox 1387 456 1610 502; x_wconf 81' lang='grc' dir='ltr'>προσφιλῶς</span> <span class='ocrx_word' id='word_1_64' title='bbox 1631 471 1692 492; x_wconf 91' lang='grc' dir='ltr'>και</span> 
     </span>
     <span class='ocr_line' id='line_1_7' title="bbox 89 505 1692 560; baseline 0.001 -16"><span class='ocrx_word' id='word_1_65' title='bbox 89 507 258 547; x_wconf 75' lang='grc' dir='ltr'>εὐνοικῶς</span> <span class='ocrx_word' id='word_1_66' title='bbox 286 507 463 557; x_wconf 83' lang='grc' dir='ltr'>ἐχούσαιν</span> <span class='ocrx_word' id='word_1_67' title='bbox 487 505 562 544; x_wconf 85' lang='grc' dir='ltr'>οὐδ’</span> <span class='ocrx_word' id='word_1_68' title='bbox 590 506 686 545; x_wconf 85' lang='grc' dir='ltr'>ὅλως</span> <span class='ocrx_word' id='word_1_69' title='bbox 714 505 904 555; x_wconf 80' lang='grc' dir='ltr'>ἐμνήσθης</span> <span class='ocrx_word' id='word_1_70' title='bbox 930 506 1174 544; x_wconf 84' lang='grc' dir='ltr'>οὐδεπώποτε.</span> <span class='ocrx_word' id='word_1_71' title='bbox 1232 507 1329 545; x_wconf 83' lang='grc' dir='ltr'>Οὐδὲ</span> <span class='ocrx_word' id='word_1_72' title='bbox 1356 509 1430 559; x_wconf 81' lang='grc' dir='ltr'>γὰρ</span> <span class='ocrx_word' id='word_1_73' title='bbox 1455 508 1573 557; x_wconf 86' lang='grc' dir='ltr'>ἐκείνη</span> <span class='ocrx_word' id='word_1_74' title='bbox 1599 525 1643 560; x_wconf 92' lang='grc' dir='ltr'>γε</span> <span class='ocrx_word' id='word_1_75' title='bbox 1669 510 1692 558; x_wconf 86' lang='grc' dir='ltr'>ἡ</span> 
     </span>
     <span class='ocr_line' id='line_1_8' title="bbox 88 561 1690 613; baseline 0.004 -16"><span class='ocrx_word' id='word_1_76' title='bbox 88 562 289 613; x_wconf 81' lang='grc' dir='ltr'>περιεργία,</span> <span class='ocrx_word' id='word_1_77' title='bbox 308 561 376 609; x_wconf 83' lang='grc' dir='ltr'>τὴν</span> <span class='ocrx_word' id='word_1_78' title='bbox 403 561 552 610; x_wconf 83' lang='grc' dir='ltr'>πικρίαν</span> <span class='ocrx_word' id='word_1_79' title='bbox 579 577 619 598; x_wconf 92' lang='grc' dir='ltr'>τε</span> <span class='ocrx_word' id='word_1_80' title='bbox 648 561 708 597; x_wconf 77' lang='grc' dir='ltr'>καὶ</span> <span class='ocrx_word' id='word_1_81' title='bbox 737 561 895 598; x_wconf 81' lang='grc' dir='ltr'>ἀτοπίαν</span> <span class='ocrx_word' id='word_1_82' title='bbox 923 563 1234 599; x_wconf 87' lang='grc' dir='ltr'>ἐπανακυκλοῦσα</span> <span class='ocrx_word' id='word_1_83' title='bbox 1263 564 1329 611; x_wconf 83' lang='grc' dir='ltr'>τῆς</span> <span class='ocrx_word' id='word_1_84' title='bbox 1358 564 1448 612; x_wconf 84' lang='grc' dir='ltr'>ἐμῆς</span> <span class='ocrx_word' id='word_1_85' title='bbox 1475 565 1690 612; x_wconf 79' lang='grc' dir='ltr'>ἐπιστολῆς,</span> 
     </span>
     <span class='ocr_line' id='line_1_9' title="bbox 89 615 1692 667; baseline 0.002 -15"><span class='ocrx_word' id='word_1_86' title='bbox 89 616 155 664; x_wconf 86' lang='grc' dir='ltr'>τῆς</span> <span class='ocrx_word' id='word_1_87' title='bbox 174 616 269 667; x_wconf 77' lang='grc' dir='ltr'>ἄγαν</span> <span class='ocrx_word' id='word_1_88' title='bbox 287 615 541 667; x_wconf 85' lang='grc' dir='ltr'>γλυκυθυμίας</span> <span class='ocrx_word' id='word_1_89' title='bbox 561 615 646 661; x_wconf 81' lang='grc' dir='ltr'>ὄζει,</span> <span class='ocrx_word' id='word_1_90' title='bbox 675 615 757 652; x_wconf 82' lang='grc' dir='ltr'>οὐδὲ</span> <span class='ocrx_word' id='word_1_91' title='bbox 783 615 828 663; x_wconf 81' lang='grc' dir='ltr'>δὴ</span> <span class='ocrx_word' id='word_1_92' title='bbox 846 617 919 653; x_wconf 84' lang='grc' dir='ltr'>τῶν</span> <span class='ocrx_word' id='word_1_93' title='bbox 940 616 1295 665; x_wconf 82' lang='grc' dir='ltr'>ἀπομνημονευτέων</span> <span class='ocrx_word' id='word_1_94' title='bbox 1315 618 1461 655; x_wconf 82' lang='grc' dir='ltr'>ἐκείνων</span> <span class='ocrx_word' id='word_1_95' title='bbox 1479 620 1552 655; x_wconf 88' lang='grc' dir='ltr'>τῶν</span> <span class='ocrx_word' id='word_1_96' title='bbox 1572 617 1610 655; x_wconf 77' lang='grc' dir='ltr'>εὐ</span> <span class='ocrx_word' id='word_1_97' title='bbox 1631 619 1692 655; x_wconf 82' lang='grc' dir='ltr'>καὶ</span> 
     </span>
     <span class='ocr_line' id='line_1_10' title="bbox 87 669 1693 721; baseline 0.002 -14"><span class='ocrx_word' id='word_1_98' title='bbox 87 671 248 718; x_wconf 83' lang='grc' dir='ltr'>φιλικῶς</span> <span class='ocrx_word' id='word_1_99' title='bbox 267 671 424 721; x_wconf 88' lang='grc' dir='ltr'>ἐχόντων</span> <span class='ocrx_word' id='word_1_100' title='bbox 443 671 672 720; x_wconf 76' lang='grc' dir='ltr'>γραμμάτων</span> <span class='ocrx_word' id='word_1_101' title='bbox 690 670 713 718; x_wconf 87' lang='grc' dir='ltr'>ἡ</span> <span class='ocrx_word' id='word_1_102' title='bbox 740 669 1047 719; x_wconf 30' lang='grc' dir='ltr'>ἀποσιώπησιὟς</span> <span class='ocrx_word' id='word_1_103' title='bbox 1027 688 1052 720; x_wconf 93' lang='grc' dir='ltr'>η</span> <span class='ocrx_word' id='word_1_104' title='bbox 1077 671 1129 719; x_wconf 78' lang='grc' dir='ltr'>σὴ</span> <span class='ocrx_word' id='word_1_105' title='bbox 1149 671 1421 709; x_wconf 84' lang='grc' dir='ltr'>πιστώσασθαί</span> <span class='ocrx_word' id='word_1_106' title='bbox 1444 689 1509 720; x_wconf 94' lang='grc' dir='ltr'>μοι</span> <span class='ocrx_word' id='word_1_107' title='bbox 1529 672 1630 710; x_wconf 86' lang='grc' dir='ltr'>δοκεῖ</span> <span class='ocrx_word' id='word_1_108' title='bbox 1645 689 1693 711; x_wconf 89' lang='grc' dir='ltr'>τα</span> 
     </span>
     <span class='ocr_line' id='line_1_11' title="bbox 88 724 1694 776; baseline 0.002 -14"><span class='ocrx_word' id='word_1_109' title='bbox 88 726 173 773; x_wconf 85' lang='grc' dir='ltr'>περὶ</span> <span class='ocrx_word' id='word_1_110' title='bbox 192 725 322 773; x_wconf 86' lang='grc' dir='ltr'>φιλίας</span> <span class='ocrx_word' id='word_1_111' title='bbox 339 727 405 773; x_wconf 87' lang='grc' dir='ltr'>τῆς</span> <span class='ocrx_word' id='word_1_112' title='bbox 424 724 627 764; x_wconf 80' lang='grc' dir='ltr'>εὐσταθοῦς</span> <span class='ocrx_word' id='word_1_113' title='bbox 645 724 687 761; x_wconf 84' lang='grc' dir='ltr'>τὸ</span> <span class='ocrx_word' id='word_1_114' title='bbox 707 725 777 762; x_wconf 85' lang='grc' dir='ltr'>σὸν</span> <span class='ocrx_word' id='word_1_115' title='bbox 801 724 924 774; x_wconf 86' lang='grc' dir='ltr'>μέρος.</span> <span class='ocrx_word' id='word_1_116' title='bbox 983 725 1035 766; x_wconf 82' lang='grc' dir='ltr'>Σὺ</span> <span class='ocrx_word' id='word_1_117' title='bbox 1054 725 1168 776; x_wconf 67' lang='grc' dir='ltr'>γὰρε</span> <span class='ocrx_word' id='word_1_118' title='bbox 1154 743 1173 763; x_wconf 94' lang='grc' dir='ltr'>ο</span> <span class='ocrx_word' id='word_1_119' title='bbox 1199 727 1308 765; x_wconf 84' lang='grc' dir='ltr'>αὐτὸς</span> <span class='ocrx_word' id='word_1_120' title='bbox 1336 727 1392 764; x_wconf 87' lang='grc' dir='ltr'>ἀει</span> <span class='ocrx_word' id='word_1_121' title='bbox 1419 743 1509 764; x_wconf 89' lang='grc' dir='ltr'>ειναι</span> <span class='ocrx_word' id='word_1_122' title='bbox 1533 744 1580 764; x_wconf 89' lang='grc' dir='ltr'>τα</span> <span class='ocrx_word' id='word_1_123' title='bbox 1600 729 1694 766; x_wconf 80' lang='grc' dir='ltr'>κατὰ</span> 
     </span>
     <span class='ocr_line' id='line_1_12' title="bbox 86 778 1692 831; baseline 0.002 -15"><span class='ocrx_word' id='word_1_124' title='bbox 86 779 156 827; x_wconf 86' lang='grc' dir='ltr'>τὴν</span> <span class='ocrx_word' id='word_1_125' title='bbox 175 780 307 827; x_wconf 82' lang='grc' dir='ltr'>φιλίαν</span> <span class='ocrx_word' id='word_1_126' title='bbox 326 780 467 828; x_wconf 82' lang='grc' dir='ltr'>φήσας,</span> <span class='ocrx_word' id='word_1_127' title='bbox 487 778 730 817; x_wconf 81' lang='grc' dir='ltr'>ἀπιστεῖσθαι</span> <span class='ocrx_word' id='word_1_128' title='bbox 750 780 792 816; x_wconf 90' lang='grc' dir='ltr'>οὐ</span> <span class='ocrx_word' id='word_1_129' title='bbox 813 779 989 824; x_wconf 87' lang='grc' dir='ltr'>δέδοικας,</span> <span class='ocrx_word' id='word_1_130' title='bbox 1010 781 1240 828; x_wconf 82' lang='grc' dir='ltr'>τηλικαύτην</span> <span class='ocrx_word' id='word_1_131' title='bbox 1259 798 1331 818; x_wconf 91' lang='grc' dir='ltr'>σου</span> <span class='ocrx_word' id='word_1_132' title='bbox 1349 781 1418 830; x_wconf 87' lang='grc' dir='ltr'>τὴν</span> <span class='ocrx_word' id='word_1_133' title='bbox 1439 783 1692 831; x_wconf 89' lang='grc' dir='ltr'>μνησικακίαν</span> 
     </span>
     <span class='ocr_line' id='line_1_13' title="bbox 89 834 1693 885; baseline 0.003 -15"><span class='ocrx_word' id='word_1_134' title='bbox 89 835 347 885; x_wconf 86' lang='grc' dir='ltr'>κατεγνωκώς·</span> <span class='ocrx_word' id='word_1_135' title='bbox 339 865 347 882; x_wconf 83' lang='lat'><strong>,</strong></span> <span class='ocrx_word' id='word_1_136' title='bbox 387 834 480 871; x_wconf 83' lang='grc' dir='ltr'>Εἶτα</span> <span class='ocrx_word' id='word_1_137' title='bbox 495 836 605 871; x_wconf 80' lang='grc' dir='ltr'>τοῦτο</span> <span class='ocrx_word' id='word_1_138' title='bbox 624 836 743 872; x_wconf 80' lang='grc' dir='ltr'>ποιεῖν</span> <span class='ocrx_word' id='word_1_139' title='bbox 761 834 960 882; x_wconf 86' lang='grc' dir='ltr'>φθάσας,’</span> <span class='ocrx_word' id='word_1_140' title='bbox 941 835 1155 873; x_wconf 86' lang='grc' dir='ltr'>αναπείσειν</span> <span class='ocrx_word' id='word_1_141' title='bbox 1171 836 1237 872; x_wconf 82' lang='grc' dir='ltr'>οἴει</span> <span class='ocrx_word' id='word_1_142' title='bbox 1252 852 1337 875; x_wconf 79' lang='grc' dir='ltr'>τους</span> <span class='ocrx_word' id='word_1_143' title='bbox 1352 837 1492 876; x_wconf 84' lang='grc' dir='ltr'>ἅλλους</span> <span class='ocrx_word' id='word_1_144' title='bbox 1506 837 1627 875; x_wconf 86' lang='grc' dir='ltr'>πάντα</span> <span class='ocrx_word' id='word_1_145' title='bbox 1647 854 1693 875; x_wconf 88' lang='grc' dir='ltr'>σε</span> 
     </span>
     <span class='ocr_line' id='line_1_14' title="bbox 86 887 1692 960; baseline 0.002 -35"><span class='ocrx_word' id='word_1_146' title='bbox 86 887 126 926; x_wconf 79' lang='grc' dir='ltr'>εὗ</span> <span class='ocrx_word' id='word_1_147' title='bbox 145 889 357 927; x_wconf 86' lang='grc' dir='ltr'>τίθεσθαι</span> <span class='ocrx_word' id='word_1_148' title='bbox 342 891 552 927; x_wconf 82' lang='grc' dir='ltr'>οπωστιοῦν</span> <span class='ocrx_word' id='word_1_149' title='bbox 577 887 749 937; x_wconf 80' lang='grc' dir='ltr'>εἰρῆσθαι</span> <span class='ocrx_word' id='word_1_150' title='bbox 774 889 1000 937; x_wconf 82' lang='grc' dir='ltr'>φθάσαντα·</span> <span class='ocrx_word' id='word_1_151' title='bbox 991 919 1000 936; x_wconf 92' lang='grc'>,</span> <span class='ocrx_word' id='word_1_152' title='bbox 1032 892 1119 929; x_wconf 91' lang='grc' dir='ltr'>Πῶς</span> <span class='ocrx_word' id='word_1_153' title='bbox 1138 891 1236 941; x_wconf 82' lang='grc' dir='ltr'>γάρ’,</span> <span class='ocrx_word' id='word_1_154' title='bbox 1266 890 1305 930; x_wconf 83' lang='grc' dir='ltr'>ὅς</span> <span class='ocrx_word' id='word_1_155' title='bbox 1323 907 1368 941; x_wconf 87' lang='grc' dir='ltr'>γε</span> <span class='ocrx_word' id='word_1_156' title='bbox 1393 892 1440 941; x_wconf 85' lang='grc' dir='ltr'>τῇ</span> <span class='ocrx_word' id='word_1_157' title='bbox 1458 894 1530 929; x_wconf 90' lang='grc' dir='ltr'>τῶν</span> <span class='ocrx_word' id='word_1_158' title='bbox 1557 894 1692 960; x_wconf 86' lang='grc' dir='ltr'>ἐγκλη-</span> 
     </span>
     <span class='ocr_line' id='line_1_15' title="bbox 87 943 1693 995; baseline 0.002 -15"><span class='ocrx_word' id='word_1_159' title='bbox 87 944 213 992; x_wconf 84' lang='grc' dir='ltr'>μάτων</span> <span class='ocrx_word' id='word_1_160' title='bbox 226 943 374 995; x_wconf 80' lang='grc' dir='ltr'>διεξόδῳ</span> <span class='ocrx_word' id='word_1_161' title='bbox 394 946 583 993; x_wconf 83' lang='grc' dir='ltr'>ἐντρυφῶν</span> <span class='ocrx_word' id='word_1_162' title='bbox 596 943 801 983; x_wconf 85' lang='grc' dir='ltr'>δεινοτικῶς</span> <span class='ocrx_word' id='word_1_163' title='bbox 815 960 856 981; x_wconf 89' lang='grc' dir='ltr'>τε</span> <span class='ocrx_word' id='word_1_164' title='bbox 869 943 929 981; x_wconf 82' lang='grc' dir='ltr'>καὶ</span> <span class='ocrx_word' id='word_1_165' title='bbox 942 944 1217 995; x_wconf 89' lang='grc' dir='ltr'>σμικρολόγως,</span> <span class='ocrx_word' id='word_1_166' title='bbox 1230 946 1378 983; x_wconf 81' lang='grc' dir='ltr'>πάντων</span> <span class='ocrx_word' id='word_1_167' title='bbox 1389 962 1430 983; x_wconf 92' lang='grc' dir='ltr'>τε</span> <span class='ocrx_word' id='word_1_168' title='bbox 1442 949 1515 983; x_wconf 91' lang='grc' dir='ltr'>τῶν</span> <span class='ocrx_word' id='word_1_169' title='bbox 1527 945 1588 984; x_wconf 79' lang='grc' dir='ltr'>ὑπ</span> <span class='ocrx_word' id='word_1_170' title='bbox 1603 948 1693 995; x_wconf 88' lang='grc' dir='ltr'>ἐμοῦ</span> 
     </span>
     <span class='ocr_line' id='line_1_16' title="bbox 85 998 1693 1049; baseline 0.002 -14"><span class='ocrx_word' id='word_1_171' title='bbox 85 999 352 1049; x_wconf 88' lang='grc' dir='ltr'>γεγραμμένων</span> <span class='ocrx_word' id='word_1_172' title='bbox 371 999 648 1047; x_wconf 82' lang='grc' dir='ltr'>ἐπιλαβόμενος</span> <span class='ocrx_word' id='word_1_173' title='bbox 668 998 791 1047; x_wconf 80' lang='grc' dir='ltr'>ἀπρίξ,</span> <span class='ocrx_word' id='word_1_174' title='bbox 819 998 1073 1047; x_wconf 85' lang='grc' dir='ltr'>ἀνεπιληπτόν</span> <span class='ocrx_word' id='word_1_175' title='bbox 1099 1015 1145 1036; x_wconf 89' lang='grc' dir='ltr'>σε</span> <span class='ocrx_word' id='word_1_176' title='bbox 1170 1001 1411 1038; x_wconf 85' lang='grc' dir='ltr'>παντάπασιν</span> <span class='ocrx_word' id='word_1_177' title='bbox 1437 1000 1693 1039; x_wconf 83' lang='grc' dir='ltr'>ἀποδεικνύναι</span> 
     </span>
     <span class='ocr_line' id='line_1_17' title="bbox 86 1051 1564 1104; baseline 0.001 -14"><span class='ocrx_word' id='word_1_178' title='bbox 86 1053 357 1104; x_wconf 84' lang='grc' dir='ltr'>ἐγκεχείρηκας.</span> <span class='ocrx_word' id='word_1_179' title='bbox 416 1056 534 1091; x_wconf 83' lang='grc' dir='ltr'>Τοῦτο</span> <span class='ocrx_word' id='word_1_180' title='bbox 553 1054 679 1102; x_wconf 88' lang='grc' dir='ltr'>μέντοι</span> <span class='ocrx_word' id='word_1_181' title='bbox 699 1054 741 1090; x_wconf 84' lang='grc' dir='ltr'>οὐ</span> <span class='ocrx_word' id='word_1_182' title='bbox 760 1053 901 1092; x_wconf 85' lang='grc' dir='ltr'>πείσεις</span> <span class='ocrx_word' id='word_1_183' title='bbox 921 1051 995 1091; x_wconf 74' lang='grc' dir='ltr'>οὐδ’</span> <span class='ocrx_word' id='word_1_184' title='bbox 1013 1052 1058 1102; x_wconf 82' lang='grc' dir='ltr'>ἢν</span> <span class='ocrx_word' id='word_1_185' title='bbox 1077 1054 1222 1104; x_wconf 83' lang='grc' dir='ltr'>πείσῃς,</span> <span class='ocrx_word' id='word_1_186' title='bbox 1242 1054 1285 1092; x_wconf 83' lang='grc' dir='ltr'>τὸ</span> <span class='ocrx_word' id='word_1_187' title='bbox 1305 1057 1370 1092; x_wconf 83' lang='grc' dir='ltr'>τοῦ</span> <span class='ocrx_word' id='word_1_188' title='bbox 1391 1058 1564 1104; x_wconf 89' lang='grc' dir='ltr'>κωμικοῦ.</span> 
     </span>
    </p>

    <p class='ocr_par' dir='ltr' id='par_1_5' title="bbox 78 1106 1692 2254">
     <span class='ocr_line' id='line_1_18' title="bbox 141 1106 1692 1162; baseline 0.002 -17"><span class='ocrx_word' id='word_1_189' title='bbox 141 1106 238 1159; x_wconf 88' lang='grc' dir='ltr'>Ἐγὼ</span> <span class='ocrx_word' id='word_1_190' title='bbox 270 1110 339 1158; x_wconf 84' lang='grc' dir='ltr'>μὲν</span> <span class='ocrx_word' id='word_1_191' title='bbox 372 1107 426 1157; x_wconf 86' lang='grc' dir='ltr'>δή,</span> <span class='ocrx_word' id='word_1_192' title='bbox 462 1108 489 1145; x_wconf 79' lang='grc' dir='ltr'><em>ὦ</em></span> <span class='ocrx_word' id='word_1_193' title='bbox 519 1108 622 1155; x_wconf 88' lang='grc' dir='ltr'>φίλε,</span> <span class='ocrx_word' id='word_1_194' title='bbox 655 1107 723 1156; x_wconf 81' lang='grc' dir='ltr'>τὴν</span> <span class='ocrx_word' id='word_1_195' title='bbox 752 1108 934 1157; x_wconf 81' lang='grc' dir='ltr'>ἁμαρτίαν</span> <span class='ocrx_word' id='word_1_196' title='bbox 962 1108 1030 1157; x_wconf 81' lang='grc' dir='ltr'>τὴν</span> <span class='ocrx_word' id='word_1_197' title='bbox 1059 1109 1152 1158; x_wconf 87' lang='grc' dir='ltr'>ε’μὴν</span> <span class='ocrx_word' id='word_1_198' title='bbox 1181 1109 1317 1158; x_wconf 84' lang='grc' dir='ltr'>εὐήθως</span> <span class='ocrx_word' id='word_1_199' title='bbox 1345 1111 1692 1162; x_wconf 85' lang='grc' dir='ltr'>ἀνομολογούμενος</span> 
     </span>
     <span class='ocr_line' id='line_1_19' title="bbox 84 1162 1692 1214; baseline 0.002 -15"><span class='ocrx_word' id='word_1_200' title='bbox 84 1162 415 1214; x_wconf 87' lang='grc' dir='ltr'>συγγινώσκεσθαι</span> <span class='ocrx_word' id='word_1_201' title='bbox 443 1164 541 1209; x_wconf 82' lang='grc' dir='ltr'>ἀξιῶ,</span> <span class='ocrx_word' id='word_1_202' title='bbox 572 1165 602 1200; x_wconf 83' lang='grc' dir='ltr'>εἷ</span> <span class='ocrx_word' id='word_1_203' title='bbox 629 1162 828 1211; x_wconf 81' lang='grc' dir='ltr'>βαρυνθεὶς</span> <span class='ocrx_word' id='word_1_204' title='bbox 855 1162 923 1211; x_wconf 82' lang='grc' dir='ltr'>τὴν</span> <span class='ocrx_word' id='word_1_205' title='bbox 948 1164 1139 1212; x_wconf 81' lang='grc' dir='ltr'>αὐστηράν</span> <span class='ocrx_word' id='word_1_206' title='bbox 1168 1181 1239 1201; x_wconf 92' lang='grc' dir='ltr'>σου</span> <span class='ocrx_word' id='word_1_207' title='bbox 1267 1164 1326 1202; x_wconf 75' lang='grc' dir='ltr'>καὶ</span> <span class='ocrx_word' id='word_1_208' title='bbox 1351 1166 1584 1214; x_wconf 79' lang='grc' dir='ltr'>ὗπερακριβῆ</span> <span class='ocrx_word' id='word_1_209' title='bbox 1615 1168 1692 1203; x_wconf 83' lang='grc' dir='ltr'>ἐπι-</span> 
     </span>
     <span class='ocr_line' id='line_1_20' title="bbox 85 1217 1689 1271; baseline 0.003 -18"><span class='ocrx_word' id='word_1_210' title='bbox 85 1218 249 1266; x_wconf 82' lang='grc' dir='ltr'>τίμησιν,</span> <span class='ocrx_word' id='word_1_211' title='bbox 271 1217 398 1255; x_wconf 84' lang='grc' dir='ltr'>διόλου</span> <span class='ocrx_word' id='word_1_212' title='bbox 423 1234 467 1268; x_wconf 91' lang='grc' dir='ltr'>γε</span> <span class='ocrx_word' id='word_1_213' title='bbox 487 1218 647 1256; x_wconf 87' lang='grc' dir='ltr'>σεαυτὸν</span> <span class='ocrx_word' id='word_1_214' title='bbox 672 1217 928 1261; x_wconf 87' lang='grc' dir='ltr'>ἀθωώσαντος,</span> <span class='ocrx_word' id='word_1_215' title='bbox 955 1218 1065 1268; x_wconf 88' lang='grc' dir='ltr'>μέχρι</span> <span class='ocrx_word' id='word_1_216' title='bbox 1084 1218 1190 1256; x_wconf 85' lang='grc' dir='ltr'>τοῦδε</span> <span class='ocrx_word' id='word_1_217' title='bbox 1218 1219 1455 1268; x_wconf 80' lang='grc' dir='ltr'>παρεξέτεινα</span> <span class='ocrx_word' id='word_1_218' title='bbox 1477 1220 1541 1258; x_wconf 85' lang='grc' dir='ltr'>τὸν</span> <span class='ocrx_word' id='word_1_219' title='bbox 1561 1221 1689 1271; x_wconf 89' lang='grc' dir='ltr'>λόγον·</span> 
     </span>
     <span class='ocr_line' id='line_1_21' title="bbox 86 1272 1688 1325; baseline 0.002 -16"><span class='ocrx_word' id='word_1_220' title='bbox 86 1273 116 1309; x_wconf 83' lang='grc' dir='ltr'>εἰ</span> <span class='ocrx_word' id='word_1_221' title='bbox 151 1272 211 1309; x_wconf 82' lang='grc' dir='ltr'>καὶ</span> <span class='ocrx_word' id='word_1_222' title='bbox 242 1273 386 1312; x_wconf 87' lang='grc' dir='ltr'>πάντως</span> <span class='ocrx_word' id='word_1_223' title='bbox 418 1289 462 1324; x_wconf 87' lang='grc' dir='ltr'>γε</span> <span class='ocrx_word' id='word_1_224' title='bbox 494 1273 701 1321; x_wconf 88' lang='grc' dir='ltr'>πέπεισμαι</span> <span class='ocrx_word' id='word_1_225' title='bbox 734 1272 858 1321; x_wconf 87' lang='grc' dir='ltr'>ἀληθῆ</span> <span class='ocrx_word' id='word_1_226' title='bbox 894 1289 939 1309; x_wconf 91' lang='grc' dir='ltr'>σε</span> <span class='ocrx_word' id='word_1_227' title='bbox 973 1273 1089 1320; x_wconf 87' lang='grc' dir='ltr'>φίλον</span> <span class='ocrx_word' id='word_1_228' title='bbox 1123 1273 1214 1310; x_wconf 78' lang='grc' dir='ltr'>εἶναι</span> <span class='ocrx_word' id='word_1_229' title='bbox 1248 1274 1309 1310; x_wconf 81' lang='grc' dir='ltr'>καὶ</span> <span class='ocrx_word' id='word_1_230' title='bbox 1344 1276 1510 1315; x_wconf 73' lang='grc' dir='ltr'>εὐνοικῶς</span> <span class='ocrx_word' id='word_1_231' title='bbox 1543 1276 1688 1325; x_wconf 82' lang='grc' dir='ltr'>ἔχοντα.</span> 
     </span>
     <span class='ocr_line' id='line_1_22' title="bbox 76 1324 1692 1379; baseline 0.004 -16.071"><span class='ocrx_word' id='word_1_232' title='bbox 76 1324 221 1376; x_wconf 78' lang='grc' dir='ltr'>”Αμφω</span> <span class='ocrx_word' id='word_1_233' title='bbox 240 1327 313 1378; x_wconf 80' lang='grc' dir='ltr'>γὰρ</span> <span class='ocrx_word' id='word_1_234' title='bbox 331 1327 421 1366; x_wconf 81' lang='grc' dir='ltr'>ἴσως</span> <span class='ocrx_word' id='word_1_235' title='bbox 440 1344 512 1364; x_wconf 90' lang='grc' dir='ltr'>που</span> <span class='ocrx_word' id='word_1_236' title='bbox 533 1326 804 1376; x_wconf 87' lang='grc' dir='ltr'>δεδεκασμένην</span> <span class='ocrx_word' id='word_1_237' title='bbox 817 1327 969 1378; x_wconf 83' lang='grc' dir='ltr'>γνώμην</span> <span class='ocrx_word' id='word_1_238' title='bbox 982 1327 1054 1365; x_wconf 78' lang='grc' dir='ltr'>υπὸ</span> <span class='ocrx_word' id='word_1_239' title='bbox 1074 1327 1278 1376; x_wconf 76' lang='grc' dir='ltr'>σπουδῆς”</span> <span class='ocrx_word' id='word_1_240' title='bbox 1261 1345 1395 1379; x_wconf 90' lang='grc' dir='ltr'>εχομεν</span> <span class='ocrx_word' id='word_1_241' title='bbox 1408 1345 1474 1377; x_wconf 92' lang='grc' dir='ltr'>της</span> <span class='ocrx_word' id='word_1_242' title='bbox 1494 1330 1692 1378; x_wconf 84' lang='grc' dir='ltr'>φιλαυτίας</span> 
     </span>
     <span class='ocr_line' id='line_1_23' title="bbox 83 1381 1692 1433; baseline 0.002 -15"><span class='ocrx_word' id='word_1_243' title='bbox 83 1382 132 1421; x_wconf 86' lang='grc' dir='ltr'>ὡς</span> <span class='ocrx_word' id='word_1_244' title='bbox 151 1383 268 1419; x_wconf 82' lang='grc' dir='ltr'>ἔοικεν</span> <span class='ocrx_word' id='word_1_245' title='bbox 287 1382 467 1433; x_wconf 84' lang='grc' dir='ltr'>ἐχομένης</span> <span class='ocrx_word' id='word_1_246' title='bbox 487 1381 777 1431; x_wconf 85' lang='grc' dir='ltr'>ἐμπαθέστερον,</span> <span class='ocrx_word' id='word_1_247' title='bbox 808 1386 867 1419; x_wconf 82' lang='grc' dir='ltr'>οἱα</span> <span class='ocrx_word' id='word_1_248' title='bbox 892 1384 1000 1430; x_wconf 78' lang='grc' dir='ltr'>φιλεῖ</span> <span class='ocrx_word' id='word_1_249' title='bbox 1022 1382 1069 1419; x_wconf 84' lang='grc' dir='ltr'>τὰ</span> <span class='ocrx_word' id='word_1_250' title='bbox 1094 1386 1166 1420; x_wconf 91' lang='grc' dir='ltr'>τῶν</span> <span class='ocrx_word' id='word_1_251' title='bbox 1185 1383 1387 1432; x_wconf 84' lang='grc' dir='ltr'>ἀνθρώπων</span> <span class='ocrx_word' id='word_1_252' title='bbox 1408 1383 1509 1422; x_wconf 82' lang='grc' dir='ltr'>εἶναι.</span> <span class='ocrx_word' id='word_1_253' title='bbox 1566 1383 1692 1422; x_wconf 81' lang='grc' dir='ltr'>Ἀλλὰ</span> 
     </span>
     <span class='ocr_line' id='line_1_24' title="bbox 82 1435 1692 1488; baseline 0.002 -14"><span class='ocrx_word' id='word_1_254' title='bbox 82 1436 159 1485; x_wconf 85' lang='grc' dir='ltr'>μὴν</span> <span class='ocrx_word' id='word_1_255' title='bbox 196 1435 299 1476; x_wconf 77' lang='grc' dir='ltr'>αὐθις</span> <span class='ocrx_word' id='word_1_256' title='bbox 331 1436 377 1474; x_wconf 78' lang='grc' dir='ltr'>αὖ</span> <span class='ocrx_word' id='word_1_257' title='bbox 415 1436 514 1474; x_wconf 82' lang='grc' dir='ltr'>δέδια</span> <span class='ocrx_word' id='word_1_258' title='bbox 551 1436 603 1486; x_wconf 84' lang='grc' dir='ltr'>μὴ</span> <span class='ocrx_word' id='word_1_259' title='bbox 639 1436 775 1474; x_wconf 79' lang='grc' dir='ltr'>ἔλαθον</span> <span class='ocrx_word' id='word_1_260' title='bbox 812 1436 880 1485; x_wconf 83' lang='grc' dir='ltr'>τὴν</span> <span class='ocrx_word' id='word_1_261' title='bbox 913 1436 1240 1486; x_wconf 85' lang='grc' dir='ltr'>ἐπιτετηδευμένην</span> <span class='ocrx_word' id='word_1_262' title='bbox 1277 1437 1338 1475; x_wconf 81' lang='grc' dir='ltr'>ὑπ’</span> <span class='ocrx_word' id='word_1_263' title='bbox 1372 1441 1461 1488; x_wconf 84' lang='grc' dir='ltr'>ἐμοῦ</span> <span class='ocrx_word' id='word_1_264' title='bbox 1494 1439 1692 1487; x_wconf 87' lang='grc' dir='ltr'>μετάνοιαν</span> 
     </span>
     <span class='ocr_line' id='line_1_25' title="bbox 85 1489 1692 1542; baseline 0.002 -14"><span class='ocrx_word' id='word_1_265' title='bbox 85 1489 345 1540; x_wconf 81' lang='grc' dir='ltr'>διαταράττων·</span> <span class='ocrx_word' id='word_1_266' title='bbox 377 1489 405 1541; x_wconf 74' lang='grc' dir='ltr'><em>ᾧ</em></span> <span class='ocrx_word' id='word_1_267' title='bbox 423 1491 496 1542; x_wconf 83' lang='grc' dir='ltr'>γὰρ</span> <span class='ocrx_word' id='word_1_268' title='bbox 514 1491 717 1540; x_wconf 88' lang='grc' dir='ltr'>μεταμέλει</span> <span class='ocrx_word' id='word_1_269' title='bbox 734 1493 808 1529; x_wconf 89' lang='grc' dir='ltr'>τῶν</span> <span class='ocrx_word' id='word_1_270' title='bbox 827 1492 1192 1540; x_wconf 83' lang='grc' dir='ltr'>ἦμφισβητημένων,</span> <span class='ocrx_word' id='word_1_271' title='bbox 1213 1491 1319 1532; x_wconf 67' lang='grc' dir='ltr'>οὗτος</span> <span class='ocrx_word' id='word_1_272' title='bbox 1340 1495 1370 1530; x_wconf 79' lang='grc' dir='ltr'>εἰ</span> <span class='ocrx_word' id='word_1_273' title='bbox 1389 1493 1441 1542; x_wconf 82' lang='grc' dir='ltr'>μὴ</span> <span class='ocrx_word' id='word_1_274' title='bbox 1469 1496 1518 1533; x_wconf 81' lang='grc' dir='ltr'>εἷς</span> <span class='ocrx_word' id='word_1_275' title='bbox 1540 1494 1692 1531; x_wconf 80' lang='grc' dir='ltr'>τούπιὸν</span> 
     </span>
     <span class='ocr_line' id='line_1_26' title="bbox 82 1545 1691 1597; baseline 0.002 -14"><span class='ocrx_word' id='word_1_276' title='bbox 82 1546 126 1583; x_wconf 85' lang='grc' dir='ltr'>τὸ</span> <span class='ocrx_word' id='word_1_277' title='bbox 155 1546 332 1595; x_wconf 87' lang='grc' dir='ltr'>παράπαν</span> <span class='ocrx_word' id='word_1_278' title='bbox 358 1545 551 1584; x_wconf 85' lang='grc' dir='ltr'>ἀναδύοιτο</span> <span class='ocrx_word' id='word_1_279' title='bbox 580 1547 627 1583; x_wconf 78' lang='grc' dir='ltr'>τὸ.</span> <span class='ocrx_word' id='word_1_280' title='bbox 651 1547 717 1594; x_wconf 84' lang='grc' dir='ltr'>τῆς</span> <span class='ocrx_word' id='word_1_281' title='bbox 743 1546 1082 1595; x_wconf 80' lang='grc' dir='ltr'>ἀμφισβητήσεως,</span> <span class='ocrx_word' id='word_1_282' title='bbox 1103 1548 1168 1584; x_wconf 84' lang='grc' dir='ltr'>οὐκ</span> <span class='ocrx_word' id='word_1_283' title='bbox 1192 1546 1237 1584; x_wconf 79' lang='grc' dir='ltr'>ἂν</span> <span class='ocrx_word' id='word_1_284' title='bbox 1263 1547 1401 1594; x_wconf 81' lang='grc' dir='ltr'>φθάνοι</span> <span class='ocrx_word' id='word_1_285' title='bbox 1425 1548 1509 1597; x_wconf 81' lang='grc' dir='ltr'>περὶ</span> <span class='ocrx_word' id='word_1_286' title='bbox 1533 1549 1575 1586; x_wconf 89' lang='grc' dir='ltr'>τὸ</span> <span class='ocrx_word' id='word_1_287' title='bbox 1602 1549 1691 1586; x_wconf 83' lang='grc' dir='ltr'>αὐτὸ</span> 
     </span>
     <span class='ocr_line' id='line_1_27' title="bbox 83 1600 1691 1652; baseline 0.003 -16"><span class='ocrx_word' id='word_1_288' title='bbox 83 1601 256 1650; x_wconf 81' lang='grc' dir='ltr'>πταῖσμα</span> <span class='ocrx_word' id='word_1_289' title='bbox 287 1602 404 1639; x_wconf 83' lang='grc' dir='ltr'>πάλιν</span> <span class='ocrx_word' id='word_1_290' title='bbox 438 1600 730 1650; x_wconf 86' lang='grc' dir='ltr'>καλινδούμενος.</span> <span class='ocrx_word' id='word_1_291' title='bbox 788 1600 1012 1638; x_wconf 85' lang='grc' dir='ltr'>Τούντεῦθεν</span> <span class='ocrx_word' id='word_1_292' title='bbox 1043 1601 1106 1639; x_wconf 69' lang='grc' dir='ltr'>οὖν</span> <span class='ocrx_word' id='word_1_293' title='bbox 1143 1600 1212 1650; x_wconf 84' lang='grc' dir='ltr'>ἤδη</span> <span class='ocrx_word' id='word_1_294' title='bbox 1249 1603 1548 1651; x_wconf 82' lang='grc' dir='ltr'>ἀνεπιστρέπτως</span> <span class='ocrx_word' id='word_1_295' title='bbox 1580 1620 1691 1652; x_wconf 88' lang='grc' dir='ltr'>μετα-</span> 
     </span>
     <span class='ocr_line' id='line_1_28' title="bbox 82 1655 1691 1707; baseline 0.002 -15"><span class='ocrx_word' id='word_1_296' title='bbox 82 1655 238 1693; x_wconf 84' lang='grc' dir='ltr'>νοοῦντά</span> <span class='ocrx_word' id='word_1_297' title='bbox 256 1672 302 1704; x_wconf 94' lang='grc' dir='ltr'>με</span> <span class='ocrx_word' id='word_1_298' title='bbox 330 1656 543 1707; x_wconf 88' lang='grc' dir='ltr'>παρέχομαι</span> <span class='ocrx_word' id='word_1_299' title='bbox 569 1656 630 1693; x_wconf 82' lang='grc' dir='ltr'>καὶ</span> <span class='ocrx_word' id='word_1_300' title='bbox 655 1658 705 1694; x_wconf 84' lang='grc' dir='ltr'>εἷς</span> <span class='ocrx_word' id='word_1_301' title='bbox 731 1655 824 1704; x_wconf 77' lang='grc' dir='ltr'>ἅπερ</span> <span class='ocrx_word' id='word_1_302' title='bbox 845 1655 889 1693; x_wconf 80' lang='grc' dir='ltr'>ἂν</span> <span class='ocrx_word' id='word_1_303' title='bbox 917 1655 1044 1706; x_wconf 84' lang='grc' dir='ltr'>βούλῃ</span> <span class='ocrx_word' id='word_1_304' title='bbox 1069 1655 1263 1705; x_wconf 86' lang='grc' dir='ltr'>πρόθυμον</span> <span class='ocrx_word' id='word_1_305' title='bbox 1283 1657 1343 1694; x_wconf 79' lang='grc' dir='ltr'>καὶ</span> <span class='ocrx_word' id='word_1_306' title='bbox 1370 1658 1538 1707; x_wconf 76' lang='grc' dir='ltr'>εὐτρεπῆ,</span> <span class='ocrx_word' id='word_1_307' title='bbox 1566 1659 1691 1698; x_wconf 80' lang='grc' dir='ltr'>ἄλλως</span> 
     </span>
     <span class='ocr_line' id='line_1_29' title="bbox 83 1709 1691 1763; baseline 0.002 -16"><span class='ocrx_word' id='word_1_308' title='bbox 83 1726 123 1747; x_wconf 90' lang='grc' dir='ltr'>τε</span> <span class='ocrx_word' id='word_1_309' title='bbox 143 1711 209 1747; x_wconf 88' lang='grc' dir='ltr'>οὐκ</span> <span class='ocrx_word' id='word_1_310' title='bbox 235 1711 534 1761; x_wconf 87' lang='grc' dir='ltr'>ἀπηλλαγμένως</span> <span class='ocrx_word' id='word_1_311' title='bbox 560 1710 674 1758; x_wconf 86' lang='grc' dir='ltr'>φύσει</span> <span class='ocrx_word' id='word_1_312' title='bbox 701 1709 929 1758; x_wconf 85' lang='grc' dir='ltr'>διακείμενον</span> <span class='ocrx_word' id='word_1_313' title='bbox 954 1711 1020 1758; x_wconf 84' lang='grc' dir='ltr'>τῆς</span> <span class='ocrx_word' id='word_1_314' title='bbox 1043 1711 1280 1760; x_wconf 87' lang='grc' dir='ltr'>ἀστειοτέρας</span> <span class='ocrx_word' id='word_1_315' title='bbox 1302 1728 1342 1749; x_wconf 92' lang='grc' dir='ltr'>τε</span> <span class='ocrx_word' id='word_1_316' title='bbox 1363 1712 1422 1749; x_wconf 83' lang='grc' dir='ltr'>καὶ</span> <span class='ocrx_word' id='word_1_317' title='bbox 1447 1713 1691 1763; x_wconf 86' lang='grc' dir='ltr'>χαριεστέρας</span> 
     </span>
     <span class='ocr_line' id='line_1_30' title="bbox 85 1764 1686 1816; baseline 0.001 -14"><span class='ocrx_word' id='word_1_318' title='bbox 85 1765 260 1814; x_wconf 85' lang='grc' dir='ltr'>ἀμοιβῆς.</span> <span class='ocrx_word' id='word_1_319' title='bbox 303 1766 352 1805; x_wconf 83' lang='grc' dir='ltr'>εἷς</span> <span class='ocrx_word' id='word_1_320' title='bbox 385 1765 404 1803; x_wconf 83' lang='grc' dir='ltr'><strong><em>ὃ</em></strong></span> <span class='ocrx_word' id='word_1_321' title='bbox 430 1765 474 1813; x_wconf 81' lang='grc' dir='ltr'>δὴ</span> <span class='ocrx_word' id='word_1_322' title='bbox 503 1764 630 1803; x_wconf 85' lang='grc' dir='ltr'>πεδίον</span> <span class='ocrx_word' id='word_1_323' title='bbox 654 1765 704 1802; x_wconf 89' lang='grc' dir='ltr'>σύ</span> <span class='ocrx_word' id='word_1_324' title='bbox 729 1782 774 1816; x_wconf 93' lang='grc' dir='ltr'>γε</span> <span class='ocrx_word' id='word_1_325' title='bbox 802 1766 900 1814; x_wconf 82' lang='grc' dir='ltr'>ἡμᾶς</span> <span class='ocrx_word' id='word_1_326' title='bbox 932 1766 1117 1816; x_wconf 84' lang='grc' dir='ltr'>προκαλῇ,</span> <span class='ocrx_word' id='word_1_327' title='bbox 1148 1767 1168 1803; x_wconf 83' lang='grc' dir='ltr'>ὁ</span> <span class='ocrx_word' id='word_1_328' title='bbox 1196 1767 1276 1806; x_wconf 76' lang='grc' dir='ltr'>ταῖς</span> <span class='ocrx_word' id='word_1_329' title='bbox 1301 1783 1433 1816; x_wconf 83' lang='grc' dir='ltr'>χαρισι</span> <span class='ocrx_word' id='word_1_330' title='bbox 1463 1768 1686 1816; x_wconf 85' lang='grc' dir='ltr'>σύντροφος.</span> 
     </span>
     <span class='ocr_line' id='line_1_31' title="bbox 75 1817 1690 1871; baseline 0.002 -15.032"><span class='ocrx_word' id='word_1_331' title='bbox 75 1817 206 1861; x_wconf 65' lang='grc' dir='ltr'>’Έστω</span> <span class='ocrx_word' id='word_1_332' title='bbox 226 1819 270 1868; x_wconf 85' lang='grc' dir='ltr'>δὴ</span> <span class='ocrx_word' id='word_1_333' title='bbox 291 1837 362 1858; x_wconf 88' lang='grc' dir='ltr'>συν</span> <span class='ocrx_word' id='word_1_334' title='bbox 381 1819 484 1871; x_wconf 66' lang='grc' dir='ltr'>θεῷε</span> <span class='ocrx_word' id='word_1_335' title='bbox 469 1837 489 1858; x_wconf 96' lang='grc' dir='ltr'>ο</span> <span class='ocrx_word' id='word_1_336' title='bbox 515 1819 722 1869; x_wconf 85' lang='grc' dir='ltr'>ἀμνηστίας</span> <span class='ocrx_word' id='word_1_337' title='bbox 748 1819 860 1869; x_wconf 85' lang='grc' dir='ltr'>νόμος</span> <span class='ocrx_word' id='word_1_338' title='bbox 884 1820 928 1857; x_wconf 87' lang='grc' dir='ltr'>τὸ</span> <span class='ocrx_word' id='word_1_339' title='bbox 955 1820 1029 1857; x_wconf 86' lang='grc' dir='ltr'>ἀπὸ</span> <span class='ocrx_word' id='word_1_340' title='bbox 1052 1819 1159 1858; x_wconf 87' lang='grc' dir='ltr'>τοῦδε</span> <span class='ocrx_word' id='word_1_341' title='bbox 1185 1837 1315 1869; x_wconf 90' lang='grc' dir='ltr'>κυριος</span> <span class='ocrx_word' id='word_1_342' title='bbox 1374 1819 1576 1871; x_wconf 90' lang='grc' dir='ltr'>Οπότερος</span> <span class='ocrx_word' id='word_1_343' title='bbox 1596 1822 1626 1860; x_wconf 87' lang='grc' dir='ltr'>δ’</span> <span class='ocrx_word' id='word_1_344' title='bbox 1646 1821 1690 1860; x_wconf 81' lang='grc' dir='ltr'>ἂν</span> 
     </span>
     <span class='ocr_line' id='line_1_32' title="bbox 83 1860 1690 1928; baseline 0.002 -17"><span class='ocrx_word' id='word_1_345' title='bbox 83 1875 186 1923; x_wconf 86' lang='grc' dir='ltr'>ἡμῶν</span> <span class='ocrx_word' id='word_1_346' title='bbox 211 1877 283 1913; x_wconf 85' lang='grc' dir='ltr'>τῶν</span> <span class='ocrx_word' id='word_1_347' title='bbox 308 1860 516 1924; x_wconf 89' lang='grc' dir='ltr'>ἀφειμένων</span> <span class='ocrx_word' id='word_1_348' title='bbox 542 1874 805 1923; x_wconf 62' lang='grc' dir='ltr'>ἑκατέρωθενε</span> <span class='ocrx_word' id='word_1_349' title='bbox 791 1875 913 1912; x_wconf 81' lang='grc' dir='ltr'>οτιοῦν</span> <span class='ocrx_word' id='word_1_350' title='bbox 942 1876 1154 1919; x_wconf 85' lang='grc' dir='ltr'>ἀνανεῶται,</span> <span class='ocrx_word' id='word_1_351' title='bbox 1182 1874 1288 1915; x_wconf 82' lang='grc' dir='ltr'>οῦτος</span> <span class='ocrx_word' id='word_1_352' title='bbox 1315 1876 1375 1913; x_wconf 90' lang='grc' dir='ltr'>ἐπι</span> <span class='ocrx_word' id='word_1_353' title='bbox 1399 1878 1452 1928; x_wconf 72' lang='grc' dir='ltr'>τῷ</span> <span class='ocrx_word' id='word_1_354' title='bbox 1477 1877 1546 1925; x_wconf 83' lang='grc' dir='ltr'>τὴν</span> <span class='ocrx_word' id='word_1_355' title='bbox 1570 1895 1690 1927; x_wconf 83' lang='grc' dir='ltr'>παρα-</span> 
     </span>
     <span class='ocr_line' id='line_1_33' title="bbox 82 1928 1689 1981; baseline 0.001 -14"><span class='ocrx_word' id='word_1_356' title='bbox 82 1930 212 1977; x_wconf 86' lang='grc' dir='ltr'>νομίας</span> <span class='ocrx_word' id='word_1_357' title='bbox 231 1929 336 1978; x_wconf 86' lang='grc' dir='ltr'>δίκην</span> <span class='ocrx_word' id='word_1_358' title='bbox 355 1930 519 1981; x_wconf 87' lang='grc' dir='ltr'>φεύγειν,</span> <span class='ocrx_word' id='word_1_359' title='bbox 540 1929 601 1967; x_wconf 84' lang='grc' dir='ltr'>καὶ</span> <span class='ocrx_word' id='word_1_360' title='bbox 627 1929 762 1978; x_wconf 81' lang='grc' dir='ltr'>ζημίαν</span> <span class='ocrx_word' id='word_1_361' title='bbox 781 1928 826 1978; x_wconf 84' lang='grc' dir='ltr'>δὴ</span> <span class='ocrx_word' id='word_1_362' title='bbox 852 1931 894 1966; x_wconf 69' lang='grc' dir='ltr'>οὗ</span> <span class='ocrx_word' id='word_1_363' title='bbox 912 1930 1048 1978; x_wconf 80' lang='grc' dir='ltr'>μικρὰν</span> <span class='ocrx_word' id='word_1_364' title='bbox 1074 1931 1340 1979; x_wconf 88' lang='grc' dir='ltr'>προσοφλέτω,</span> <span class='ocrx_word' id='word_1_365' title='bbox 1368 1948 1435 1980; x_wconf 91' lang='grc' dir='ltr'>την</span> <span class='ocrx_word' id='word_1_366' title='bbox 1460 1934 1533 1969; x_wconf 87' lang='grc' dir='ltr'>τῶν</span> <span class='ocrx_word' id='word_1_367' title='bbox 1560 1935 1689 1970; x_wconf 89' lang='grc' dir='ltr'>κοινῶν</span> 
     </span>
     <span class='ocr_line' id='line_1_34' title="bbox 82 1983 1686 2035; baseline 0.002 -14"><span class='ocrx_word' id='word_1_368' title='bbox 82 1984 208 2032; x_wconf 87' lang='grc' dir='ltr'>φίλων</span> <span class='ocrx_word' id='word_1_369' title='bbox 236 1983 372 2034; x_wconf 80' lang='grc' dir='ltr'>ἔχθραν</span> <span class='ocrx_word' id='word_1_370' title='bbox 401 1984 586 2033; x_wconf 89' lang='grc' dir='ltr'>δηλονότι.</span> <span class='ocrx_word' id='word_1_371' title='bbox 643 1983 739 2021; x_wconf 80' lang='grc' dir='ltr'>Ἰδοὺ</span> <span class='ocrx_word' id='word_1_372' title='bbox 768 1983 813 2033; x_wconf 82' lang='grc' dir='ltr'>δὴ</span> <span class='ocrx_word' id='word_1_373' title='bbox 841 1985 907 2032; x_wconf 82' lang='grc' dir='ltr'>τῆς</span> <span class='ocrx_word' id='word_1_374' title='bbox 940 1984 1164 2033; x_wconf 87' lang='grc' dir='ltr'>νομοθεσίας</span> <span class='ocrx_word' id='word_1_375' title='bbox 1197 1986 1583 2035; x_wconf 83' lang='grc' dir='ltr'>συνεπιλαμβάνομαί</span> <span class='ocrx_word' id='word_1_376' title='bbox 1612 2004 1686 2032; x_wconf 87' lang='grc' dir='ltr'>σοι,</span> 
     </span>
     <span class='ocr_line' id='line_1_35' title="bbox 85 2038 1688 2092; baseline 0.002 -17"><span class='ocrx_word' id='word_1_377' title='bbox 85 2039 144 2076; x_wconf 83' lang='grc' dir='ltr'>καὶ</span> <span class='ocrx_word' id='word_1_378' title='bbox 164 2039 450 2088; x_wconf 84' lang='grc' dir='ltr'>συνεπιψηφίζω</span> <span class='ocrx_word' id='word_1_379' title='bbox 469 2038 509 2077; x_wconf 85' lang='grc' dir='ltr'>δὲ</span> <span class='ocrx_word' id='word_1_380' title='bbox 526 2039 569 2076; x_wconf 82' lang='grc' dir='ltr'>τὸ</span> <span class='ocrx_word' id='word_1_381' title='bbox 590 2038 712 2090; x_wconf 87' lang='grc' dir='ltr'>δόγμα</span> <span class='ocrx_word' id='word_1_382' title='bbox 732 2039 793 2076; x_wconf 86' lang='grc' dir='ltr'>καὶ</span> <span class='ocrx_word' id='word_1_383' title='bbox 819 2041 1048 2088; x_wconf 86' lang='grc' dir='ltr'>συνεπικυρῶ</span> <span class='ocrx_word' id='word_1_384' title='bbox 1067 2041 1134 2088; x_wconf 85' lang='grc' dir='ltr'>τῆς</span> <span class='ocrx_word' id='word_1_385' title='bbox 1155 2039 1303 2088; x_wconf 79' lang='grc' dir='ltr'>βουλῆς</span> <span class='ocrx_word' id='word_1_386' title='bbox 1328 2057 1400 2078; x_wconf 90' lang='grc' dir='ltr'>σου</span> <span class='ocrx_word' id='word_1_387' title='bbox 1419 2041 1461 2078; x_wconf 85' lang='grc' dir='ltr'>τὸ</span> <span class='ocrx_word' id='word_1_388' title='bbox 1483 2040 1688 2092; x_wconf 85' lang='grc' dir='ltr'>διαγράψον</span> 
     </span>
     <span class='ocr_line' id='line_1_36' title="bbox 80 2092 1688 2144; baseline 0.002 -13"><span class='ocrx_word' id='word_1_389' title='bbox 80 2109 133 2138; x_wconf 91' lang='grc' dir='ltr'>τε,</span> <span class='ocrx_word' id='word_1_390' title='bbox 155 2094 201 2133; x_wconf 83' lang='grc' dir='ltr'>ὡς</span> <span class='ocrx_word' id='word_1_391' title='bbox 220 2093 334 2139; x_wconf 89' lang='grc' dir='ltr'>ἐλπίς,</span> <span class='ocrx_word' id='word_1_392' title='bbox 358 2094 418 2131; x_wconf 82' lang='grc' dir='ltr'>καὶ</span> <span class='ocrx_word' id='word_1_393' title='bbox 437 2095 641 2143; x_wconf 86' lang='grc' dir='ltr'>ἀναιρῆσον</span> <span class='ocrx_word' id='word_1_394' title='bbox 660 2094 781 2131; x_wconf 87' lang='grc' dir='ltr'>πάντα</span> <span class='ocrx_word' id='word_1_395' title='bbox 806 2094 852 2131; x_wconf 82' lang='grc' dir='ltr'>τὰ</span> <span class='ocrx_word' id='word_1_396' title='bbox 879 2093 1143 2144; x_wconf 88' lang='grc' dir='ltr'>ἐγκεκλημένα.</span> <span class='ocrx_word' id='word_1_397' title='bbox 1196 2092 1324 2134; x_wconf 59' lang='grc' dir='ltr'>’Όπως</span> <span class='ocrx_word' id='word_1_398' title='bbox 1350 2095 1413 2133; x_wconf 76' lang='grc' dir='ltr'>οῦν</span> <span class='ocrx_word' id='word_1_399' title='bbox 1435 2096 1615 2144; x_wconf 78' lang='grc' dir='ltr'>μνησθεὶς</span> <span class='ocrx_word' id='word_1_400' title='bbox 1641 2097 1688 2134; x_wconf 80' lang='grc' dir='ltr'>ὧν</span> 
     </span>
     <span class='ocr_line' id='line_1_37' title="bbox 82 2147 1688 2200; baseline 0.002 -14"><span class='ocrx_word' id='word_1_401' title='bbox 82 2165 132 2186; x_wconf 85' lang='grc' dir='ltr'>συ</span> <span class='ocrx_word' id='word_1_402' title='bbox 151 2148 353 2200; x_wconf 79' lang='grc' dir='ltr'>εἰσηγητὴς</span> <span class='ocrx_word' id='word_1_403' title='bbox 371 2148 539 2200; x_wconf 89' lang='grc' dir='ltr'>γέγονας,</span> <span class='ocrx_word' id='word_1_404' title='bbox 559 2147 717 2186; x_wconf 76' lang='grc' dir='ltr'>πιθανοῦ</span> <span class='ocrx_word' id='word_1_405' title='bbox 735 2164 832 2187; x_wconf 92' lang='grc' dir='ltr'>τινος</span> <span class='ocrx_word' id='word_1_406' title='bbox 851 2147 968 2187; x_wconf 79' lang='grc' dir='ltr'>εἴδους</span> <span class='ocrx_word' id='word_1_407' title='bbox 994 2148 1056 2185; x_wconf 79' lang='grc' dir='ltr'>καὶ</span> <span class='ocrx_word' id='word_1_408' title='bbox 1079 2150 1226 2198; x_wconf 81' lang='grc' dir='ltr'>κομψοῦ</span> <span class='ocrx_word' id='word_1_409' title='bbox 1252 2149 1501 2200; x_wconf 79' lang='grc' dir='ltr'>προκατάρξῃ,</span> <span class='ocrx_word' id='word_1_410' title='bbox 1528 2150 1607 2188; x_wconf 80' lang='grc' dir='ltr'>οἴου</span> <span class='ocrx_word' id='word_1_411' title='bbox 1627 2151 1688 2189; x_wconf 82' lang='grc' dir='ltr'>καὶ</span> 
     </span>
     <span class='ocr_line' id='line_1_38' title="bbox 78 2202 749 2254; baseline -0.001 -14"><span class='ocrx_word' id='word_1_412' title='bbox 78 2203 127 2240; x_wconf 80' lang='grc' dir='ltr'>τὰ</span> <span class='ocrx_word' id='word_1_413' title='bbox 145 2203 445 2254; x_wconf 87' lang='grc' dir='ltr'>προγεγενημένα</span> <span class='ocrx_word' id='word_1_414' title='bbox 465 2205 586 2243; x_wconf 89' lang='grc' dir='ltr'>καλῶς</span> <span class='ocrx_word' id='word_1_415' title='bbox 606 2202 749 2241; x_wconf 88' lang='grc' dir='ltr'>θέσθαι.</span> 
     </span>
    </p>

    <p class='ocr_par' dir='ltr' id='par_1_6' title="bbox 135 2256 1384 2309">
     <span class='ocr_line' id='line_1_39' title="bbox 135 2256 1384 2309; baseline 0 -15"><span class='ocrx_word' id='word_1_416' title='bbox 135 2256 200 2295; x_wconf 83' lang='grc' dir='ltr'>Ἐν</span> <span class='ocrx_word' id='word_1_417' title='bbox 220 2260 427 2309; x_wconf 73' lang='grc' dir='ltr'>Μαρλιανῷ</span> <span class='ocrx_word' id='word_1_418' title='bbox 445 2259 496 2309; x_wconf 76' lang='grc' dir='ltr'>τῷ</span> <span class='ocrx_word' id='word_1_419' title='bbox 514 2258 677 2308; x_wconf 77' lang='grc' dir='ltr'>ἡμετέρῳ</span> <span class='ocrx_word' id='word_1_420' title='bbox 696 2259 1017 2306; x_wconf 87' lang='grc' dir='ltr'>μαιμακτηριῶνος</span> <span class='ocrx_word' id='word_1_421' title='bbox 1036 2257 1186 2308; x_wconf 86' lang='grc' dir='ltr'>πέμπτῃ</span> <span class='ocrx_word' id='word_1_422' title='bbox 1208 2258 1268 2295; x_wconf 82' lang='grc' dir='ltr'>ἐπὶ</span> <span class='ocrx_word' id='word_1_423' title='bbox 1287 2257 1384 2295; x_wconf 85' lang='grc' dir='ltr'>δέκα.</span> 
     </span>
    </p>

    <p class='ocr_par' dir='ltr' id='par_1_7' title="bbox 128 2310 1046 2363">
     <span class='ocr_line' id='line_1_40' title="bbox 128 2310 1046 2363; baseline -0.001 -14"><span class='ocrx_word' id='word_1_424' title='bbox 128 2310 313 2362; x_wconf 66' lang='grc' dir='ltr'>’Έρρωσο,</span> <span class='ocrx_word' id='word_1_425' title='bbox 335 2312 395 2349; x_wconf 86' lang='grc' dir='ltr'>καὶ</span> <span class='ocrx_word' id='word_1_426' title='bbox 415 2312 573 2350; x_wconf 86' lang='grc' dir='ltr'>διατέλει</span> <span class='ocrx_word' id='word_1_427' title='bbox 593 2312 844 2363; x_wconf 71' lang='grc' dir='ltr'>εὐτυχέστατα</span> <span class='ocrx_word' id='word_1_428' title='bbox 864 2312 1046 2358; x_wconf 83' lang='grc' dir='ltr'>πράττων.</span> 
     </span>
    </p>
   </div>
   <div class='ocr_carea' id='block_1_5' title="bbox 91 2795 170 2800">
    <p class='ocr_par' dir='ltr' id='par_1_8' title="bbox 91 2795 170 2800">
     <span class='ocr_line' id='line_1_41' title="bbox 91 2795 170 2800; baseline 0 0"><span class='ocrx_word' id='word_1_429' title='bbox 91 2795 170 2800; x_wconf 95' lang='lat' dir='ltr'> </span> 
     </span>
    </p>
   </div>
   <div class='ocr_carea' id='block_1_6' title="bbox 204 2795 265 2798">
    <p class='ocr_par' dir='ltr' id='par_1_9' title="bbox 204 2795 265 2798">
     <span class='ocr_line' id='line_1_42' title="bbox 204 2795 265 2798; baseline 0 0"><span class='ocrx_word' id='word_1_430' title='bbox 204 2795 265 2798; x_wconf 95' lang='lat' dir='ltr'> </span> 
     </span>
    </p>
   </div>
   <div class='ocr_carea' id='block_1_7' title="bbox 80 2414 1682 2916">
    <p class='ocr_par' dir='ltr' id='par_1_10' title="bbox 80 2414 1682 2761">
     <span class='ocr_line' id='line_1_43' title="bbox 125 2414 1681 2456; baseline 0.001 -11"><span class='ocrx_word' id='word_1_431' title='bbox 125 2424 178 2454; x_wconf 88' lang='grc'>93.</span> <span class='ocrx_word' id='word_1_432' title='bbox 206 2416 227 2445; x_wconf 93' lang='lat' dir='ltr'>b</span> <span class='ocrx_word' id='word_1_433' title='bbox 245 2426 252 2446; x_wconf 90' lang='lat'><strong>:</strong></span> <span class='ocrx_word' id='word_1_434' title='bbox 275 2414 329 2453; x_wconf 83' lang='grc' dir='ltr'>μία</span> <span class='ocrx_word' id='word_1_435' title='bbox 347 2425 375 2446; x_wconf 81' lang='lat' dir='ltr'>a.</span> <span class='ocrx_word' id='word_1_436' title='bbox 511 2426 563 2454; x_wconf 78' lang='grc'>94.</span> <span class='ocrx_word' id='word_1_437' title='bbox 591 2426 629 2454; x_wconf 79' lang='grc' dir='ltr'>γε</span> <span class='ocrx_word' id='word_1_438' title='bbox 647 2418 722 2445; x_wconf 69' lang='lat' dir='ltr'>add.</span> <span class='ocrx_word' id='word_1_439' title='bbox 741 2426 768 2445; x_wconf 84' lang='lat' dir='ltr'>c.</span> <span class='ocrx_word' id='word_1_440' title='bbox 881 2425 934 2455; x_wconf 88' lang='lat'>99.</span> <span class='ocrx_word' id='word_1_441' title='bbox 962 2415 1088 2445; x_wconf 81' lang='grc' dir='ltr'>ἐκείνων</span> <span class='ocrx_word' id='word_1_442' title='bbox 1106 2418 1177 2446; x_wconf 78' lang='lat' dir='ltr'>add.</span> <span class='ocrx_word' id='word_1_443' title='bbox 1197 2426 1225 2446; x_wconf 81' lang='lat' dir='ltr'>c.</span> <span class='ocrx_word' id='word_1_444' title='bbox 1342 2426 1410 2447; x_wconf 86' lang='lat'>101.</span> <span class='ocrx_word' id='word_1_445' title='bbox 1439 2415 1478 2446; x_wconf 77' lang='grc' dir='ltr'>σὺ</span> <span class='ocrx_word' id='word_1_446' title='bbox 1495 2418 1537 2447; x_wconf 80' lang='lat' dir='ltr'>ab</span> <span class='ocrx_word' id='word_1_447' title='bbox 1556 2429 1563 2447; x_wconf 69' lang='grc' dir='ltr'>ε</span> <span class='ocrx_word' id='word_1_448' title='bbox 1588 2417 1628 2456; x_wconf 88' lang='grc' dir='ltr'>σὴ</span> <span class='ocrx_word' id='word_1_449' title='bbox 1645 2421 1681 2447; x_wconf 84' lang='lat' dir='ltr'>F.</span> 
     </span>
     <span class='ocr_line' id='line_1_44' title="bbox 84 2458 1680 2498; baseline 0.001 -8"><span class='ocrx_word' id='word_1_450' title='bbox 84 2469 156 2497; x_wconf 88' lang='lat'>104.</span> <span class='ocrx_word' id='word_1_451' title='bbox 183 2458 263 2489; x_wconf 80' lang='grc' dir='ltr'>ὅπως</span> <span class='ocrx_word' id='word_1_452' title='bbox 278 2459 366 2490; x_wconf 72' lang='grc' dir='ltr'>τιοῦν</span> <span class='ocrx_word' id='word_1_453' title='bbox 383 2469 411 2489; x_wconf 84' lang='lat' dir='ltr'>a.</span> <span class='ocrx_word' id='word_1_454' title='bbox 508 2469 567 2498; x_wconf 82' lang='lat'>105</span> <span class='ocrx_word' id='word_1_455' title='bbox 605 2458 637 2489; x_wconf 75' lang='lat' dir='ltr'>al</span> <span class='ocrx_word' id='word_1_456' title='bbox 655 2462 703 2489; x_wconf 84' lang='lat' dir='ltr'>F:</span> <span class='ocrx_word' id='word_1_457' title='bbox 728 2458 853 2497; x_wconf 81' lang='grc' dir='ltr'>διεξόδω</span> <span class='ocrx_word' id='word_1_458' title='bbox 867 2459 911 2490; x_wconf 69' lang='lat'>21².</span> <span class='ocrx_word' id='word_1_459' title='bbox 1027 2459 1249 2489; x_wconf 68' lang='grc' dir='ltr'>δεινωτικῶῑο.</span> <span class='ocrx_word' id='word_1_460' title='bbox 1355 2471 1390 2489; x_wconf 85' lang='grc' dir='ltr'>τε</span> <span class='ocrx_word' id='word_1_461' title='bbox 1407 2463 1480 2491; x_wconf 68' lang='lat' dir='ltr'><strong>«dcl.</strong></span> <span class='ocrx_word' id='word_1_462' title='bbox 1501 2471 1518 2491; x_wconf 82' lang='lat' dir='ltr'>o</span> <span class='ocrx_word' id='word_1_463' title='bbox 1534 2465 1604 2492; x_wconf 73' lang='lat' dir='ltr'>&lt;mle</span> <span class='ocrx_word' id='word_1_464' title='bbox 1616 2461 1680 2492; x_wconf 73' lang='grc' dir='ltr'>καὶ.</span> 
     </span>
     <span class='ocr_line' id='line_1_45' title="bbox 83 2501 1681 2545; baseline 0.001 -12"><span class='ocrx_word' id='word_1_465' title='bbox 83 2505 153 2534; x_wconf 87' lang='grc'>106.</span> <span class='ocrx_word' id='word_1_466' title='bbox 181 2503 223 2534; x_wconf 84' lang='lat' dir='ltr'>ab</span> <span class='ocrx_word' id='word_1_467' title='bbox 241 2514 249 2534; x_wconf 89' lang='lat'><strong>:</strong></span> <span class='ocrx_word' id='word_1_468' title='bbox 272 2502 484 2534; x_wconf 82' lang='grc' dir='ltr'>πανταπασῶν</span> <span class='ocrx_word' id='word_1_469' title='bbox 503 2506 543 2534; x_wconf 89' lang='lat' dir='ltr'>Il.</span> <span class='ocrx_word' id='word_1_470' title='bbox 729 2512 799 2541; x_wconf 86' lang='lat'><strong>107.</strong></span> <span class='ocrx_word' id='word_1_471' title='bbox 824 2506 868 2533; x_wconf 79' lang='lat' dir='ltr'>Fe</span> <span class='ocrx_word' id='word_1_472' title='bbox 887 2514 893 2532; x_wconf 74' lang='grc' dir='ltr'><strong><em>ε</em></strong></span> <span class='ocrx_word' id='word_1_473' title='bbox 918 2501 1026 2542; x_wconf 81' lang='grc' dir='ltr'>πείσης</span> <span class='ocrx_word' id='word_1_474' title='bbox 1043 2503 1096 2533; x_wconf 70' lang='lat' dir='ltr'>ab.</span> <span class='ocrx_word' id='word_1_475' title='bbox 1256 2513 1326 2543; x_wconf 89' lang='lat'>109.</span> <span class='ocrx_word' id='word_1_476' title='bbox 1354 2506 1399 2533; x_wconf 72' lang='lat' dir='ltr'>Fu</span> <span class='ocrx_word' id='word_1_477' title='bbox 1418 2515 1424 2534; x_wconf 93' lang='lat'><strong>:</strong></span> <span class='ocrx_word' id='word_1_478' title='bbox 1449 2504 1610 2545; x_wconf 82' lang='grc' dir='ltr'>ἀνστηράν</span> <span class='ocrx_word' id='word_1_479' title='bbox 1627 2506 1681 2536; x_wconf 86' lang='lat' dir='ltr'>ab.</span> 
     </span>
     <span class='ocr_line' id='line_1_46' title="bbox 85 2546 1681 2586; baseline 0.001 -8"><span class='ocrx_word' id='word_1_480' title='bbox 85 2557 152 2586; x_wconf 86' lang='lat'>113.</span> <span class='ocrx_word' id='word_1_481' title='bbox 180 2549 234 2577; x_wconf 86' lang='lat' dir='ltr'>H:</span> <span class='ocrx_word' id='word_1_482' title='bbox 260 2546 497 2586; x_wconf 82' lang='grc' dir='ltr'>ἐμπαθάστερον</span> <span class='ocrx_word' id='word_1_483' title='bbox 513 2557 542 2578; x_wconf 85' lang='lat' dir='ltr'>a.</span> <span class='ocrx_word' id='word_1_484' title='bbox 673 2555 743 2584; x_wconf 88' lang='lat'>115.</span> <span class='ocrx_word' id='word_1_485' title='bbox 774 2547 799 2575; x_wconf 82' lang='grc' dir='ltr'>εἰ</span> <span class='ocrx_word' id='word_1_486' title='bbox 816 2546 859 2584; x_wconf 87' lang='grc' dir='ltr'>μὴ</span> <span class='ocrx_word' id='word_1_487' title='bbox 877 2546 919 2576; x_wconf 84' lang='lat' dir='ltr'>ab</span> <span class='ocrx_word' id='word_1_488' title='bbox 935 2557 941 2576; x_wconf 91' lang='lat'><strong>:</strong></span> <span class='ocrx_word' id='word_1_489' title='bbox 967 2546 1027 2583; x_wconf 84' lang='grc' dir='ltr'>εἶμί</span> <span class='ocrx_word' id='word_1_490' title='bbox 1043 2549 1084 2577; x_wconf 90' lang='lat' dir='ltr'>H.</span> <span class='ocrx_word' id='word_1_491' title='bbox 1214 2556 1284 2586; x_wconf 88' lang='lat'><em>117.</em></span> <span class='ocrx_word' id='word_1_492' title='bbox 1312 2546 1347 2576; x_wconf 64' lang='grc' dir='ltr'>αἳ</span> <span class='ocrx_word' id='word_1_493' title='bbox 1365 2559 1371 2577; x_wconf 89' lang='lat'>:</span> <span class='ocrx_word' id='word_1_494' title='bbox 1396 2547 1622 2585; x_wconf 74' lang='grc' dir='ltr'>καλινδόμενος</span> <span class='ocrx_word' id='word_1_495' title='bbox 1636 2548 1681 2580; x_wconf 75' lang='lat' dir='ltr'>al.</span> 
     </span>
     <span class='ocr_line' id='line_1_47' title="bbox 80 2589 1680 2631; baseline 0.001 -9"><span class='ocrx_word' id='word_1_496' title='bbox 80 2591 124 2622; x_wconf 86' lang='lat' dir='ltr'>ad</span> <span class='ocrx_word' id='word_1_497' title='bbox 141 2603 148 2622; x_wconf 68' lang='grc' dir='ltr'><strong><em>ε</em></strong></span> <span class='ocrx_word' id='word_1_498' title='bbox 172 2590 370 2627; x_wconf 84' lang='grc' dir='ltr'>μετανοῦντα</span> <span class='ocrx_word' id='word_1_499' title='bbox 387 2589 428 2622; x_wconf 78' lang='lat'>0².</span> <span class='ocrx_word' id='word_1_500' title='bbox 631 2599 701 2629; x_wconf 92' lang='lat'>119.</span> <span class='ocrx_word' id='word_1_501' title='bbox 729 2601 764 2619; x_wconf 86' lang='grc' dir='ltr'>τε</span> <span class='ocrx_word' id='word_1_502' title='bbox 781 2593 855 2621; x_wconf 78' lang='lat' dir='ltr'>add.</span> <span class='ocrx_word' id='word_1_503' title='bbox 875 2600 892 2620; x_wconf 84' lang='lat' dir='ltr'>c</span> <span class='ocrx_word' id='word_1_504' title='bbox 909 2593 979 2620; x_wconf 76' lang='lat' dir='ltr'>ante</span> <span class='ocrx_word' id='word_1_505' title='bbox 995 2589 1058 2621; x_wconf 75' lang='grc' dir='ltr'>καὶ.</span> <span class='ocrx_word' id='word_1_506' title='bbox 1267 2601 1336 2621; x_wconf 88' lang='lat'><em>120.</em></span> <span class='ocrx_word' id='word_1_507' title='bbox 1366 2589 1382 2620; x_wconf 73' lang='grc' dir='ltr'><strong>ὃ</strong></span> <span class='ocrx_word' id='word_1_508' title='bbox 1400 2591 1436 2629; x_wconf 85' lang='grc' dir='ltr'>δὴ</span> <span class='ocrx_word' id='word_1_509' title='bbox 1453 2594 1504 2622; x_wconf 79' lang='lat' dir='ltr'>Hc</span> <span class='ocrx_word' id='word_1_510' title='bbox 1520 2604 1526 2622; x_wconf 90' lang='lat'>:</span> <span class='ocrx_word' id='word_1_511' title='bbox 1552 2592 1608 2631; x_wconf 83' lang='grc' dir='ltr'>ὐδὴ</span> <span class='ocrx_word' id='word_1_512' title='bbox 1627 2594 1680 2623; x_wconf 78' lang='lat' dir='ltr'>ab.</span> 
     </span>
     <span class='ocr_line' id='line_1_48' title="bbox 80 2632 1679 2674; baseline 0.001 -9"><span class='ocrx_word' id='word_1_513' title='bbox 80 2635 124 2665; x_wconf 86' lang='lat' dir='ltr'>b:</span> <span class='ocrx_word' id='word_1_514' title='bbox 149 2634 295 2673; x_wconf 84' lang='grc' dir='ltr'>προκαλῆ</span> <span class='ocrx_word' id='word_1_515' title='bbox 312 2644 341 2664; x_wconf 83' lang='lat' dir='ltr'>a.</span> <span class='ocrx_word' id='word_1_516' title='bbox 516 2644 587 2664; x_wconf 84' lang='lat'><strong>122.</strong></span> <span class='ocrx_word' id='word_1_517' title='bbox 614 2633 636 2663; x_wconf 86' lang='lat' dir='ltr'>d</span> <span class='ocrx_word' id='word_1_518' title='bbox 653 2644 660 2663; x_wconf 92' lang='lat'><strong>:</strong></span> <span class='ocrx_word' id='word_1_519' title='bbox 685 2632 870 2672; x_wconf 83' lang='grc' dir='ltr'>ἑκατέροθεν</span> <span class='ocrx_word' id='word_1_520' title='bbox 887 2644 916 2663; x_wconf 84' lang='lat' dir='ltr'>a.</span> <span class='ocrx_word' id='word_1_521' title='bbox 1085 2643 1154 2671; x_wconf 91' lang='lat'><em>124.</em></span> <span class='ocrx_word' id='word_1_522' title='bbox 1182 2633 1255 2664; x_wconf 71' lang='lat'>{1²02</span> <span class='ocrx_word' id='word_1_523' title='bbox 1282 2635 1594 2674; x_wconf 66' lang='grc' dir='ltr'>συνεπιλαμβάνομαι</span> <span class='ocrx_word' id='word_1_524' title='bbox 1612 2636 1679 2667; x_wconf 68' lang='lat'>21³1).</span> 
     </span>
     <span class='ocr_line' id='line_1_49' title="bbox 84 2677 1682 2719; baseline 0.002 -11"><span class='ocrx_word' id='word_1_525' title='bbox 84 2688 154 2717; x_wconf 89' lang='lat'>125.</span> <span class='ocrx_word' id='word_1_526' title='bbox 183 2677 215 2707; x_wconf 89' lang='grc' dir='ltr'>δὲ</span> <span class='ocrx_word' id='word_1_527' title='bbox 233 2680 305 2709; x_wconf 76' lang='lat' dir='ltr'>add.</span> <span class='ocrx_word' id='word_1_528' title='bbox 326 2688 352 2708; x_wconf 83' lang='lat' dir='ltr'>e.</span> <span class='ocrx_word' id='word_1_529' title='bbox 493 2687 562 2716; x_wconf 89' lang='lat'><strong>127.</strong></span> <span class='ocrx_word' id='word_1_530' title='bbox 591 2677 688 2707; x_wconf 76' lang='grc' dir='ltr'>εἴδους</span> <span class='ocrx_word' id='word_1_531' title='bbox 705 2679 778 2707; x_wconf 77' lang='lat' dir='ltr'>add.</span> <span class='ocrx_word' id='word_1_532' title='bbox 797 2687 824 2708; x_wconf 84' lang='lat' dir='ltr'>e.</span> <span class='ocrx_word' id='word_1_533' title='bbox 961 2677 1009 2707; x_wconf 61' lang='lat' dir='ltr'>J-&#39;b</span> <span class='ocrx_word' id='word_1_534' title='bbox 1028 2688 1035 2707; x_wconf 77' lang='lat' dir='ltr'>t</span> <span class='ocrx_word' id='word_1_535' title='bbox 1060 2677 1260 2717; x_wconf 73' lang='grc' dir='ltr'>προκατάρξη</span> <span class='ocrx_word' id='word_1_536' title='bbox 1279 2677 1360 2709; x_wconf 68' lang='lat' dir='ltr'>aNS.</span> <span class='ocrx_word' id='word_1_537' title='bbox 1509 2689 1580 2719; x_wconf 86' lang='lat'><strong>129.</strong></span> <span class='ocrx_word' id='word_1_538' title='bbox 1608 2679 1682 2711; x_wconf 74' lang='lat' dir='ltr'>ac²z</span> 
     </span>
     <span class='ocr_line' id='line_1_50' title="bbox 80 2721 271 2761; baseline 0.005 -10"><span class='ocrx_word' id='word_1_539' title='bbox 80 2721 223 2761; x_wconf 74' lang='grc' dir='ltr'>ὑμετέρῳ</span> <span class='ocrx_word' id='word_1_540' title='bbox 240 2722 271 2752; x_wconf 91' lang='lat' dir='ltr'>b.</span> 
     </span>
    </p>

    <p class='ocr_par' dir='ltr' id='par_1_11' title="bbox 124 2829 1545 2875">
     <span class='ocr_line' id='line_1_51' title="bbox 124 2829 1545 2875; baseline 0.002 -14"><span class='ocrx_word' id='word_1_541' title='bbox 124 2842 176 2872; x_wconf 82' lang='lat'>93.</span> <span class='ocrx_word' id='word_1_542' title='bbox 203 2831 313 2871; x_wconf 82' lang='grc' dir='ltr'>τριῶν]</span> <span class='ocrx_word' id='word_1_543' title='bbox 354 2833 440 2872; x_wconf 82' lang='lat' dir='ltr'><strong>Epp.</strong></span> <span class='ocrx_word' id='word_1_544' title='bbox 472 2841 546 2871; x_wconf 70' lang='lat'>915,</span> <span class='ocrx_word' id='word_1_545' title='bbox 575 2832 648 2870; x_wconf 76' lang='lat'>9877</span> <span class='ocrx_word' id='word_1_546' title='bbox 677 2840 764 2870; x_wconf 81' lang='lat'><strong>9923</strong></span> <span class='ocrx_word' id='word_1_547' title='bbox 801 2832 843 2860; x_wconf 77' lang='lat' dir='ltr'>cf.</span> <span class='ocrx_word' id='word_1_548' title='bbox 958 2831 1012 2868; x_wconf 85' lang='lat'>98.</span> <span class='ocrx_word' id='word_1_549' title='bbox 1037 2829 1177 2870; x_wconf 75' lang='grc' dir='ltr'>πικρίαν]</span> <span class='ocrx_word' id='word_1_550' title='bbox 1205 2831 1263 2875; x_wconf 59' lang='lat' dir='ltr'>Cf·</span> <span class='ocrx_word' id='word_1_551' title='bbox 1289 2832 1351 2869; x_wconf 79' lang='lat' dir='ltr'>Ep.</span> <span class='ocrx_word' id='word_1_552' title='bbox 1374 2842 1465 2870; x_wconf 83' lang='lat'><strong>1004.</strong></span> <span class='ocrx_word' id='word_1_553' title='bbox 1491 2842 1545 2872; x_wconf 87' lang='lat'>59.</span> 
     </span>
    </p>

    <p class='ocr_par' dir='ltr' id='par_1_12' title="bbox 81 2873 1458 2916">
     <span class='ocr_line' id='line_1_52' title="bbox 81 2873 1458 2916; baseline 0.001 -10"><span class='ocrx_word' id='word_1_554' title='bbox 81 2876 144 2916; x_wconf 89' lang='lat' dir='ltr'>Ep.</span> <span class='ocrx_word' id='word_1_555' title='bbox 166 2886 259 2914; x_wconf 86' lang='lat'><strong>1004.</strong></span> <span class='ocrx_word' id='word_1_556' title='bbox 282 2885 335 2905; x_wconf 89' lang='lat' dir='ltr'>1n.</span> <span class='ocrx_word' id='word_1_557' title='bbox 962 2883 1030 2912; x_wconf 86' lang='lat'><strong>107.</strong></span> <span class='ocrx_word' id='word_1_558' title='bbox 1059 2873 1214 2914; x_wconf 43' lang='lat' dir='ltr'>»sammua</span> <span class='ocrx_word' id='word_1_559' title='bbox 1242 2876 1301 2904; x_wconf 82' lang='lat' dir='ltr'>Ar.</span> <span class='ocrx_word' id='word_1_560' title='bbox 1321 2878 1366 2905; x_wconf 77' lang='lat' dir='ltr'>Pl.</span> <span class='ocrx_word' id='word_1_561' title='bbox 1384 2878 1458 2907; x_wconf 87' lang='lat'>600.</span> 
     </span>
    </p>
   </div>
   <div class='ocr_carea' id='block_1_8' title="bbox 168 2916 1600 2960">
    <p class='ocr_par' dir='ltr' id='par_1_13' title="bbox 168 2916 1600 2960">
     <span class='ocr_line' id='line_1_53' title="bbox 168 2916 1600 2960; baseline -0.005 -2"><span class='ocrx_word' id='word_1_562' title='bbox 168 2919 239 2960; x_wconf 60' lang='grc' dir='ltr'>μιᾷ]</span> <span class='ocrx_word' id='word_1_563' title='bbox 259 2920 321 2958; x_wconf 77' lang='lat' dir='ltr'>ED-</span> <span class='ocrx_word' id='word_1_564' title='bbox 340 2928 413 2959; x_wconf 83' lang='lat'>915-</span> <span class='ocrx_word' id='word_1_565' title='bbox 961 2927 1028 2947; x_wconf 79' lang='lat'>120.</span> <span class='ocrx_word' id='word_1_566' title='bbox 1055 2916 1176 2957; x_wconf 71' lang='grc' dir='ltr'>πεδίον]</span> <span class='ocrx_word' id='word_1_567' title='bbox 1204 2918 1253 2948; x_wconf 82' lang='lat' dir='ltr'>Cf.</span> <span class='ocrx_word' id='word_1_568' title='bbox 1273 2919 1336 2958; x_wconf 83' lang='lat' dir='ltr'>Ep.</span> <span class='ocrx_word' id='word_1_569' title='bbox 1359 2929 1450 2957; x_wconf 82' lang='lat'><strong>1004.</strong></span> <span class='ocrx_word' id='word_1_570' title='bbox 1476 2920 1527 2958; x_wconf 80' lang='lat'>28,</span> <span class='ocrx_word' id='word_1_571' title='bbox 1547 2931 1600 2959; x_wconf 84' lang='lat'>97.</span> 
     </span>
    </p>
   </div>
   <div class='ocr_carea' id='block_1_9' title="bbox 1715 690 1775 712">
    <p class='ocr_par' dir='ltr' id='par_1_14' title="bbox 1715 690 1775 712">
     <span class='ocr_line' id='line_1_54' title="bbox 1715 690 1775 712; baseline 0.033 -2"><span class='ocrx_word' id='word_1_572' title='bbox 1715 690 1775 712; x_wconf 86' lang='lat'>100</span> 
     </span>
    </p>
   </div>
   <div class='ocr_carea' id='block_1_10' title="bbox 1714 1241 1775 1262">
    <p class='ocr_par' dir='ltr' id='par_1_15' title="bbox 1714 1241 1775 1262">
     <span class='ocr_line' id='line_1_55' title="bbox 1714 1241 1775 1262; baseline 0 0"><span class='ocrx_word' id='word_1_573' title='bbox 1714 1241 1775 1262; x_wconf 89' lang='lat'>110</span> 
     </span>
    </p>
   </div>
   <div class='ocr_carea' id='block_1_11' title="bbox 1714 1508 1773 1539">
    <p class='ocr_par' dir='ltr' id='par_1_16' title="bbox 1714 1508 1773 1539">
     <span class='ocr_line' id='line_1_56' title="bbox 1714 1508 1773 1539; baseline 0 -10"><span class='ocrx_word' id='word_1_574' title='bbox 1714 1508 1773 1539; x_wconf 82' lang='lat'>115</span> 
     </span>
    </p>
   </div>
   <div class='ocr_carea' id='block_1_12' title="bbox 1714 1783 1775 1805">
    <p class='ocr_par' dir='ltr' id='par_1_17' title="bbox 1714 1783 1775 1805">
     <span class='ocr_line' id='line_1_57' title="bbox 1714 1783 1775 1805; baseline 0.016 -1"><span class='ocrx_word' id='word_1_575' title='bbox 1714 1783 1775 1805; x_wconf 76' lang='lat'>120</span> 
     </span>
    </p>
   </div>
   <div class='ocr_carea' id='block_1_13' title="bbox 1711 2335 1770 2364">
    <p class='ocr_par' dir='ltr' id='par_1_18' title="bbox 1711 2335 1770 2364">
     <span class='ocr_line' id='line_1_58' title="bbox 1711 2335 1770 2364; baseline 0.017 -9"><span class='ocrx_word' id='word_1_576' title='bbox 1711 2335 1770 2364; x_wconf 82' lang='lat'>130</span> 
     </span>
    </p>
   </div>
  </div>
 </body>
</html>
