1990 3353
327 106 406 144 454
792 103 1043 142 LETTERS
1081 102 1150 141 OF
1187 101 1454 141 ERASMUS
1805 100 1843 155 [1
1853 114 1873 150 5
1882 115 1899 138 2
1910 114 1925 139 1

329 212 464 260 Italia,
500 211 699 250 Iacobum
738 210 921 249 Fabrum
960 210 1252 261 Stapulensem
1290 210 1334 248 in
1374 210 1521 258 Gallia,
1563 210 1846 250 Reuchlinum
1885 210 1929 248 in

329 267 562 311 Germania,
594 266 819 304 Erasmum
849 265 895 302 in
924 265 1157 304 Brabantia.

384 322 535 371 Brugis
557 320 754 359 Minorita
772 319 954 369 quidam,
977 319 1261 369 suffraganeus
1291 318 1575 363 Tornacensis,
1597 319 1642 356 in
1666 319 1822 368 templo
1843 318 1930 356 diui

269 388 310 418 30
329 375 554 414 Donatiani
588 377 720 413 totam
751 374 896 412 horam
931 373 1197 412 concionatus
1227 374 1290 411 est
1323 372 1365 410 in
1401 372 1631 411 Lutherum
1665 375 1706 411 et
1734 373 1779 410 in
1807 386 1929 411 me—

329 443 426 468 nam
449 430 524 467 hoc
545 429 771 467 consilium
790 428 901 467 inter
921 428 1069 477 pocula
1088 427 1308 466 condidere
1328 428 1534 471 monachi,
1557 430 1604 466 vt
1630 440 1708 475 me,
1732 427 1801 477 qui
1823 426 1929 465 nihil

328 484 503 522 habeam
523 483 763 522 commercii
782 496 877 521 cum
897 482 1092 529 Luthero,
1115 495 1277 531 semper
1296 494 1391 519 cum
1411 481 1484 519 illo
1511 482 1831 531 coniungant—‚
1855 494 1931 519 nec

329 541 467 577 tamen
497 538 725 587 quidquam
756 537 917 576 docuit:
946 539 1110 575 tantum
1137 536 1302 574 vocauit
1329 549 1405 574 nos
1434 549 1565 585 grues,
1590 536 1740 583 asinos,
1764 535 1927 579 bestias,

329 593 505 642 stipites,
527 592 838 638 Antichristos3
870 591 971 629 adeo
997 594 1042 628 vt
1069 590 1212 629 nullus
1237 591 1280 628 in
1308 590 1461 640 populo
1489 590 1687 628 iudicaret
1715 589 1932 628 hominem

270 659 309 691 35
329 660 416 685 esse
449 647 539 684 sani
571 647 728 696 capitis.
791 646 844 684 In
878 646 1008 684 altera
1041 645 1237 683 concione
1271 645 1377 682 dixit
1410 644 1455 682 in
1489 644 1608 682 libris
1646 645 1810 683 Erasmi
1844 656 1932 682 esse

329 702 531 751 quaedam
551 701 766 739 haeretica.
827 702 866 738 A
887 700 1082 738 concione
1102 702 1268 749 rogatus
1293 712 1317 737 a
1342 699 1462 737 docto
1489 699 1666 748 quodam
1687 698 1933 748 magistratu

330 768 535 806 quaenam
554 758 693 794 essent
712 755 795 801 illa,
818 755 986 804 negauit
1006 767 1049 792 se
1069 767 1183 792 meos
1202 753 1330 791 libros
1354 753 1502 803 legisse
1518 767 1527 801 ;
1557 753 1738 791 voluisse
1765 753 1934 803 quidem

330 810 462 860 legere
482 811 563 848 Pa1
566 810 770 860 aphiases
793 809 863 847 sed
885 809 935 847 ob
954 809 1084 847 altam
1105 808 1378 846 Latinitatem
1406 811 1589 845 metuere
1615 821 1668 845 ne
1696 820 1859 857 possem
1887 807 1933 844 in

329 864 513 918 aliquam
551 864 756 902 haeiesim
793 863 961 914 prolabi.
1033 863 1170 901 Audis
1208 875 1391 900 scurram
1429 862 1679 911 Episcopum
1717 861 1934 911 perfrictae

270 936 312 967 40
330 919 493 957 frontis.

386 973 468 1011 His
511 973 637 1011 etiam
682 972 874 1011 stultiora
918 971 1127 1010 blaterant
1168 970 1375 1009 Iacobitae
1418 970 1785 1020 Antwerpienses3
1832 969 1932 1008 adeo

331 1028 526 1066 seditiose
567 1030 612 1065 vt
661 1027 929 1076 magistratus
976 1026 1298 1075 haudquaquam
1343 1025 1510 1072 stultus,
1555 1027 1748 1063 metuens
1791 1024 1934 1074 populi

331 1082 577 1130 tumultum,
595 1081 859 1120 admonuerit
881 1094 951 1119 eos
966 1082 1012 1119 vt
1026 1081 1134 1129 apud
1155 1080 1356 1129 populum
1372 1093 1446 1118 nec
1461 1079 1681 1128 probarent
1698 1079 1934 1117 Lutherum

331 1150 407 1174 nec
428 1137 689 1183 incesserent,
715 1136 783 1174 sed
805 1135 1090 1185 praedicarent
1110 1133 1389 1184 Euangelium
1416 1134 1584 1173 Christi.
1645 1133 1741 1172 Mox
1767 1135 1935 1171 exortus

272 1204 313 1234 45
331 1191 528 1229 Minorita
558 1191 739 1240 quidam,
768 1190 894 1228 homo
924 1188 1273 1239 linguacissimus,
1303 1188 1471 1226 nomine
1500 1187 1694 1235 Mathias,
1723 1188 1839 1234 dixit,
1867 1186 1935 1225 ‘Si

332 1246 461 1284 vultis
502 1245 646 1283 audire
680 1244 970 1293 Euangelium,
1005 1244 1047 1281 id
1087 1244 1229 1281 audire
1266 1242 1409 1281 licebit
1446 1256 1470 1280 a
1502 1242 1741 1292 pastoribus
1773 1242 1936 1285 vestris,

331 1300 496 1339 etiamsi
525 1303 649 1338 noctu
681 1299 977 1337 concubuerint
1006 1311 1100 1336 cum
1130 1297 1270 1347 aliquo
1299 1300 1434 1335 scorto
1450 1297 1472 1336 '.

386 1354 565 1393 Louanii
604 1354 828 1392 Carmelita
865 1353 1044 1403 quidam,
1083 1352 1279 1391 Nicolaus
1317 1352 1624 1399 Ecmondanus,
1657 1351 1702 1389 in
1732 1350 1938 1390 ordinaria

330 1409 508 1447 lectione
538 1408 772 1458 theologica
800 1408 906 1446 dixit
935 1407 1115 1445 Paulum
1144 1419 1194 1444 ex
1221 1408 1516 1456 persequutore
1545 1405 1752 1444 Ecclesiae
1779 1406 1936 1444 factum

273 1480 313 1511 50
333 1464 491 1501 bonum
511 1463 648 1501 virum
669 1478 677 1510 3
711 1463 967 1512 precandum
991 1465 1038 1499 vt
1064 1462 1174 1499 idem
1198 1461 1363 1498 eueniat
1389 1461 1434 1498 in
1464 1459 1647 1498 Luthero
1675 1464 1718 1498 et
1746 1460 1936 1499 Erasmo.

333 1518 478 1556 Altera
514 1517 693 1556 lectione
732 1517 839 1555 dixit
877 1529 964 1554 esse
1002 1516 1220 1554 dissidium
1259 1516 1371 1552 inter
1402 1515 1627 1553 Erasmum
1661 1516 1703 1552 et
1737 1514 1937 1552 Iacobum

335 1572 542 1619 Fabrum3
575 1575 671 1610 ‘nec
691 1572 876 1618 mirum;
890 1570 899 1584 '
929 1571 1079 1620 inquit,
1106 1571 1115 1588 ‘
1130 1582 1344 1620 nunquam
1364 1582 1443 1618 pax
1463 1572 1526 1607 est
1549 1568 1662 1607 inter
1683 1569 1937 1607 haereticos?

333 1627 390 1665 Et
425 1626 491 1664 hic
525 1629 588 1664 est
621 1626 782 1676 primus
821 1602 947 1664 lidius
980 1624 1228 1663 Academiae
1267 1624 1495 1673 theologus,
1532 1623 1659 1690 homo
1697 1623 1853 1661 stultus
1890 1636 1935 1662 ac

335 1681 519 1719 furiosus
547 1693 593 1718 ac
622 1680 727 1718 mire
756 1680 960 1741 pertinax.

275 1747 314 1779 55
388 1735 422 1772 E
439 1735 632 1785 plurimis
648 1748 776 1784 pauca
792 1734 970 1781 narraui,
986 1733 1175 1783 equibus
1190 1732 1289 1771 licet
1301 1732 1478 1771 aliorum
1495 1733 1627 1770 facere
1643 1732 1933 1771 coniecturam.

334 1790 509 1828 Vtinam
536 1789 575 1827 S.
600 1789 649 1827 D.
674 1789 724 1827 N.
747 1789 867 1827 sciret
891 1788 1042 1838 quibus
1069 1787 1204 1826 modis
1229 1787 1298 1825 hic
1324 1800 1388 1825 res
1413 1788 1603 1836 geratur!
1661 1787 1788 1825 Crede
1816 1787 1934 1833 mihi,

334 1844 530 1882 monachi
560 1857 643 1882 non
671 1845 801 1893 agunt
828 1843 942 1881 illius
971 1842 1189 1892 negocium
1219 1842 1288 1879 sed
1319 1854 1453 1879 suum.
1514 1841 1723 1891 Quidquid
1754 1843 1938 1879 meretur

335 1899 557 1945 Lutherus,
599 1900 706 1936 certe
750 1901 918 1947 tempus
963 1899 1025 1934 est
1067 1898 1116 1935 vt
1161 1896 1330 1934 Carolus
1375 1895 1598 1945 prospiciat
1641 1895 1939 1946 tranquillitati

335 1953 606 1991 Christianae.
669 1951 717 1990 Id
738 1952 817 1989 erit
837 1952 873 1990 si
895 1964 1065 2001 prorsus
1090 1951 1331 2000 imponatur
1355 1950 1573 1988 silentium
1599 1950 1706 1999 apud
1734 1950 1937 2000 populum

275 2018 317 2049 60
333 2007 496 2058 vtrique
529 2007 648 2057 parti,
680 2009 721 2045 et
749 2005 960 2044 Lutherus
988 2005 1150 2043 desinat
1179 2005 1359 2043 scribere
1392 2004 1521 2042 libros
1554 2004 1814 2049 huiusmodi;
1852 2004 1937 2043 imo

335 2075 437 2112 quos
470 2061 647 2111 scripsit,
679 2063 872 2110 repurget
902 2061 952 2098 ab
981 2059 1073 2098 istis
1103 2072 1206 2109 quae
1234 2058 1433 2108 praebent
1462 2058 1675 2096 seditionis
1703 2059 1934 2097 materiam.

336 2116 415 2164 Qui
436 2116 601 2154 laudem
622 2119 881 2165 aucupantur
900 2128 922 2152 e
941 2114 1117 2163 publicis
1137 2112 1269 2160 malis,
1294 2113 1459 2150 malunt
1478 2113 1652 2151 saeuitia
1672 2126 1758 2150 rem
1778 2113 1935 2152 confici.

335 2171 390 2208 Et
410 2170 574 2209 vtinam
593 2172 703 2208 esset
722 2172 830 2207 recte
850 2169 1035 2207 confecta
1054 2170 1099 2205 in
1119 2168 1295 2217 gloriam
1316 2167 1494 2205 Christi!
1552 2167 1632 2205 Sed
1655 2180 1779 2205 nemo
1799 2168 1940 2206 credat

336 2238 461 2275 quam
480 2225 562 2262 late
583 2224 790 2262 Lutherus
810 2223 1020 2273 irrepserit
1039 2223 1083 2260 in
1105 2222 1266 2260 animos
1284 2222 1513 2259 multarum
1533 2221 1734 2271 gentium,
1751 2224 1792 2260 et
1813 2235 1937 2271 quam

276 2284 316 2324 65
335 2279 417 2317 alte
437 2279 637 2317 insederit
656 2278 775 2316 libris
795 2278 911 2316 omni
929 2277 1075 2327 lingua
1094 2289 1427 2326 quaquauersum
1446 2276 1611 2325 sparsis.
1662 2275 1851 2314 Mussant
1870 2276 1939 2314 hic

380 2376 433 2414 38.
461 2385 599 2415 possem
626 2378 657 2406 O.
704 2377 842 2405 Merulae
866 2378 967 2405 tamen
991 2375 1109 2414 posset
1132 2377 1234 2411 mauis
1257 2383 1426 2410 coum-uum
1451 2375 1632 2404 ridebatur:
1662 2375 1774 2404 adiicit
1797 2376 1882 2403 enim
1904 2375 1939 2403 in

338 2422 492 2456 maraine,
513 2420 588 2450 ·1ta
612 2419 786 2458 scriptum
811 2421 886 2449 erat
911 2419 951 2449 in
968 2419 1218 2457 Autographo;
1248 2418 1288 2447 vt
1312 2416 1357 2447 ad
1382 2417 1570 2447 Erasmum
1595 2416 1761 2447 videatur
1784 2417 1938 2447 referen-

339 2463 425 2492 dum
434 2461 452 2494 '.
480 2466 537 2494 Sed
549 2467 587 2500 cf.
602 2466 681 2500 Epp.
693 2472 785 2500 1144.
798 2472 849 2500 47,
862 2471 955 2493 1212.
970 2463 1241 2501 19,z·1›17E=rasmus
1253 2463 1313 2490 sibi
1324 2464 1446 2496 constat,
1459 2463 1539 2490 idem
1550 2463 1664 2490 dicens.
1727 2470 1778 2499 39.
1798 2460 1938 2500 Episco-

338 2515 425 2545 pum
453 2509 576 2545 scripsi,
601 2508 773 2537 secundum
790 2508 848 2542 Ep.
877 2514 968 2545 1144.
996 2515 1049 2544 45,
1076 2507 1112 2541 cf.
1132 2504 1186 2535 Nl
1207 2514 1238 2541 p.
1261 2513 1346 2543 795:
1382 2504 1577 2543 Epieopum
1608 2507 1652 2534 O:
1691 2503 1845 2534 ἐπικωπον
1870 2506 1936 2541 LB,

337 2551 593 2586 memorfmtasse
608 2554 670 2581 Ar.
688 2552 770 2579 Ach.
791 2558 900 2587 230,1.
1008 2558 1061 2588 55.
1088 2549 1254 2588 plurimis
1273 2547 1307 2577 Ol
1324 2549 1399 2578 LB:
1423 2548 1585 2587 pluribus
1603 2546 1650 2578 0².
1764 2548 1816 2585 63.
1842 2550 1936 2578 recte

340 2591 375 2622 0²
389 2604 396 2624 2
423 2596 517 2623 recta
533 2593 577 2627 Ol.
593 2599 619 2624 et
634 2596 670 2623 in
681 2595 822 2630 tanao-qino.
842 2596 849 2610 ⁶
861 2593 952 2624 forte
966 2603 1010 2623 an
1025 2597 1098 2623 recle
1109 2592 1115 2605 ’
1128 2602 1136 2630 ;
1160 2594 1251 2630 quas-‘1'
1260 2594 1368 2628 lapsus
1383 2596 1457 2621 esset
1471 2593 1500 2622 s.
1515 2593 1638 2621 Grotius
1650 2595 1685 2621 in
1696 2594 1934 2622 transcribendo,

340 2677 378 2708 of
396 2678 429 2710 J.
448 2678 590 2713 Valdes‚
614 2690 686 2710 was
712 2680 837 2710 drawn
865 2681 1019 2711 towards·
1043 2681 1105 2711 the
1212 2689 1265 2719 32.
1291 2680 1530 2721 coniungant]
1549 2680 1601 2712 Cf.
1619 2681 1681 2721 Ep.
1705 2681 1796 2711 1182.
1813 2691 1910 2720 9-10.

339 2722 548 2759 Reformers,
564 2723 636 2754 and
650 2724 806 2754 married
820 2734 848 2756 c.
869 2733 961 2764 1545,
979 2724 1106 2764 finally
1209 2733 1262 2763 33.
1291 2724 1412 2763 grues]
1431 2724 1483 2755 Cf.
1494 2724 1682 2763 Epp.1144.
1694 2725 1851 2764 41‚⁴1183.
1862 2734 1932 2756 111.

338 2765 528 2804 achieving
546 2767 724 2806 notoriety
741 2768 787 2808 by
804 2768 861 2798 his
878 2769 1042 2807 writings
1060 2778 1105 2798 011
1211 2769 1263 2806 36.
1291 2768 1519 2808 magistratu]
1538 2768 1694 2808 Perhaps
1711 2768 1912 2799 Cranevelt.

338 2809 539 2848 polygamy.
589 2810 651 2840 See
675 2821 695 2841 a
715 2811 776 2842 life
798 2812 845 2850 by
868 2812 910 2842 K.
931 2811 1103 2848 Benrath,
1210 2821 1263 2849 41.
1288 2811 1597 2851 Antwerpicnses]
1615 2812 1667 2843 Cf.
1686 2812 1750 2851 Ep.
1772 2822 1865 2850 1144.
1883 2812 1936 2851 38.

338 2852 535 2883 translated
558 2853 604 2892 by
624 2853 670 2884 H.
688 2854 882 2894 Zimmern,
906 2856 987 2893 1876
1004 2865 1011 2892 ;
1034 2855 1105 2885 and
1211 2864 1265 2893 45.
1291 2854 1476 2895 Minorita]
1495 2855 1546 2886 Cf.
1566 2855 1627 2894 Ep.
1650 2856 1741 2886 1188.
1759 2856 1856 2894 8-13.

339 2896 446 2927 NBG.
1213 2898 1266 2935 48.
1292 2897 1460 2938 Louanii]
1479 2898 1530 2930 Cf.
1549 2899 1610 2938 Ep.
1632 2908 1723 2937 1144.
1744 2899 1863 2937 28-33.

382 2950 434 2978 29.
462 2939 607 2980 Brugis]
625 2940 676 2971 Cf.
697 2941 760 2981 Ep.
783 2951 874 2979 1144.
893 2942 1013 2981 39-48.
1213 2951 1264 2979 49.
1292 2941 1457 2981 Paulum]
1475 2942 1526 2973 Cf.
1546 2943 1609 2981 Ep.
1632 2943 1726 2980 1164.
1741 2942 1837 2981 57-8.

381 2992 435 3022 3¹·
461 2983 646 3024 monachi]
665 2985 716 3015 Cf.
736 2985 800 3024 Ep.
823 2995 914 3023 1144.
932 2995 1029 3017 21-2.
1213 2994 1264 3023 52.
1294 2984 1463 3025 Fabrum]
1483 2985 1534 3016 Cf.
1552 2985 1614 3025 Ep.
1637 2995 1729 3024 1144.
1746 2995 1825 3025 32n.
