1990 3353
303 146 382 186 212
769 145 1022 185 LETTERS
1059 145 1129 184 OF
1166 144 1433 185 ERASMUS
1778 141 1904 196 [1520

303 255 411 294 nihil
435 255 548 294 enim
579 255 652 294 illa
681 255 949 294 commeruit:
979 267 1065 292 non
1093 254 1226 304 magis
1254 267 1376 305 quam
1405 253 1599 293 hortulus
1628 253 1673 292 in
1702 267 1783 304 quo
1811 252 1906 292 sub-

243 324 283 358 35
303 309 461 348 oriatur
488 311 712 357 aconitum,
733 310 834 348 alias
854 309 1109 359 optimorum
1135 308 1328 347 holerum
1355 308 1479 347 ferax.
1541 308 1632 346 Iam
1660 321 1773 346 nunc
1792 308 1842 347 ad
1863 309 1905 346 te

302 364 511 403 misissem
532 364 667 414 operis
688 364 770 401 mei
789 365 971 413 gustum,
989 362 1025 401 si
1045 364 1181 401 certus
1201 363 1353 413 aliquis
1372 362 1602 412 obtigisset.
1648 362 1744 401 Non
1759 361 1904 401 aedam

302 420 444 456 tamen
464 419 547 457 nisi
566 418 826 468 recognitum
849 419 921 455 aut
946 417 1218 467 approbatum
1245 431 1269 456 a
1295 417 1511 460 Rhenano,
1532 430 1582 455 ne
1608 415 1716 455 mihi
1741 415 1906 455 nouitas

302 472 563 510 inuentionis
596 472 794 522 imponat.
865 471 937 510 Lei
971 471 1163 510 libellum
1197 472 1385 510 nondum
1415 471 1568 521 perlegi
1598 471 1759 509 totum:
1799 469 1906 508 illud

302 526 434 573 video,
463 526 499 564 si
526 526 726 565 ademeris
754 525 886 565 calida
913 525 1098 564 conuicia
1127 529 1168 564 et
1196 526 1413 564 mendaces
1440 525 1608 573 indices,
1630 525 1790 575 reliqua
1817 537 1904 563 esse

243 597 286 629 40
302 580 582 630 frigidissima.

360 634 487 673 Plura
513 634 740 684 scripturus
767 647 890 682 eram,
920 634 991 673 sed
1016 633 1163 673 vltima
1191 633 1313 673 nauis
1340 633 1425 672 iam
1454 633 1553 672 hinc
1580 632 1666 671 abit
1695 632 1906 671 Francfor-

304 689 427 727 diam.
480 689 795 738 Properandum
816 691 913 727 erat.
966 690 1102 738 Agam
1123 688 1245 727 amici
1263 691 1401 739 partes
1421 686 1665 727 fidelissimi.
1716 687 1799 726 Res
1818 686 1909 737 ipsa

304 743 525 782 declarabit
545 743 672 782 breui.

358 798 460 836 Vale
481 798 680 837 Basileae.
740 797 822 836 xvi.
845 797 917 836 cal.
942 797 1075 847 April.
1100 798 1182 836 An.
1206 809 1367 836 M.D.Xx.

667 1027 791 1067 1084.
854 1025 987 1066 FRoM
1019 1025 1256 1068 BONIFACE
1287 1026 1561 1069 AMERBACH.

354 1133 460 1168 Basle
481 1132 556 1167 MS.
578 1132 615 1167 C.
635 1132 717 1167 Vla.
740 1143 794 1178 73.
816 1143 883 1186 329
903 1132 965 1178 (a).
1645 1133 1765 1170 Basle.

354 1190 440 1225 ΕΑΕ
459 1190 504 1225 f0.
526 1190 556 1226 G
575 1191 663 1236 (6¹):
690 1190 779 1226 EEV
796 1203 832 1236 p.
855 1193 898 1236 89
919 1190 997 1236 (0²).
1549 1202 1589 1236 19
1608 1191 1738 1228 March
1762 1201 1860 1238 1520.

352 1288 480 1330 [There
503 1298 563 1319 are
589 1287 691 1319 three
716 1297 855 1318 sources
878 1287 916 1318 of
936 1287 1051 1326 prime
1075 1288 1317 1328 importance:
1350 1287 1469 1327 firstly
1492 1288 1691 1319 Boniface’s
1713 1289 1910 1329 autograph

310 1332 421 1372 rough
435 1332 531 1362 draft
550 1332 600 1372 (α)
618 1343 626 1371 ;
651 1331 819 1370 secondly
832 1330 898 1371 (131)
918 1331 995 1362 ΕΑΕ
1014 1332 1062 1372 (p.
1076 1334 1154 1370 210)
1172 1343 1179 1370 ;
1202 1331 1274 1362 and
1291 1331 1435 1370 thirdly
1448 1332 1523 1362 Essv
1536 1331 1616 1372 (132).
1653 1333 1726 1363 The
1744 1334 1814 1363 two
1828 1333 1907 1373 last,

307 1376 399 1406 from
424 1376 522 1406 their
544 1376 634 1406 close
658 1375 867 1412 connexion,
894 1384 977 1414 may
996 1376 1039 1406 be
1058 1374 1195 1414 jointly
1217 1375 1426 1415 designated
1450 1385 1488 1406 as
1511 1377 1545 1409 β.
1590 1375 1663 1407 The
1687 1376 1795 1407 letter
1818 1376 1911 1407 from

307 1419 427 1450 Zasius
445 1421 480 1450 to
497 1419 666 1450 Boniface
691 1420 749 1459 (16
767 1419 889 1449 March
905 1430 912 1449 :
937 1418 1040 1450 Basle
1058 1419 1128 1450 MS.
1148 1420 1188 1451 G.
1208 1419 1258 1450 ΙΙ.
1278 1429 1329 1458 32.
1349 1428 1386 1458 17
1403 1429 1410 1457 ;
1433 1419 1499 1450 ZE.
1511 1420 1578 1458 22),
1592 1420 1713 1450 which
1730 1420 1761 1450 is
1778 1420 1911 1460 quoted

307 1465 343 1494 at
360 1463 423 1493 the
439 1462 509 1493 end
528 1462 591 1503 (γ),
613 1463 729 1493 shows
745 1463 827 1493 that
843 1462 1012 1493 Boniface
1030 1465 1110 1493 sent
1126 1463 1204 1494 him
1221 1472 1241 1493 a
1256 1473 1345 1502 copy
1356 1464 1394 1493 of
1406 1475 1437 1501 α,
1454 1463 1525 1494 and
1541 1463 1579 1493 in
1597 1463 1784 1494 deference
1801 1466 1837 1495 to
1854 1464 1912 1494 his

307 1507 481 1538 criticism
498 1506 650 1537 omitted
667 1507 729 1537 the
746 1506 983 1537 translations
999 1506 1037 1537 of
1055 1506 1117 1537 the
1134 1506 1249 1537 Greek
1265 1506 1385 1537 which
1404 1516 1462 1537 are
1478 1506 1604 1537 shown
1627 1508 1665 1537 in
1689 1507 1751 1537 the
1773 1507 1912 1538 critical

307 1552 420 1581 notes.
479 1551 528 1580 As
554 1552 577 1584 β
602 1552 806 1590 represents
836 1550 897 1580 the
929 1549 1037 1581 letter
1062 1550 1219 1589 actually
1243 1552 1325 1581 sent
1347 1550 1419 1580 and
1443 1550 1617 1589 received,
1644 1551 1662 1581 I
1690 1550 1782 1581 have
1805 1551 1912 1592 given

308 1594 514 1634 preference
532 1596 567 1624 to
585 1594 632 1624 its
649 1594 834 1633 readings:
859 1594 996 1633 though
1014 1594 1197 1634 retaining
1213 1594 1275 1624 the
1292 1593 1448 1634 spelling
1463 1593 1501 1624 of
1514 1606 1546 1624 a.

352 1638 438 1668 This
460 1637 568 1668 letter
591 1647 663 1668 was
687 1647 772 1676 very
790 1637 901 1676 likely
924 1639 1005 1668 sent
1029 1637 1120 1668 with
1145 1637 1208 1677 Ep.
1238 1639 1330 1677 1083.
1378 1638 1452 1668 The
1475 1648 1574 1668 news
1599 1637 1719 1668 which
1742 1637 1913 1669 Bonifaee

309 1682 416 1722 gives,
436 1681 567 1720 clearly
584 1681 761 1712 indicates
777 1681 858 1712 that
873 1681 919 1712 he
937 1681 1009 1712 had
1026 1683 1090 1712 not
1106 1682 1255 1712 written
1272 1683 1307 1712 to
1324 1681 1495 1712 Erasmus
1511 1681 1610 1712 since
1627 1682 1690 1722 Ep.
1714 1681 1825 1723 1020.]

339 1786 502 1817 MAGNO
533 1785 716 1816 ERASMO
746 1785 1054 1815 ROTERODAMO
1088 1784 1364 1816 BONIFACIVS
1397 1767 1749 1816 AMORBACCHIVS
1781 1786 1813 1816 S.
1835 1785 1880 1817 D.

365 1879 476 1917 VIDE
496 1878 685 1928 nunquid
708 1891 852 1917 verum
875 1879 929 1916 sit
952 1878 1061 1929 quod
1085 1878 1231 1917 Graeci
1250 1877 1382 1916 dicere
1402 1877 1546 1925 solent,
1569 1877 1738 1916 vnicum
1761 1876 1915 1916 saeculi

310 1933 435 1972 decus
455 1933 637 1980 Erasme,
662 1933 718 1971 ὅτι
737 1934 761 1982 ἡ
782 1933 940 1982 ἀμαθεία
961 1933 1122 1982 θρασεῖς,
1144 1933 1319 1981 ὀκνηροὺς
1338 1932 1377 1970 δὲ
1395 1932 1438 1970 τὸ
1458 1931 1732 1983 λελογισμένον
1755 1932 1914 1983 ἇπεργά·

310 1991 421 2034 ζεται,
481 1988 701 2037 Quousque
720 1989 792 2026 tua
811 1987 1072 2026 humanitate
1092 1987 1271 2025 abutor?
1327 1985 1418 2024 Scio
1444 1988 1621 2036 quantae
1647 1986 1692 2024 in
1718 1986 1916 2025 maximis

310 2056 429 2081 verae
448 2041 678 2090 theologiae
699 2042 848 2080 studiis
874 2042 959 2080 sint
985 2041 1275 2091 occupationes
1303 2042 1410 2078 tuae.
1470 2040 1568 2079 Scio
1593 2053 1716 2090 quam
1745 2040 1845 2078 haec
1873 2042 1914 2079 te

273 2113 290 2143 5
311 2097 428 2135 velut
448 2097 669 2142 ἀλεξίκακον
689 2096 916 2134 Herculem
944 2096 1140 2134 continuo
1168 2095 1389 2144 implorare
1415 2095 1586 2140 soleant,
1609 2107 1814 2144 quamque
1839 2107 1916 2145 pro

312 2151 397 2189 illis
417 2150 720 2200 indefatigabili
739 2150 913 2189 excubes
934 2150 1100 2197 anim03
1129 2162 1203 2187 nec
1230 2151 1371 2187 tamen
1398 2148 1568 2187 interim
1595 2148 1698 2186 meis
1725 2148 1847 2198 nugis
1873 2150 1917 2186 te

312 2205 531 2243 molestare
553 2217 675 2243 cesso.
733 2204 891 2243 Verum
914 2203 949 2242 si
970 2204 1067 2254 quid
1089 2203 1336 2242 temeritatis
1356 2217 1401 2241 ea
1421 2203 1465 2240 in
1485 2216 1528 2240 re
1552 2203 1731 2250 incurro,
1754 2202 1916 2241 nemini

311 2261 524 2309 acceptum
546 2260 696 2297 referas
715 2259 843 2297 velim
864 2258 946 2297 nisi
966 2271 1131 2296 summo
1152 2271 1244 2296 meo
1264 2258 1307 2295 in
1328 2259 1368 2295 te
1389 2257 1529 2303 amori,
1548 2257 1620 2306 qui
1640 2269 1733 2295 cum
1755 2269 1917 2306 semper

312 2313 480 2352 solliciti
517 2313 678 2351 timoris
717 2312 866 2362 plenus
905 2313 973 2359 sit,
1010 2326 1090 2362 quo
1127 2311 1222 2361 plus
1259 2311 1408 2358 scribo,
1442 2311 1519 2349 hoc
1552 2311 1693 2349 minus
1726 2310 1917 2359 mihiipsi

258 2381 295 2403 10
313 2367 544 2406 satisfacio:
575 2368 728 2417 quippe
747 2368 814 2405 vel
834 2367 1047 2405 nolentem
1067 2366 1196 2404 trahit
1216 2365 1283 2405 vel
1303 2365 1487 2403 inuitum
1509 2365 1627 2414 cogit,
1647 2367 1693 2402 vt
1712 2364 1913 2412 animum,

313 2421 500 2460 studium
530 2422 574 2459 in
606 2423 646 2459 te
675 2435 815 2459 meum
845 2422 964 2460 nouis
992 2420 1178 2468 subinde,
1202 2420 1328 2458 velim
1352 2419 1494 2465 nolim,
1518 2419 1669 2457 litteris
1695 2419 1913 2458 declarem.

314 2475 402 2524 Qua
424 2476 472 2513 de
491 2488 610 2513 causa
630 2475 663 2513 si
684 2476 823 2513 forsan
843 2475 922 2514 tibi
943 2474 1155 2513 molestior
1173 2487 1265 2513 sum
1291 2486 1413 2524 quam
1440 2486 1506 2511 me
1530 2474 1668 2511 deceat
1696 2475 1738 2511 et
1766 2486 1918 2522 magna

361 2577 455 2607 1083.
475 2587 527 2615 41.
555 2577 765 2609 Frakfordia
781 2579 817 2612 β.
906 2578 1002 2609 1084.
1026 2587 1088 2608 Trr.
1105 2586 1224 2608 MAGNO
1238 2578 1308 2607 add.
1326 2574 1374 2610 13².
1466 2584 1604 2606 ERASMO
1621 2599 1628 2606 .
1649 2599 1656 2606 .
1676 2599 1682 2606 .
1701 2584 1773 2606 ΞΑ).
1785 2578 1859 2606 add.
1877 2575 1914 2609 Βι

317 2621 584 2660 (AMORBACHIVS
600 2620 667 2658 132).
812 2632 843 2653 2.
871 2623 954 2661 (hoc
978 2623 1042 2661 est,
1059 2621 1204 2652 inscitia
1227 2620 1447 2658 temerarios,
1468 2620 1624 2649 eruditio
1647 2629 1732 2649 vero
1756 2619 1915 2659 trepidos

316 2664 418 2702 facit)
436 2667 502 2701 post
517 2663 728 2704 ἀπεργάζεται
747 2669 819 2697 aad.
839 2678 859 2695 α
875 2677 881 2697 :
907 2676 964 2696 om.
984 2666 1017 2699 β.
1124 2673 1154 2703 5.
1181 2664 1234 2703 (id
1252 2668 1313 2701 est,
1334 2664 1453 2693 omnia
1472 2663 1566 2693 mala
1582 2662 1836 2702 depellentem)
1849 2666 1920 2700 post

316 2706 507 2746 ἀλεξίκακον
524 2711 595 2738 add.
618 2720 637 2737 ο,
653 2720 660 2736 :
685 2719 742 2740 om.
762 2711 795 2743 β.
942 2710 972 2740 6.
998 2710 1020 2743 β
1035 2719 1042 2740 :
1068 2708 1157 2738 meis
1174 2708 1280 2747 nugis
1297 2707 1444 2738 interim
1462 2718 1492 2737 α.
1646 2715 1696 2737 10.
1722 2705 1848 2744 animi,
1866 2703 1914 2740 6².

320 2761 369 2781 12.
395 2761 450 2781 inc
469 2752 527 2784 (1βῖ
543 2764 548 2782 ;
573 2762 630 2782 om.
648 2751 694 2785 6¹.

365 2859 460 2889 1083.
474 2860 524 2896 36.
545 2859 756 2898 operismei]
770 2861 907 2896 Epistola
919 2861 964 2889 W.
974 2861 1084 2889 Fabri-
1154 2858 1172 2889 Ι
1190 2857 1278 2888 have
1297 2859 1359 2888 not
1376 2857 1465 2887 beon
1482 2857 1559 2887 able
1578 2859 1613 2887 to
1631 2856 1705 2886 find
1723 2866 1742 2887 a
1759 2866 1857 2896 copy.

318 2905 1086 2941 ciicap1·t0m's,qvmsepurqacm»suspiciomaeLeici
1197 2912 1250 2940 41.
1275 2901 1403 2931 vltima
1433 2900 1551 2941 nauis]
1591 2900 1766 2939 Carrying
1812 2899 1919 2931 books

313 2947 448 2982 fauoris,
469 2945 653 2984 nppvndvd
672 2947 707 2975 to
724 2955 769 2975 an
782 2946 918 2977 edition
933 2946 973 2977 of
987 2947 1085 2976 Eras-
1155 2944 1210 2975 for
1230 2945 1292 2975 the
1316 2944 1506 2975 Frankfort
1530 2944 1607 2983 fair,
1628 2943 1699 2974 and
1723 2943 1918 2974 therewith

321 2989 410 3019 111us¹
423 2990 522 3019 three
537 2992 703 3027 Apolossiae
714 2990 849 3028 against
866 2990 941 3028 Lec,
957 2989 1085 3026 Mainz,
1155 2988 1298 3027 letters3
1324 2989 1365 3019 cf.
1384 2988 1445 3027 Ep.
1471 2988 1563 3025 1084.
1583 2996 1663 3025 45n.

320 3032 351 3062 J.
372 3032 539 3067 Sehoffier,
559 3032 653 3063 «111111Ι
675 3042 757 3071 1520
782 3032 902 3071 (BEr.¹
922 3033 943 3071 i,
964 3043 996 3072 p.
1021 3032 1085 3070 14).
1202 3032 1297 3062 1084.
1315 3041 1345 3070 9.
1373 3030 1534 3071 solliciti]
1554 3030 1603 3061 Cf.
1622 3030 1682 3062 Ov.
1700 3032 1775 3060 Her.
1798 3039 1825 3061 1.·
1846 3039 1895 3060 12.
