1990 3353
262 399 325 439 465

264 678 328 711 470

273 1767 337 1799 490

274 2040 337 2070 495

341 66 421 103 474
810 66 1059 106 LETTERS
1098 67 1166 105 OF
1203 67 1467 106 ERASMUS
1815 70 1852 121 [ι
1864 81 1884 116 5
1893 82 1910 105 2
1922 81 1938 105 1

342 175 454 214 aliud
490 177 649 215 facinus
681 177 783 215 olim
816 177 979 215 iuuenis
1008 177 1266 227 designasses
1296 180 1368 216 aut
1396 179 1521 216 etiam
1551 191 1663 216 nunc
1692 179 1939 228 designares.

345 230 424 268 Sed
455 231 564 269 absit
593 234 639 269 vt
669 231 880 270 intantum
917 232 1161 281 degenerem
1190 246 1213 270 a
1241 232 1427 270 doctrina
1455 232 1635 271 Christi:
1673 233 1782 271 absit
1810 236 1857 270 vt
1884 233 1945 270 sic

345 298 495 322 exuam
515 299 683 323 omnem
705 285 990 324 Christianum
1013 287 1223 336 pudorem,
1247 289 1288 324 et
1312 286 1353 324 id
1378 286 1527 324 faciam
1551 287 1661 336 quod
1689 300 1762 324 nec
1788 286 1946 325 ethnici

345 339 516 388 faciunt,
531 340 689 388 ingenii
703 340 826 388 paulo
841 340 1028 379 sanioris.
1075 341 1252 389 Quidam
1269 340 1396 379 nimis
1415 340 1683 390 impudenter
1702 341 1945 390 impingunt

345 393 452 431 mihi
480 393 687 432 calamum
717 395 1027 433 mordaciorem.
1085 398 1143 433 At
1171 395 1242 444 qui
1265 396 1434 444 sapiunt
1456 395 1606 445 quique
1625 408 1718 433 vere
1744 394 1943 443 iudicant,

345 448 530 486 fatentur
549 449 761 486 neminem
781 449 928 487 multis
947 449 1097 487 seculis
1113 449 1296 487 odiosius
1309 449 1549 499 impetitum
1566 462 1690 499 quam
1706 450 1942 496 Erasmum,

347 515 421 539 nec
441 502 571 540 vllius
590 505 733 540 tamen
752 503 899 541 stilum
919 505 1053 553 magis
1072 504 1342 542 incruentum
1361 504 1500 551 fuisse,
1526 517 1598 542 nec
1623 504 1752 542 alium
1780 503 1947 541 ciuilius

346 558 485 594 taxare
504 557 610 595 vicia
629 557 886 605 mortalium,
909 571 983 595 nec
1007 559 1137 607 magis
1156 559 1384 608 pepercisse
1404 558 1648 596 nominibus
1673 571 1719 595 ac
1745 557 1944 607 personis,

347 611 511 649 etiamsi
530 623 606 649 nec
625 611 792 649 nomini
813 626 902 650 meo
924 625 999 650 nec
1019 626 1217 662 personae
1238 613 1443 662 parcitum
1464 615 1527 650 est
1546 625 1570 650 a
1589 613 1748 650 multis.

402 664 521 712 Quod
555 666 590 702 si
628 666 719 703 ideo
758 679 834 705 nos
872 667 1052 715 impetis,
1090 667 1199 716 quod
1238 667 1482 705 offenderim
1521 667 1711 705 ordinem
1745 668 1943 714 vestrum,

347 719 531 769 primum
553 720 696 758 fateris
715 722 755 758 te
773 721 982 759 vindictae
1002 721 1176 759 libidine
1197 722 1295 770 rapi,
1320 735 1407 759 non
1429 722 1523 759 duci
1542 721 1710 769 ratione,
1735 734 1830 758 cum
1853 722 1949 758 tuae

348 774 619 823 professionis
638 774 693 812 sit
713 775 839 813 etiam
863 789 938 825 pro
963 775 1164 813 maleficio
1191 775 1437 814 beneficium
1463 788 1670 825 reponere.
1732 775 1950 813 Praeterea

348 829 556 866 vindictae
580 842 711 878 genus
738 829 818 867 tibi
843 830 991 879 deligis
1017 829 1207 867 omnium
1236 830 1601 868 damnatissimum
1629 843 1674 868 ac
1697 829 1799 868 viris
1825 829 1950 867 etiam

347 882 584 932 indignum.
645 883 740 921 Dux
760 883 830 921 ille
851 884 1046 921 ethnicus
1065 884 1197 922 ferula
1217 884 1434 933 castigauit
1455 885 1526 934 qui
1545 885 1656 922 hosti
1672 884 1945 930 malediceret,

291 952 327 962 --
349 951 478 987 quum
499 938 549 975 ad
570 938 845 986 pugnandum
864 940 971 976 esset
997 938 1235 976 conductus.
1296 938 1350 976 Et
1376 938 1454 977 tibi
1480 952 1564 977 non
1591 938 1705 976 aliud
1729 939 1862 976 telum
1888 939 1951 975 est

351 1005 475 1040 quam
496 992 695 1030 maledica
714 992 866 1042 lingua,
887 1005 967 1042 qua
981 993 1123 1031 valent
1142 993 1353 1042 improbae
1376 993 1580 1031 mulieres.
1627 993 1694 1031 Ad
1716 992 1951 1030 scribendos

349 1046 481 1083 libros
505 1046 740 1084 salutiferos
766 1059 937 1084 mancus
965 1060 1018 1092 es,
1041 1047 1090 1084 ad
1118 1047 1435 1096 praedicandam
1462 1047 1617 1086 Christi
1645 1046 1951 1097 philosophiam

352 1100 530 1148 elinguis
567 1113 634 1138 es:
683 1101 734 1138 ad
774 1100 1087 1139 obtrectandum
1127 1101 1316 1149 Erasmo,
1357 1102 1538 1140 disertus
1575 1115 1618 1139 es
1661 1114 1706 1139 ac
1751 1101 1949 1150 copiosus.

350 1155 492 1203 Atque
522 1154 693 1193 interim
724 1155 896 1193 Saulum
930 1155 1119 1197 imitaris,
1151 1157 1221 1194 sed
1256 1156 1434 1205 impium
1468 1156 1628 1204 adhuc3
1673 1156 1885 1194 subseruis
1913 1158 1954 1192 et

352 1208 513 1246 animos
533 1209 649 1247 addis
670 1209 762 1247 aliis
782 1210 855 1259 qui
875 1209 1096 1248 Erasmum
1117 1211 1162 1248 in
1184 1211 1451 1249 concionibus
1470 1210 1668 1260 lapident.
1717 1212 1856 1259 Atque
1875 1209 1954 1247 hoc

352 1265 415 1301 est
455 1276 521 1301 res
559 1263 729 1313 turpior,
767 1263 875 1313 quod
915 1264 966 1302 ad
1005 1264 1262 1303 vlciscendos
1299 1269 1483 1314 priuatos
1521 1266 1692 1303 affectus
1730 1263 1955 1302 abutimini

353 1318 555 1367 religione
592 1321 635 1356 et
672 1318 893 1357 autoritate
932 1319 1136 1357 sermonis
1174 1320 1429 1368 Euangelici,
1467 1333 1512 1358 ac
1551 1319 1754 1357 mauultis
1791 1318 1951 1357 coelum

353 1380 588 1422 terramque
618 1372 784 1411 misceri
813 1373 903 1422 igni
933 1386 1058 1422 quam
1087 1387 1173 1411 non
1203 1374 1370 1423 obsequi
1398 1374 1550 1412 vestris
1578 1373 1695 1412 odiis.

409 1427 486 1464 Sed
522 1427 600 1464 hoc
634 1430 801 1465 tantum
833 1427 1061 1476 impietatis
1091 1431 1167 1473 est,
1198 1428 1302 1466 illud
1336 1428 1461 1467 etiam
1495 1428 1811 1478 imprudentiae,
1845 1427 1955 1477 quod

318 1503 331 1533 .'
355 1481 455 1518 dum
490 1482 596 1518 mihi
628 1481 759 1519 vultis
791 1482 1092 1520 vulnusculum
1125 1482 1329 1531 infligere,
1360 1483 1440 1532 ipsi
1473 1486 1632 1521 vestrae
1667 1483 1799 1520 famae
1831 1482 1955 1531 longe

354 1535 521 1584 grauius
544 1535 701 1573 vulnus
728 1536 928 1584 infligitis.
990 1536 1081 1575 Scio
1108 1537 1308 1586 quosdam
1337 1537 1488 1575 melius
1516 1537 1697 1587 coepisse
1725 1537 1878 1574 sentire
1905 1536 1955 1573 de

353 1602 432 1637 me,
465 1592 734 1639 posteaquam
762 1591 953 1628 viderent
984 1604 1051 1629 me
1081 1591 1157 1629 tibi
1188 1591 1354 1640 tuisque
1387 1592 1598 1630 sodalibus
1629 1594 1843 1640 tantopere
1877 1590 1956 1628 dis-

354 1644 516 1693 plicere.
576 1644 637 1682 De
671 1645 789 1682 vobis
822 1647 933 1683 certe
967 1658 1089 1683 nemo
1124 1659 1208 1683 non
1243 1647 1371 1684 sentit
1400 1646 1527 1695 peius,
1563 1649 1773 1695 vtcunque
1806 1645 1855 1682 de
1891 1657 1957 1682 me

354 1698 494 1736 sentit.
555 1698 661 1736 Cum
685 1712 816 1749 nuper
841 1699 975 1737 adires
1001 1700 1124 1738 illum
1147 1713 1241 1738 vere
1267 1696 1652 1750 tlieologuiii,4c1ui
1681 1701 1738 1738 sic
1766 1699 1812 1737 in
1842 1699 1956 1738 scho-

355 1752 501 1790 lastico
540 1766 692 1801 genere
731 1754 840 1791 valet
879 1756 926 1791 vt
971 1754 1162 1792 Lutetiae
1201 1768 1285 1792 non
1324 1755 1417 1793 alia·
1440 1768 1565 1805 quam
1603 1755 1813 1792 doctrinae
1851 1766 1957 1792 com—

356 1808 656 1845 memoratione
676 1808 862 1856 primum
883 1808 1084 1847 meruerit
1103 1808 1252 1856 locum,
1276 1812 1419 1847 tamen
1441 1810 1645 1847 bonarum
1671 1809 1886 1846 literarum
1912 1821 1957 1846 ac

355 1861 595 1909 linguarum
626 1862 842 1911 praesidiis
876 1863 1047 1912 insuper
1079 1866 1142 1901 est
1170 1863 1504 1902 instructus—vt
1531 1863 1595 1901 tui
1623 1862 1956 1901 dissimillimum

356 1915 479 1953 officii
507 1916 640 1965 gratia
669 1916 880 1963 salutares,
911 1922 997 1956 tam
1027 1918 1237 1967 impotens
1267 1923 1353 1955 erat
1382 1918 1513 1956 animi
1541 1918 1605 1956 tui
1633 1918 1788 1964 odium,
1811 1919 1859 1954 vt
1887 1916 1958 1954 vix

358 1969 468 2008 dicta
488 1970 620 2008 salute
640 1971 782 2009 statim
802 1985 1041 2021 erumperes
1067 1972 1110 2009 in
1137 1972 1292 2010 furiosa
1317 1973 1361 2010 in
1389 1986 1457 2010 me
1483 1972 1676 2010 conuicia.
1739 1971 1958 2019 Quodnam

358 2024 409 2061 ob
443 2025 642 2062 meritum
676 2027 850 2064 meum?
889 2027 998 2076 quod
1028 2026 1065 2064 is
1094 2039 1168 2075 pro
1197 2039 1270 2065 sua
1299 2027 1563 2065 humanitate
1593 2026 1726 2076 pridie
1754 2026 1862 2075 apud
1891 2038 1959 2063 me

358 2081 589 2116 coenasset:
623 2092 719 2117 cum
747 2093 821 2118 nec
848 2081 893 2118 in
920 2094 1046 2119 coena
1074 2093 1147 2119 nec
1178 2081 1223 2119 in
1254 2081 1468 2130 colloquio,
1493 2082 1602 2130 quod
1627 2081 1733 2118 mihi
1761 2093 1856 2118 cum
1885 2079 1959 2118 illo

358 2133 459 2171 satis
479 2133 690 2172 diutinum
712 2135 803 2182 fuit,
825 2135 912 2174 vlla
930 2135 1078 2173 fuisset
1097 2136 1160 2173 tui
1181 2136 1348 2173 mentio.
1395 2135 1462 2173 Sic
1478 2135 1603 2173 homo
1623 2135 1760 2173 ciuilis
1778 2136 1959 2184 primam

357 2187 475 2225 illam
505 2188 798 2226 salutationem
826 2190 1005 2238 pessimo
1034 2190 1343 2227 maledicentiae
1371 2190 1509 2227 omine
1538 2190 1758 2228 reddidisti
1782 2188 1961 2238 inauspi-

360 2245 504 2280 catam.
565 2242 649 2279 Nec
668 2243 860 2281 veniebat
878 2244 923 2282 in
945 2246 1132 2282 mentem
1160 2256 1285 2292 quarn
1313 2243 1467 2282 malam
1493 2244 1621 2282 inires
1646 2244 1822 2294 gratiam
1850 2243 1959 2294 apud

360 2296 462 2334 duos
492 2296 768 2345 peritissimos
797 2311 938 2336 earum
969 2298 1199 2346 literarum,
1230 2297 1380 2347 quibus
1410 2311 1484 2348 ego
1512 2311 1676 2347 semper
1700 2300 1747 2336 vt
1775 2298 1871 2347 faui,
1902 2298 1960 2336 ita

360 2351 554 2387 nonnihil
575 2351 701 2388 etiam
722 2353 870 2400 profui.
917 2352 1001 2389 Nec
1023 2353 1098 2390 hoc
1119 2353 1212 2390 odio
1232 2356 1304 2390 tuo
1325 2356 1387 2390 sat
1406 2355 1503 2390 erat.
1549 2352 1704 2390 Totum
1719 2353 1960 2391 conuiuium

362 2405 653 2442 insulsissimis
684 2406 884 2444 conuiciis
913 2407 1143 2454 condiebas,
1176 2420 1305 2456 Vsque
1333 2407 1382 2444 ad
1414 2406 1606 2444 omnium
1635 2407 1760 2445 etiam
1790 2409 1960 2445 tuorum

361 2458 602 2504 fastidiunrz
633 2472 728 2496 nam
751 2463 790 2497 et
812 2460 855 2497 hi
881 2461 1017 2510 questi
1044 2464 1142 2498 sunt
1169 2461 1357 2510 linguam
1384 2462 1507 2499 istam
1535 2466 1650 2499 tuam
1676 2473 1891 2510 procacem
1919 2464 1961 2499 et

362 2513 559 2551 effrenam
581 2513 698 2551 nullo
718 2515 899 2552 remedio
920 2528 1038 2563 posse
1059 2516 1273 2565 compesci.

408 2612 482 2648 46³.-
508 2614 558 2641 H:
584 2612 730 2651 ingenio
746 2616 781 2644 F.
889 2615 964 2652 465.
990 2616 1047 2643 H:
1071 2614 1180 2651 Atqui
1199 2616 1234 2643 F.
1341 2614 1414 2652 478.
1441 2624 1480 2644 ac
1497 2616 1541 2644 F:
1566 2613 1591 2644 ἃ
1610 2616 1651 2643 Η.
1768 2613 1842 2652 483.
1869 2612 1961 2643 odiis

362 2657 411 2684 1³:
435 2655 567 2684 studiis
582 2658 624 2685 H.
707 2666 781 2695 490.
800 2658 1138 2687 commemoratione
1155 2659 1199 2686 F:
1227 2658 1537 2688 commendatione
1553 2660 1597 2688 H.
1681 2667 1754 2696 494.
1775 2656 1961 2696 Quodnam

363 2700 405 2729 ob
420 2699 588 2728 meritum
603 2708 723 2729 meum
734 2703 806 2730 add.
827 2703 871 2731 H.
961 2700 1035 2739 498.
1062 2700 1315 2732 reddidistiH:
1342 2701 1501 2732 reddidit
1513 2704 1548 2731 F.
1640 2711 1717 2739 504.
1739 2700 1908 2730 effrenem
1919 2702 1961 2730 II.

408 2790 480 2825 467.
511 2788 758 2827 invi-uentum]
773 2789 824 2819 Cf.
843 2790 905 2829 Ep.
925 2791 999 2829 967.
1023 2790 1092 2819 181.
1197 2791 1233 2819 in
1268 2799 1371 2829 1519:
1406 2801 1462 2820 see
1490 2789 1553 2830 Ep.
1583 2791 1657 2829 456.
1685 2791 1767 2828 87n.
1815 2789 1881 2819 For
1905 2789 1963 2819 his·

410 2832 482 2867 408.
510 2832 721 2870 pepercisse]
738 2832 790 2862 Cf.
811 2833 874 2872 Ep.
893 2843 967 2872 950.
990 2843 1066 2864 1211.
1200 2832 1396 2873 *primaey’
1424 2843 1554 2873 among
1581 2834 1643 2864 the
1675 2833 1901 2872 tlieologians
1926 2835 1963 2862 at

410 2885 483 2913 ⁴79-
511 2875 674 2915 Suulum]
691 2875 742 2906 Cf.
761 2877 847 2906 Acts
867 2886 893 2914 7.
911 2887 1009 2916 57—9.
1198 2877 1296 2906 Paris
1313 2878 1358 2908 cf.
1376 2877 1438 2917 Ep.
1461 2878 1555 2916 1581,
1574 2878 1694 2907 where
1712 2878 1756 2907 he
1779 2877 1809 2907 is
1827 2876 1962 2907 ranked

410 2920 485 2956 489.
511 2918 729 2958 theologum]
774 2920 931 2959 Perhaps
972 2923 1054 2959 Aeg.
1096 2919 1134 2949 of
1197 2920 1285 2950 with
1319 2921 1388 2951 Ber
1417 2921 1489 2951 and
1518 2921 1745 2952 Lethmatius
1771 2921 1849 2961 (Ep.
1880 2928 1964 2958 1320

366 2962 489 2999 Delt't3
514 2963 596 2992 who
612 2972 676 2991 ean
700 2963 739 2991 be
764 2963 884 2993 traced
909 2968 944 2994 at
970 2964 1128 2994 Louvuin
1201 2964 1360 3006 intr‹.›d.).
