<?xml version="1.0" encoding="UTF-8"?>
<!DOCTYPE html PUBLIC "-//W3C//DTD XHTML 1.0 Transitional//EN"
    "http://www.w3.org/TR/xhtml1/DTD/xhtml1-transitional.dtd">
<html xmlns="http://www.w3.org/1999/xhtml" xml:lang="en" lang="en">
 <head>
  <title>
</title>
<meta http-equiv="Content-Type" content="text/html;charset=utf-8" />
  <meta name='ocr-system' content='tesseract 3.04.00' />
  <meta name='ocr-capabilities' content='ocr_page ocr_carea ocr_par ocr_line ocrx_word'/>
</head>
<body>
  <div class='ocr_page' id='page_1' title='image "./opusepistolarumd04erasuoft_0645.png"; bbox 0 0 1990 3353; ppageno 0'>
   <div class='ocr_carea' id='block_1_1' title="bbox 102 120 1693 175">
    <p class='ocr_par' dir='ltr' id='par_1_1' title="bbox 102 120 1693 175">
     <span class='ocr_line' id='line_1_1' title="bbox 102 120 1693 175; baseline 0.003 -16"><span class='ocrx_word' id='word_1_1' title='bbox 102 135 118 160; x_wconf 94' lang='lat'>1</span> <span class='ocrx_word' id='word_1_2' title='bbox 128 120 222 175; x_wconf 85' lang='lat'><strong>239]</strong></span> <span class='ocrx_word' id='word_1_3' title='bbox 580 124 651 162; x_wconf 88' lang='grc' dir='ltr'>ΤΟ</span> <span class='ocrx_word' id='word_1_4' title='bbox 691 123 944 162; x_wconf 81' lang='lat' dir='ltr'><strong>GABRIEL</strong></span> <span class='ocrx_word' id='word_1_5' title='bbox 983 124 1214 163; x_wconf 81' lang='lat' dir='ltr'>OFHUYS</span> <span class='ocrx_word' id='word_1_6' title='bbox 1614 125 1693 163; x_wconf 82' lang='lat'>595</span> 
     </span>
    </p>
   </div>
   <div class='ocr_carea' id='block_1_2' title="bbox 95 231 1756 933">
    <p class='ocr_par' dir='ltr' id='par_1_2' title="bbox 96 231 1754 604">
     <span class='ocr_line' id='line_1_2' title="bbox 98 231 1693 282; baseline 0.001 -13"><span class='ocrx_word' id='word_1_7' title='bbox 98 231 374 269; x_wconf 88' lang='lat' dir='ltr'>maliciosius:</span> <span class='ocrx_word' id='word_1_8' title='bbox 404 245 484 280; x_wconf 89' lang='lat' dir='ltr'>quo</span> <span class='ocrx_word' id='word_1_9' title='bbox 513 231 652 269; x_wconf 88' lang='lat' dir='ltr'>minus</span> <span class='ocrx_word' id='word_1_10' title='bbox 682 233 843 279; x_wconf 83' lang='lat' dir='ltr'>oportet</span> <span class='ocrx_word' id='word_1_11' title='bbox 872 244 946 269; x_wconf 88' lang='lat' dir='ltr'>vos</span> <span class='ocrx_word' id='word_1_12' title='bbox 975 232 1188 282; x_wconf 90' lang='lat' dir='ltr'>poenitere</span> <span class='ocrx_word' id='word_1_13' title='bbox 1217 232 1403 270; x_wconf 88' lang='lat' dir='ltr'>instituti</span> <span class='ocrx_word' id='word_1_14' title='bbox 1432 232 1567 270; x_wconf 88' lang='lat' dir='ltr'>vestri.</span> <span class='ocrx_word' id='word_1_15' title='bbox 1628 232 1693 270; x_wconf 89' lang='lat' dir='ltr'>Me</span> 
     </span>
     <span class='ocr_line' id='line_1_3' title="bbox 97 285 1694 334; baseline 0.001 -11"><span class='ocrx_word' id='word_1_16' title='bbox 97 299 188 324; x_wconf 88' lang='lat' dir='ltr'>mea</span> <span class='ocrx_word' id='word_1_17' title='bbox 222 285 305 323; x_wconf 87' lang='lat' dir='ltr'>fata</span> <span class='ocrx_word' id='word_1_18' title='bbox 338 286 382 322; x_wconf 95' lang='lat' dir='ltr'>in</span> <span class='ocrx_word' id='word_1_19' title='bbox 415 286 490 323; x_wconf 88' lang='lat' dir='ltr'>has</span> <span class='ocrx_word' id='word_1_20' title='bbox 523 285 740 334; x_wconf 76' lang='lat' dir='ltr'>abripuere</span> <span class='ocrx_word' id='word_1_21' title='bbox 772 285 983 334; x_wconf 86' lang='lat' dir='ltr'>procellas.</span> <span class='ocrx_word' id='word_1_22' title='bbox 1043 286 1124 323; x_wconf 87' lang='lat' dir='ltr'>Nec</span> <span class='ocrx_word' id='word_1_23' title='bbox 1164 289 1297 324; x_wconf 79' lang='lat' dir='ltr'>tacere</span> <span class='ocrx_word' id='word_1_24' title='bbox 1331 287 1435 324; x_wconf 88' lang='lat' dir='ltr'>mihi</span> <span class='ocrx_word' id='word_1_25' title='bbox 1474 287 1583 332; x_wconf 85' lang='lat' dir='ltr'>licet,</span> <span class='ocrx_word' id='word_1_26' title='bbox 1620 299 1694 324; x_wconf 84' lang='lat' dir='ltr'>nec</span> 
     </span>
     <span class='ocr_line' id='line_1_4' title="bbox 97 339 1690 390; baseline 0.001 -12"><span class='ocrx_word' id='word_1_27' title='bbox 97 340 221 388; x_wconf 87' lang='lat' dir='ltr'>digna</span> <span class='ocrx_word' id='word_1_28' title='bbox 241 339 406 378; x_wconf 86' lang='lat' dir='ltr'>Christo</span> <span class='ocrx_word' id='word_1_29' title='bbox 426 339 549 389; x_wconf 89' lang='lat' dir='ltr'>loqui.</span> <span class='ocrx_word' id='word_1_30' title='bbox 592 339 781 377; x_wconf 83' lang='lat' dir='ltr'>Christus</span> <span class='ocrx_word' id='word_1_31' title='bbox 801 339 964 381; x_wconf 84' lang='lat' dir='ltr'>clamat.</span> <span class='ocrx_word' id='word_1_32' title='bbox 987 342 995 358; x_wconf 87' lang='lat'>‘</span> <span class='ocrx_word' id='word_1_33' title='bbox 1013 339 1230 378; x_wconf 87' lang='lat' dir='ltr'>Confidite.</span> <span class='ocrx_word' id='word_1_34' title='bbox 1254 354 1328 390; x_wconf 83' lang='lat' dir='ltr'>ego</span> <span class='ocrx_word' id='word_1_35' title='bbox 1349 341 1426 378; x_wconf 86' lang='lat' dir='ltr'>vici</span> <span class='ocrx_word' id='word_1_36' title='bbox 1449 340 1654 379; x_wconf 88' lang='lat' dir='ltr'>mundum</span> <span class='ocrx_word' id='word_1_37' title='bbox 1670 340 1690 379; x_wconf 85' lang='lat'>’.</span> 
     </span>
     <span class='ocr_line' id='line_1_5' title="bbox 98 393 1754 444; baseline 0.001 -13"><span class='ocrx_word' id='word_1_38' title='bbox 98 393 280 431; x_wconf 90' lang='lat' dir='ltr'>Mundus</span> <span class='ocrx_word' id='word_1_39' title='bbox 310 393 476 431; x_wconf 90' lang='lat' dir='ltr'>videtur</span> <span class='ocrx_word' id='word_1_40' title='bbox 504 394 621 431; x_wconf 88' lang='lat' dir='ltr'>breui</span> <span class='ocrx_word' id='word_1_41' title='bbox 650 393 913 441; x_wconf 88' lang='lat' dir='ltr'>clamaturus,</span> <span class='ocrx_word' id='word_1_42' title='bbox 941 396 949 411; x_wconf 73' lang='lat'>⁶</span> <span class='ocrx_word' id='word_1_43' title='bbox 967 394 1055 443; x_wconf 88' lang='lat' dir='ltr'>Ego</span> <span class='ocrx_word' id='word_1_44' title='bbox 1084 395 1164 432; x_wconf 88' lang='lat' dir='ltr'>vici</span> <span class='ocrx_word' id='word_1_45' title='bbox 1194 394 1458 432; x_wconf 78' lang='lat' dir='ltr'>Christum&#39;:</span> <span class='ocrx_word' id='word_1_46' title='bbox 1492 395 1592 432; x_wconf 83' lang='lat' dir='ltr'>adeo</span> <span class='ocrx_word' id='word_1_47' title='bbox 1621 407 1695 443; x_wconf 87' lang='lat' dir='ltr'>pro</span> <span class='ocrx_word' id='word_1_48' title='bbox 1716 412 1754 444; x_wconf 79' lang='lat'>15</span> 
     </span>
     <span class='ocr_line' id='line_1_6' title="bbox 97 447 1692 497; baseline 0 -11"><span class='ocrx_word' id='word_1_49' title='bbox 97 447 264 486; x_wconf 85' lang='lat' dir='ltr'>dotibus</span> <span class='ocrx_word' id='word_1_50' title='bbox 277 447 539 496; x_wconf 86' lang='lat' dir='ltr'>Euangelicis</span> <span class='ocrx_word' id='word_1_51' title='bbox 559 448 694 496; x_wconf 84' lang='lat' dir='ltr'>palam</span> <span class='ocrx_word' id='word_1_52' title='bbox 714 449 858 496; x_wconf 88' lang='lat' dir='ltr'>regnat</span> <span class='ocrx_word' id='word_1_53' title='bbox 878 448 1065 495; x_wconf 79' lang='lat' dir='ltr'>ambitio,</span> <span class='ocrx_word' id='word_1_54' title='bbox 1084 448 1289 497; x_wconf 75' lang='lat' dir='ltr'>voluptas,</span> <span class='ocrx_word' id='word_1_55' title='bbox 1308 449 1496 493; x_wconf 78' lang='lat' dir='ltr'>auaricia,</span> <span class='ocrx_word' id='word_1_56' title='bbox 1513 449 1692 493; x_wconf 74' lang='lat' dir='ltr'>audacia,</span> 
     </span>
     <span class='ocr_line' id='line_1_7' title="bbox 96 501 1695 552; baseline 0.001 -13"><span class='ocrx_word' id='word_1_57' title='bbox 96 502 268 544; x_wconf 79' lang='lat' dir='ltr'>vanitas,</span> <span class='ocrx_word' id='word_1_58' title='bbox 293 501 566 550; x_wconf 83' lang='lat' dir='ltr'>impudentia,</span> <span class='ocrx_word' id='word_1_59' title='bbox 591 502 709 542; x_wconf 85' lang='lat' dir='ltr'>liuor.</span> <span class='ocrx_word' id='word_1_60' title='bbox 734 501 920 548; x_wconf 86' lang='lat' dir='ltr'>malicia;</span> <span class='ocrx_word' id='word_1_61' title='bbox 949 503 1076 540; x_wconf 88' lang='lat' dir='ltr'>etiam</span> <span class='ocrx_word' id='word_1_62' title='bbox 1102 503 1211 540; x_wconf 85' lang='lat' dir='ltr'>inter</span> <span class='ocrx_word' id='word_1_63' title='bbox 1231 503 1304 541; x_wconf 89' lang='lat' dir='ltr'>hos</span> <span class='ocrx_word' id='word_1_64' title='bbox 1324 503 1395 552; x_wconf 88' lang='lat' dir='ltr'>qui</span> <span class='ocrx_word' id='word_1_65' title='bbox 1421 516 1464 541; x_wconf 90' lang='lat' dir='ltr'>se</span> <span class='ocrx_word' id='word_1_66' title='bbox 1489 503 1626 541; x_wconf 86' lang='lat' dir='ltr'>lucem</span> <span class='ocrx_word' id='word_1_67' title='bbox 1651 516 1695 540; x_wconf 84' lang='lat' dir='ltr'>ac</span> 
     </span>
     <span class='ocr_line' id='line_1_8' title="bbox 96 555 815 604; baseline 0 -11"><span class='ocrx_word' id='word_1_68' title='bbox 96 556 225 594; x_wconf 83' lang='lat' dir='ltr'>salem</span> <span class='ocrx_word' id='word_1_69' title='bbox 246 556 372 593; x_wconf 84' lang='lat' dir='ltr'>huius</span> <span class='ocrx_word' id='word_1_70' title='bbox 392 555 541 593; x_wconf 87' lang='lat' dir='ltr'>mundi</span> <span class='ocrx_word' id='word_1_71' title='bbox 559 555 815 604; x_wconf 90' lang='lat' dir='ltr'>profitentur.</span> 
     </span>
    </p>

    <p class='ocr_par' dir='ltr' id='par_1_3' title="bbox 95 609 1756 872">
     <span class='ocr_line' id='line_1_9' title="bbox 151 609 1695 661; baseline 0.001 -14"><span class='ocrx_word' id='word_1_72' title='bbox 151 610 346 647; x_wconf 88' lang='lat' dir='ltr'>Reuisam</span> <span class='ocrx_word' id='word_1_73' title='bbox 383 622 458 647; x_wconf 88' lang='lat' dir='ltr'>vos</span> <span class='ocrx_word' id='word_1_74' title='bbox 490 610 561 647; x_wconf 82' lang='lat' dir='ltr'>vbi</span> <span class='ocrx_word' id='word_1_75' title='bbox 599 609 782 659; x_wconf 88' lang='lat' dir='ltr'>primum</span> <span class='ocrx_word' id='word_1_76' title='bbox 820 609 973 647; x_wconf 82' lang='lat' dir='ltr'>licebit.</span> <span class='ocrx_word' id='word_1_77' title='bbox 1048 609 1213 648; x_wconf 85' lang='lat' dir='ltr'>Interea</span> <span class='ocrx_word' id='word_1_78' title='bbox 1251 611 1451 649; x_wconf 87' lang='lat' dir='ltr'>salutabis</span> <span class='ocrx_word' id='word_1_79' title='bbox 1489 612 1695 661; x_wconf 90' lang='lat' dir='ltr'>optimum</span> 
     </span>
     <span class='ocr_line' id='line_1_10' title="bbox 98 663 1756 714; baseline 0.001 -13"><span class='ocrx_word' id='word_1_80' title='bbox 98 663 367 702; x_wconf 89' lang='lat' dir='ltr'>Patriarchen</span> <span class='ocrx_word' id='word_1_81' title='bbox 395 667 597 709; x_wconf 77' lang='lat' dir='ltr'>vestrum.</span> <span class='ocrx_word' id='word_1_82' title='bbox 631 664 927 710; x_wconf 81' lang='lat' dir='ltr'>Oeconomum‚</span> <span class='ocrx_word' id='word_1_83' title='bbox 962 666 1003 702; x_wconf 91' lang='lat' dir='ltr'>et</span> <span class='ocrx_word' id='word_1_84' title='bbox 1030 678 1126 701; x_wconf 87' lang='lat' dir='ltr'>eum</span> <span class='ocrx_word' id='word_1_85' title='bbox 1157 665 1228 713; x_wconf 78' lang='lat' dir='ltr'>qui</span> <span class='ocrx_word' id='word_1_86' title='bbox 1263 678 1340 703; x_wconf 90' lang='lat' dir='ltr'>nos</span> <span class='ocrx_word' id='word_1_87' title='bbox 1368 665 1501 703; x_wconf 89' lang='lat' dir='ltr'>obiter</span> <span class='ocrx_word' id='word_1_88' title='bbox 1530 679 1691 714; x_wconf 83' lang='lat' dir='ltr'>magnO.</span> <span class='ocrx_word' id='word_1_89' title='bbox 1717 685 1756 710; x_wconf 78' lang='lat'>20</span> 
     </span>
     <span class='ocr_line' id='line_1_11' title="bbox 96 717 1697 767; baseline 0.001 -11"><span class='ocrx_word' id='word_1_90' title='bbox 96 721 144 756; x_wconf 81' lang='lat' dir='ltr'>vt</span> <span class='ocrx_word' id='word_1_91' title='bbox 181 718 413 767; x_wconf 79' lang='lat' dir='ltr'>apparebat,</span> <span class='ocrx_word' id='word_1_92' title='bbox 454 717 604 755; x_wconf 83' lang='lat' dir='ltr'>affectu</span> <span class='ocrx_word' id='word_1_93' title='bbox 643 718 861 756; x_wconf 81' lang='lat' dir='ltr'>salutabat.</span> <span class='ocrx_word' id='word_1_94' title='bbox 935 718 1048 756; x_wconf 88' lang='lat' dir='ltr'>Bene</span> <span class='ocrx_word' id='word_1_95' title='bbox 1088 719 1298 756; x_wconf 83' lang='lat' dir='ltr'>valentem</span> <span class='ocrx_word' id='word_1_96' title='bbox 1337 721 1378 756; x_wconf 94' lang='lat' dir='ltr'>et</span> <span class='ocrx_word' id='word_1_97' title='bbox 1415 719 1464 757; x_wconf 84' lang='lat' dir='ltr'>ad</span> <span class='ocrx_word' id='word_1_98' title='bbox 1505 719 1697 757; x_wconf 90' lang='lat' dir='ltr'>coelestia</span> 
     </span>
     <span class='ocr_line' id='line_1_12' title="bbox 95 771 1698 823; baseline 0.001 -13"><span class='ocrx_word' id='word_1_99' title='bbox 95 785 258 821; x_wconf 81' lang='lat' dir='ltr'>semper</span> <span class='ocrx_word' id='word_1_100' title='bbox 275 771 544 810; x_wconf 83' lang='lat' dir='ltr'>anhelantem</span> <span class='ocrx_word' id='word_1_101' title='bbox 563 774 603 809; x_wconf 90' lang='lat' dir='ltr'>te</span> <span class='ocrx_word' id='word_1_102' title='bbox 623 776 760 810; x_wconf 90' lang='lat' dir='ltr'>seruet</span> <span class='ocrx_word' id='word_1_103' title='bbox 778 785 822 810; x_wconf 84' lang='lat' dir='ltr'>ac</span> <span class='ocrx_word' id='word_1_104' title='bbox 842 772 1042 821; x_wconf 89' lang='lat' dir='ltr'>prouehat</span> <span class='ocrx_word' id='word_1_105' title='bbox 1062 772 1265 819; x_wconf 85' lang='lat' dir='ltr'>Christus,</span> <span class='ocrx_word' id='word_1_106' title='bbox 1289 773 1409 811; x_wconf 89' lang='lat' dir='ltr'>vnica</span> <span class='ocrx_word' id='word_1_107' title='bbox 1428 787 1519 823; x_wconf 88' lang='lat' dir='ltr'>spes</span> <span class='ocrx_word' id='word_1_108' title='bbox 1538 773 1698 823; x_wconf 87' lang='lat' dir='ltr'>piarum</span> 
     </span>
     <span class='ocr_line' id='line_1_13' title="bbox 96 826 1068 872; baseline 0 -8"><span class='ocrx_word' id='word_1_109' title='bbox 96 826 314 872; x_wconf 87' lang='lat' dir='ltr'>mentium,</span> <span class='ocrx_word' id='word_1_110' title='bbox 340 827 399 864; x_wconf 88' lang='lat' dir='ltr'>mi</span> <span class='ocrx_word' id='word_1_111' title='bbox 419 826 545 864; x_wconf 88' lang='lat' dir='ltr'>frater</span> <span class='ocrx_word' id='word_1_112' title='bbox 564 827 608 864; x_wconf 90' lang='lat' dir='ltr'>in</span> <span class='ocrx_word' id='word_1_113' title='bbox 629 827 794 865; x_wconf 84' lang='lat' dir='ltr'>Christo</span> <span class='ocrx_word' id='word_1_114' title='bbox 815 826 1068 864; x_wconf 80' lang='lat' dir='ltr'>charissime.</span> 
     </span>
    </p>

    <p class='ocr_par' dir='ltr' id='par_1_4' title="bbox 153 878 1339 933">
     <span class='ocr_line' id='line_1_14' title="bbox 153 878 1339 933; baseline 0.001 -15"><span class='ocrx_word' id='word_1_115' title='bbox 153 881 216 919; x_wconf 81' lang='lat' dir='ltr'>Ex</span> <span class='ocrx_word' id='word_1_116' title='bbox 237 881 493 919; x_wconf 89' lang='lat' dir='ltr'>Anderlaco:</span> <span class='ocrx_word' id='word_1_117' title='bbox 523 881 654 931; x_wconf 82' lang='lat' dir='ltr'>pridie</span> <span class='ocrx_word' id='word_1_118' title='bbox 675 881 769 918; x_wconf 84' lang='lat' dir='ltr'>idus</span> <span class='ocrx_word' id='word_1_119' title='bbox 790 881 969 919; x_wconf 78' lang='lat' dir='ltr'>octobris</span> <span class='ocrx_word' id='word_1_120' title='bbox 991 878 1134 932; x_wconf 89' lang='lat' dir='ltr'>[Anno</span> <span class='ocrx_word' id='word_1_121' title='bbox 1154 878 1339 933; x_wconf 80' lang='lat' dir='ltr'>M.o.xx.]</span> 
     </span>
    </p>
   </div>
   <div class='ocr_carea' id='block_1_3' title="bbox 537 1069 1255 1112">
    <p class='ocr_par' dir='ltr' id='par_1_5' title="bbox 537 1069 1255 1112">
     <span class='ocr_line' id='line_1_15' title="bbox 537 1069 1255 1112; baseline 0.001 -1"><span class='ocrx_word' id='word_1_122' title='bbox 537 1071 662 1111; x_wconf 74' lang='lat'>1240.</span> <span class='ocrx_word' id='word_1_123' title='bbox 723 1069 786 1111; x_wconf 89' lang='lat' dir='ltr'>To</span> <span class='ocrx_word' id='word_1_124' title='bbox 822 1070 1009 1112; x_wconf 71' lang='lat' dir='ltr'>RUToEn</span> <span class='ocrx_word' id='word_1_125' title='bbox 1044 1071 1255 1112; x_wconf 70' lang='lat' dir='ltr'>REscics.</span> 
     </span>
    </p>
   </div>
   <div class='ocr_carea' id='block_1_4' title="bbox 145 1169 1652 1276">
    <p class='ocr_par' dir='ltr' id='par_1_6' title="bbox 145 1169 1652 1276">
     <span class='ocr_line' id='line_1_16' title="bbox 145 1169 1582 1216; baseline 0.001 -12"><span class='ocrx_word' id='word_1_126' title='bbox 145 1169 338 1214; x_wconf 76' lang='lat' dir='ltr'>Epistol-ae</span> <span class='ocrx_word' id='word_1_127' title='bbox 357 1170 404 1205; x_wconf 82' lang='lat' dir='ltr'>ad</span> <span class='ocrx_word' id='word_1_128' title='bbox 424 1170 589 1206; x_wconf 86' lang='lat' dir='ltr'>diuersos</span> <span class='ocrx_word' id='word_1_129' title='bbox 607 1183 642 1215; x_wconf 86' lang='lat' dir='ltr'>p.</span> <span class='ocrx_word' id='word_1_130' title='bbox 662 1171 744 1216; x_wconf 84' lang='lat'>650.</span> <span class='ocrx_word' id='word_1_131' title='bbox 1341 1171 1582 1206; x_wconf 86' lang='lat' dir='ltr'>Anderlecht.</span> 
     </span>
     <span class='ocr_line' id='line_1_17' title="bbox 145 1227 1652 1276; baseline 0.001 -14"><span class='ocrx_word' id='word_1_132' title='bbox 145 1228 238 1263; x_wconf 91' lang='lat' dir='ltr'>HN:</span> <span class='ocrx_word' id='word_1_133' title='bbox 265 1228 381 1263; x_wconf 90' lang='lat' dir='ltr'>Lond.</span> <span class='ocrx_word' id='word_1_134' title='bbox 402 1227 489 1263; x_wconf 83' lang='lat' dir='ltr'>xvii.</span> <span class='ocrx_word' id='word_1_135' title='bbox 512 1238 551 1273; x_wconf 84' lang='lat'>15</span> <span class='ocrx_word' id='word_1_136' title='bbox 569 1240 577 1261; x_wconf 89' lang='lat'>:</span> <span class='ocrx_word' id='word_1_137' title='bbox 604 1227 677 1263; x_wconf 89' lang='lat' dir='ltr'>LB.</span> <span class='ocrx_word' id='word_1_138' title='bbox 697 1229 777 1271; x_wconf 87' lang='lat'>607.</span> <span class='ocrx_word' id='word_1_139' title='bbox 1282 1227 1468 1274; x_wconf 82' lang='lat' dir='ltr'>&lt;October</span> <span class='ocrx_word' id='word_1_140' title='bbox 1487 1230 1530 1276; x_wconf 65' lang='lat'>22&gt;</span> <span class='ocrx_word' id='word_1_141' title='bbox 1554 1240 1652 1274; x_wconf 80' lang='lat'>1521.</span> 
     </span>
    </p>
   </div>
   <div class='ocr_carea' id='block_1_5' title="bbox 98 1314 1700 1530">
    <p class='ocr_par' dir='ltr' id='par_1_7' title="bbox 98 1314 1700 1530">
     <span class='ocr_line' id='line_1_18' title="bbox 144 1314 1700 1354; baseline 0.001 -11"><span class='ocrx_word' id='word_1_142' title='bbox 144 1314 232 1353; x_wconf 74' lang='lat' dir='ltr'>[The</span> <span class='ocrx_word' id='word_1_143' title='bbox 248 1314 444 1354; x_wconf 83' lang='lat' dir='ltr'>place-date</span> <span class='ocrx_word' id='word_1_144' title='bbox 461 1314 533 1344; x_wconf 83' lang='lat' dir='ltr'>and</span> <span class='ocrx_word' id='word_1_145' title='bbox 551 1314 612 1344; x_wconf 89' lang='lat' dir='ltr'>the</span> <span class='ocrx_word' id='word_1_146' title='bbox 630 1315 786 1354; x_wconf 82' lang='lat' dir='ltr'>position</span> <span class='ocrx_word' id='word_1_147' title='bbox 804 1316 843 1344; x_wconf 90' lang='lat' dir='ltr'>in</span> <span class='ocrx_word' id='word_1_148' title='bbox 862 1314 887 1344; x_wconf 88' lang='lat' dir='ltr'><strong>F</strong></span> <span class='ocrx_word' id='word_1_149' title='bbox 904 1315 1128 1344; x_wconf 66' lang='lat' dir='ltr'>corroborate</span> <span class='ocrx_word' id='word_1_150' title='bbox 1153 1315 1214 1345; x_wconf 81' lang='lat' dir='ltr'>the</span> <span class='ocrx_word' id='word_1_151' title='bbox 1240 1315 1423 1354; x_wconf 75' lang='lat' dir='ltr'>year-date</span> <span class='ocrx_word' id='word_1_152' title='bbox 1448 1315 1563 1345; x_wconf 79' lang='lat' dir='ltr'>added</span> <span class='ocrx_word' id='word_1_153' title='bbox 1582 1315 1619 1344; x_wconf 90' lang='lat' dir='ltr'>in</span> <span class='ocrx_word' id='word_1_154' title='bbox 1639 1315 1673 1345; x_wconf 91' lang='lat' dir='ltr'>H</span> <span class='ocrx_word' id='word_1_155' title='bbox 1693 1326 1700 1351; x_wconf 91' lang='lat'>;</span> 
     </span>
     <span class='ocr_line' id='line_1_19' title="bbox 98 1358 1699 1398; baseline 0 -10"><span class='ocrx_word' id='word_1_156' title='bbox 98 1358 170 1388; x_wconf 86' lang='lat' dir='ltr'>and</span> <span class='ocrx_word' id='word_1_157' title='bbox 180 1359 281 1388; x_wconf 86' lang='lat' dir='ltr'>there</span> <span class='ocrx_word' id='word_1_158' title='bbox 292 1359 322 1390; x_wconf 88' lang='lat' dir='ltr'>is</span> <span class='ocrx_word' id='word_1_159' title='bbox 333 1368 353 1388; x_wconf 87' lang='lat' dir='ltr'>a</span> <span class='ocrx_word' id='word_1_160' title='bbox 366 1358 607 1388; x_wconf 77' lang='lat' dir='ltr'>resemblance</span> <span class='ocrx_word' id='word_1_161' title='bbox 623 1359 660 1388; x_wconf 87' lang='lat' dir='ltr'>in</span> <span class='ocrx_word' id='word_1_162' title='bbox 676 1358 712 1388; x_wconf 93' lang='lat' dir='ltr'>ll.</span> <span class='ocrx_word' id='word_1_163' title='bbox 727 1359 791 1397; x_wconf 87' lang='lat'>8—9</span> <span class='ocrx_word' id='word_1_164' title='bbox 804 1362 840 1389; x_wconf 88' lang='lat' dir='ltr'>to</span> <span class='ocrx_word' id='word_1_165' title='bbox 854 1358 914 1396; x_wconf 88' lang='lat' dir='ltr'>Ep.</span> <span class='ocrx_word' id='word_1_166' title='bbox 933 1359 1025 1396; x_wconf 82' lang='lat'>1238.</span> <span class='ocrx_word' id='word_1_167' title='bbox 1040 1368 1137 1397; x_wconf 83' lang='lat'>93—5.</span> <span class='ocrx_word' id='word_1_168' title='bbox 1178 1358 1251 1388; x_wconf 84' lang='lat' dir='ltr'>The</span> <span class='ocrx_word' id='word_1_169' title='bbox 1271 1359 1529 1389; x_wconf 79' lang='lat' dir='ltr'>‘contumelia&#39;</span> <span class='ocrx_word' id='word_1_170' title='bbox 1549 1369 1699 1398; x_wconf 74' lang='lat' dir='ltr'>appears</span> 
     </span>
     <span class='ocr_line' id='line_1_20' title="bbox 98 1401 1700 1441; baseline 0 -9"><span class='ocrx_word' id='word_1_171' title='bbox 98 1404 135 1432; x_wconf 89' lang='lat' dir='ltr'>to</span> <span class='ocrx_word' id='word_1_172' title='bbox 152 1402 194 1432; x_wconf 85' lang='lat' dir='ltr'>be</span> <span class='ocrx_word' id='word_1_173' title='bbox 212 1411 308 1432; x_wconf 87' lang='lat' dir='ltr'>some</span> <span class='ocrx_word' id='word_1_174' title='bbox 321 1402 441 1440; x_wconf 89' lang='lat' dir='ltr'>sequel</span> <span class='ocrx_word' id='word_1_175' title='bbox 454 1401 492 1432; x_wconf 86' lang='lat' dir='ltr'>of</span> <span class='ocrx_word' id='word_1_176' title='bbox 506 1401 569 1431; x_wconf 84' lang='lat' dir='ltr'>the</span> <span class='ocrx_word' id='word_1_177' title='bbox 584 1402 723 1433; x_wconf 80' lang='lat' dir='ltr'>trouble</span> <span class='ocrx_word' id='word_1_178' title='bbox 737 1402 857 1432; x_wconf 87' lang='lat' dir='ltr'>which</span> <span class='ocrx_word' id='word_1_179' title='bbox 870 1401 938 1432; x_wconf 84' lang='lat' dir='ltr'>had</span> <span class='ocrx_word' id='word_1_180' title='bbox 954 1403 1074 1432; x_wconf 69' lang='lat' dir='ltr'>arisen</span> <span class='ocrx_word' id='word_1_181' title='bbox 1089 1403 1124 1431; x_wconf 90' lang='lat' dir='ltr'>in</span> <span class='ocrx_word' id='word_1_182' title='bbox 1143 1411 1291 1440; x_wconf 81' lang='lat'><strong>1519—20</strong></span> <span class='ocrx_word' id='word_1_183' title='bbox 1306 1406 1377 1441; x_wconf 80' lang='lat' dir='ltr'>(see</span> <span class='ocrx_word' id='word_1_184' title='bbox 1391 1412 1448 1441; x_wconf 88' lang='lat' dir='ltr'>pp.</span> <span class='ocrx_word' id='word_1_185' title='bbox 1468 1412 1538 1441; x_wconf 75' lang='lat'>132.</span> <span class='ocrx_word' id='word_1_186' title='bbox 1558 1401 1676 1441; x_wconf 84' lang='lat'>154-5)</span> <span class='ocrx_word' id='word_1_187' title='bbox 1693 1413 1700 1437; x_wconf 88' lang='lat'>;</span> 
     </span>
     <span class='ocr_line' id='line_1_21' title="bbox 99 1445 1700 1487; baseline 0 -11"><span class='ocrx_word' id='word_1_188' title='bbox 99 1455 145 1476; x_wconf 91' lang='lat' dir='ltr'>on</span> <span class='ocrx_word' id='word_1_189' title='bbox 162 1455 205 1483; x_wconf 84' lang='lat'>30</span> <span class='ocrx_word' id='word_1_190' title='bbox 232 1446 323 1485; x_wconf 84' lang='lat' dir='ltr'>Aug.</span> <span class='ocrx_word' id='word_1_191' title='bbox 356 1455 439 1484; x_wconf 83' lang='lat'>1520</span> <span class='ocrx_word' id='word_1_192' title='bbox 465 1445 620 1475; x_wconf 77' lang='lat' dir='ltr'>Rescius&#39;</span> <span class='ocrx_word' id='word_1_193' title='bbox 651 1446 723 1476; x_wconf 90' lang='lat' dir='ltr'>suit</span> <span class='ocrx_word' id='word_1_194' title='bbox 753 1447 893 1485; x_wconf 80' lang='lat' dir='ltr'>against</span> <span class='ocrx_word' id='word_1_195' title='bbox 922 1445 1070 1476; x_wconf 84' lang='lat' dir='ltr'>Calaber</span> <span class='ocrx_word' id='word_1_196' title='bbox 1098 1446 1169 1476; x_wconf 70' lang='lat' dir='ltr'>had</span> <span class='ocrx_word' id='word_1_197' title='bbox 1198 1449 1261 1476; x_wconf 85' lang='lat' dir='ltr'>not</span> <span class='ocrx_word' id='word_1_198' title='bbox 1290 1448 1347 1485; x_wconf 76' lang='lat' dir='ltr'>yet</span> <span class='ocrx_word' id='word_1_199' title='bbox 1374 1446 1463 1476; x_wconf 81' lang='lat' dir='ltr'>been</span> <span class='ocrx_word' id='word_1_200' title='bbox 1489 1447 1600 1476; x_wconf 80' lang='lat' dir='ltr'>heard</span> <span class='ocrx_word' id='word_1_201' title='bbox 1627 1448 1700 1487; x_wconf 75' lang='lat' dir='ltr'>(see</span> 
     </span>
     <span class='ocr_line' id='line_1_22' title="bbox 99 1488 573 1530; baseline 0 -11"><span class='ocrx_word' id='word_1_202' title='bbox 99 1488 143 1519; x_wconf 87' lang='lat' dir='ltr'>de</span> <span class='ocrx_word' id='word_1_203' title='bbox 158 1489 276 1529; x_wconf 73' lang='lat' dir='ltr'>Jongh</span> <span class='ocrx_word' id='word_1_204' title='bbox 293 1499 350 1529; x_wconf 89' lang='lat' dir='ltr'>pp.</span> <span class='ocrx_word' id='word_1_205' title='bbox 370 1499 446 1528; x_wconf 84' lang='lat'>203,</span> <span class='ocrx_word' id='word_1_206' title='bbox 464 1488 573 1530; x_wconf 74' lang='lat'>25*).]</span> 
     </span>
    </p>
   </div>
   <div class='ocr_carea' id='block_1_6' title="bbox 457 1602 1342 1634">
    <p class='ocr_par' dir='ltr' id='par_1_8' title="bbox 457 1602 1342 1634">
     <span class='ocr_line' id='line_1_23' title="bbox 457 1602 1342 1634; baseline -0.001 -1"><span class='ocrx_word' id='word_1_207' title='bbox 457 1604 662 1634; x_wconf 73' lang='lat' dir='ltr'>ERASMVs</span> <span class='ocrx_word' id='word_1_208' title='bbox 695 1603 905 1634; x_wconf 74' lang='lat' dir='ltr'>RVTGERO</span> <span class='ocrx_word' id='word_1_209' title='bbox 937 1602 1096 1633; x_wconf 78' lang='lat' dir='ltr'>RESCIO</span> <span class='ocrx_word' id='word_1_210' title='bbox 1128 1603 1211 1633; x_wconf 79' lang='lat' dir='ltr'>SVO</span> <span class='ocrx_word' id='word_1_211' title='bbox 1242 1604 1277 1634; x_wconf 83' lang='lat' dir='ltr'>S.</span> <span class='ocrx_word' id='word_1_212' title='bbox 1299 1604 1342 1633; x_wconf 88' lang='lat' dir='ltr'>D.</span> 
     </span>
    </p>
   </div>
   <div class='ocr_carea' id='block_1_7' title="bbox 99 1683 1763 2604">
    <p class='ocr_par' dir='ltr' id='par_1_9' title="bbox 99 1683 1763 2440">
     <span class='ocr_line' id='line_1_24' title="bbox 154 1683 1703 1733; baseline -0.001 -10"><span class='ocrx_word' id='word_1_213' title='bbox 154 1685 210 1723; x_wconf 92' lang='lat' dir='ltr'>N1</span> <span class='ocrx_word' id='word_1_214' title='bbox 230 1689 317 1723; x_wconf 89' lang='lat' dir='ltr'>tam</span> <span class='ocrx_word' id='word_1_215' title='bbox 336 1687 456 1723; x_wconf 85' lang='lat' dir='ltr'>atrox</span> <span class='ocrx_word' id='word_1_216' title='bbox 475 1687 583 1723; x_wconf 89' lang='lat' dir='ltr'>esset</span> <span class='ocrx_word' id='word_1_217' title='bbox 603 1684 867 1731; x_wconf 89' lang='lat' dir='ltr'>contumelia,</span> <span class='ocrx_word' id='word_1_218' title='bbox 895 1684 952 1721; x_wconf 86' lang='lat' dir='ltr'>mi</span> <span class='ocrx_word' id='word_1_219' title='bbox 974 1683 1095 1722; x_wconf 85' lang='lat' dir='ltr'>Resci</span> <span class='ocrx_word' id='word_1_220' title='bbox 1116 1683 1373 1731; x_wconf 80' lang='lat' dir='ltr'>doctissime,</span> <span class='ocrx_word' id='word_1_221' title='bbox 1396 1697 1565 1733; x_wconf 87' lang='lat' dir='ltr'>prorsus</span> <span class='ocrx_word' id='word_1_222' title='bbox 1585 1688 1703 1722; x_wconf 84' lang='lat' dir='ltr'>autor</span> 
     </span>
     <span class='ocr_line' id='line_1_25' title="bbox 99 1738 1702 1788; baseline 0 -11"><span class='ocrx_word' id='word_1_223' title='bbox 99 1740 177 1778; x_wconf 92' lang='lat' dir='ltr'>tibi</span> <span class='ocrx_word' id='word_1_224' title='bbox 198 1740 364 1778; x_wconf 88' lang='lat' dir='ltr'>futurus</span> <span class='ocrx_word' id='word_1_225' title='bbox 383 1740 462 1778; x_wconf 91' lang='lat' dir='ltr'>sim</span> <span class='ocrx_word' id='word_1_226' title='bbox 475 1743 521 1778; x_wconf 88' lang='lat' dir='ltr'>vt</span> <span class='ocrx_word' id='word_1_227' title='bbox 534 1740 600 1777; x_wconf 90' lang='lat' dir='ltr'>vel</span> <span class='ocrx_word' id='word_1_228' title='bbox 621 1739 777 1788; x_wconf 88' lang='lat' dir='ltr'>iniquis</span> <span class='ocrx_word' id='word_1_229' title='bbox 792 1738 1104 1777; x_wconf 88' lang='lat' dir='ltr'>conditionibus</span> <span class='ocrx_word' id='word_1_230' title='bbox 1125 1751 1266 1786; x_wconf 85' lang='lat' dir='ltr'>pacem</span> <span class='ocrx_word' id='word_1_231' title='bbox 1285 1739 1536 1777; x_wconf 79' lang='lat' dir='ltr'>admitteres.</span> <span class='ocrx_word' id='word_1_232' title='bbox 1581 1738 1702 1777; x_wconf 83' lang='lat' dir='ltr'>Nunc</span> 
     </span>
     <span class='ocr_line' id='line_1_26' title="bbox 100 1793 1699 1842; baseline -0.001 -10"><span class='ocrx_word' id='word_1_233' title='bbox 100 1807 195 1832; x_wconf 87' lang='lat' dir='ltr'>cum</span> <span class='ocrx_word' id='word_1_234' title='bbox 211 1794 417 1832; x_wconf 90' lang='lat' dir='ltr'>eiusmodi</span> <span class='ocrx_word' id='word_1_235' title='bbox 435 1794 490 1832; x_wconf 88' lang='lat' dir='ltr'>sit</span> <span class='ocrx_word' id='word_1_236' title='bbox 512 1793 788 1832; x_wconf 87' lang='lat' dir='ltr'>contumeliae</span> <span class='ocrx_word' id='word_1_237' title='bbox 815 1806 959 1842; x_wconf 88' lang='lat' dir='ltr'>genus,</span> <span class='ocrx_word' id='word_1_238' title='bbox 984 1796 1030 1830; x_wconf 89' lang='lat' dir='ltr'>vt</span> <span class='ocrx_word' id='word_1_239' title='bbox 1060 1806 1183 1830; x_wconf 89' lang='lat' dir='ltr'>nemo</span> <span class='ocrx_word' id='word_1_240' title='bbox 1215 1806 1299 1830; x_wconf 92' lang='lat' dir='ltr'>non</span> <span class='ocrx_word' id='word_1_241' title='bbox 1327 1793 1607 1831; x_wconf 87' lang='lat' dir='ltr'>detestaturus</span> <span class='ocrx_word' id='word_1_242' title='bbox 1633 1795 1699 1837; x_wconf 81' lang='lat' dir='ltr'>sit,</span> 
     </span>
     <span class='ocr_line' id='line_1_27' title="bbox 99 1847 1702 1898; baseline -0.001 -12"><span class='ocrx_word' id='word_1_243' title='bbox 99 1849 135 1886; x_wconf 87' lang='lat' dir='ltr'>si</span> <span class='ocrx_word' id='word_1_244' title='bbox 156 1848 253 1898; x_wconf 86' lang='lat' dir='ltr'>quid</span> <span class='ocrx_word' id='word_1_245' title='bbox 276 1848 480 1886; x_wconf 88' lang='lat' dir='ltr'>eiusmodi</span> <span class='ocrx_word' id='word_1_246' title='bbox 499 1847 779 1886; x_wconf 87' lang='lat' dir='ltr'>commisisset</span> <span class='ocrx_word' id='word_1_247' title='bbox 799 1848 923 1885; x_wconf 87' lang='lat' dir='ltr'>herus</span> <span class='ocrx_word' id='word_1_248' title='bbox 950 1848 994 1885; x_wconf 89' lang='lat' dir='ltr'>in</span> <span class='ocrx_word' id='word_1_249' title='bbox 1021 1860 1145 1884; x_wconf 91' lang='lat' dir='ltr'>suum</span> <span class='ocrx_word' id='word_1_250' title='bbox 1175 1848 1445 1896; x_wconf 64' lang='lat' dir='ltr'>mancipium,</span> <span class='ocrx_word' id='word_1_251' title='bbox 1469 1847 1702 1885; x_wconf 85' lang='lat' dir='ltr'>cuiusmodi</span> 
     </span>
     <span class='ocr_line' id='line_1_28' title="bbox 99 1901 1738 1952; baseline -0.001 -11"><span class='ocrx_word' id='word_1_252' title='bbox 99 1903 311 1941; x_wconf 83' lang='lat' dir='ltr'>maliciosa</span> <span class='ocrx_word' id='word_1_253' title='bbox 331 1903 635 1952; x_wconf 85' lang='lat' dir='ltr'>conspiratione</span> <span class='ocrx_word' id='word_1_254' title='bbox 662 1902 934 1951; x_wconf 82' lang='lat' dir='ltr'>designarunt</span> <span class='ocrx_word' id='word_1_255' title='bbox 961 1901 991 1939; x_wconf 92' lang='lat' dir='ltr'>ii</span> <span class='ocrx_word' id='word_1_256' title='bbox 1012 1914 1188 1950; x_wconf 87' lang='lat' dir='ltr'>quorum</span> <span class='ocrx_word' id='word_1_257' title='bbox 1223 1905 1358 1949; x_wconf 86' lang='lat' dir='ltr'>partes</span> <span class='ocrx_word' id='word_1_258' title='bbox 1385 1906 1503 1939; x_wconf 87' lang='lat' dir='ltr'>erant</span> <span class='ocrx_word' id='word_1_259' title='bbox 1531 1915 1700 1940; x_wconf 91' lang='lat' dir='ltr'>omnem</span> <span class='ocrx_word' id='word_1_260' title='bbox 1721 1916 1738 1947; x_wconf 83' lang='lat'>5</span> 
     </span>
     <span class='ocr_line' id='line_1_29' title="bbox 99 1955 1698 2006; baseline -0.001 -11"><span class='ocrx_word' id='word_1_261' title='bbox 99 1957 295 1995; x_wconf 88' lang='lat' dir='ltr'>iniuriam</span> <span class='ocrx_word' id='word_1_262' title='bbox 324 1970 348 1995; x_wconf 88' lang='lat' dir='ltr'>a</span> <span class='ocrx_word' id='word_1_263' title='bbox 367 1957 477 2006; x_wconf 84' lang='lat' dir='ltr'>frugi</span> <span class='ocrx_word' id='word_1_264' title='bbox 504 1956 762 1994; x_wconf 88' lang='lat' dir='ltr'>scholasticis</span> <span class='ocrx_word' id='word_1_265' title='bbox 783 1956 1001 2005; x_wconf 81' lang='lat' dir='ltr'>depellere,</span> <span class='ocrx_word' id='word_1_266' title='bbox 1028 1969 1112 1993; x_wconf 88' lang='lat' dir='ltr'>non</span> <span class='ocrx_word' id='word_1_267' title='bbox 1138 1955 1274 1993; x_wconf 88' lang='lat' dir='ltr'>ausim</span> <span class='ocrx_word' id='word_1_268' title='bbox 1295 1958 1339 1993; x_wconf 86' lang='lat' dir='ltr'>vt</span> <span class='ocrx_word' id='word_1_269' title='bbox 1366 1956 1490 1993; x_wconf 86' lang='lat' dir='ltr'>facias</span> <span class='ocrx_word' id='word_1_270' title='bbox 1516 1957 1698 2002; x_wconf 82' lang='lat' dir='ltr'>suadere.</span> 
     </span>
     <span class='ocr_line' id='line_1_30' title="bbox 99 2009 1701 2061; baseline 0 -12"><span class='ocrx_word' id='word_1_271' title='bbox 99 2012 208 2061; x_wconf 86' lang='lat' dir='ltr'>quod</span> <span class='ocrx_word' id='word_1_272' title='bbox 238 2016 378 2049; x_wconf 88' lang='lat' dir='ltr'>tamen</span> <span class='ocrx_word' id='word_1_273' title='bbox 407 2013 479 2049; x_wconf 89' lang='lat' dir='ltr'>tuo</span> <span class='ocrx_word' id='word_1_274' title='bbox 510 2010 620 2049; x_wconf 89' lang='lat' dir='ltr'>bono</span> <span class='ocrx_word' id='word_1_275' title='bbox 649 2011 807 2048; x_wconf 87' lang='lat' dir='ltr'>factum</span> <span class='ocrx_word' id='word_1_276' title='bbox 837 2023 925 2048; x_wconf 87' lang='lat' dir='ltr'>esse</span> <span class='ocrx_word' id='word_1_277' title='bbox 954 2022 1162 2059; x_wconf 86' lang='lat' dir='ltr'>cuperem.</span> <span class='ocrx_word' id='word_1_278' title='bbox 1225 2009 1330 2047; x_wconf 89' lang='lat' dir='ltr'>Mira</span> <span class='ocrx_word' id='word_1_279' title='bbox 1358 2023 1457 2048; x_wconf 88' lang='lat' dir='ltr'>vero</span> <span class='ocrx_word' id='word_1_280' title='bbox 1486 2011 1701 2059; x_wconf 80' lang='lat' dir='ltr'>tyrannis!</span> 
     </span>
     <span class='ocr_line' id='line_1_31' title="bbox 100 2064 1702 2115; baseline -0.001 -11"><span class='ocrx_word' id='word_1_281' title='bbox 100 2065 189 2115; x_wconf 84' lang='lat' dir='ltr'>Ipsi</span> <span class='ocrx_word' id='word_1_282' title='bbox 217 2079 347 2115; x_wconf 88' lang='lat' dir='ltr'>quum</span> <span class='ocrx_word' id='word_1_283' title='bbox 377 2078 429 2103; x_wconf 92' lang='lat' dir='ltr'>ne</span> <span class='ocrx_word' id='word_1_284' title='bbox 456 2065 626 2103; x_wconf 90' lang='lat' dir='ltr'>voculae</span> <span class='ocrx_word' id='word_1_285' title='bbox 657 2065 825 2114; x_wconf 87' lang='lat' dir='ltr'>quidem</span> <span class='ocrx_word' id='word_1_286' title='bbox 855 2064 983 2102; x_wconf 85' lang='lat' dir='ltr'>vllius</span> <span class='ocrx_word' id='word_1_287' title='bbox 1014 2064 1209 2102; x_wconf 85' lang='lat' dir='ltr'>iniuriam</span> <span class='ocrx_word' id='word_1_288' title='bbox 1239 2065 1382 2110; x_wconf 87' lang='lat' dir='ltr'>ferant,</span> <span class='ocrx_word' id='word_1_289' title='bbox 1415 2064 1628 2113; x_wconf 84' lang='lat' dir='ltr'>postulant</span> <span class='ocrx_word' id='word_1_290' title='bbox 1657 2069 1702 2103; x_wconf 86' lang='lat' dir='ltr'>vt</span> 
     </span>
     <span class='ocr_line' id='line_1_32' title="bbox 99 2118 1703 2168; baseline -0.001 -11"><span class='ocrx_word' id='word_1_291' title='bbox 99 2123 145 2158; x_wconf 85' lang='lat' dir='ltr'>tu</span> <span class='ocrx_word' id='word_1_292' title='bbox 167 2122 253 2158; x_wconf 90' lang='lat' dir='ltr'>tam</span> <span class='ocrx_word' id='word_1_293' title='bbox 281 2120 491 2168; x_wconf 86' lang='lat' dir='ltr'>insignem</span> <span class='ocrx_word' id='word_1_294' title='bbox 521 2119 819 2158; x_wconf 88' lang='lat' dir='ltr'>contumeliam</span> <span class='ocrx_word' id='word_1_295' title='bbox 847 2131 1018 2165; x_wconf 89' lang='lat' dir='ltr'>musses,</span> <span class='ocrx_word' id='word_1_296' title='bbox 1041 2131 1086 2156; x_wconf 90' lang='lat' dir='ltr'>ac</span> <span class='ocrx_word' id='word_1_297' title='bbox 1115 2118 1417 2167; x_wconf 88' lang='lat' dir='ltr'>propemodum</span> <span class='ocrx_word' id='word_1_298' title='bbox 1447 2119 1573 2156; x_wconf 87' lang='lat' dir='ltr'>etiam</span> <span class='ocrx_word' id='word_1_299' title='bbox 1593 2119 1703 2157; x_wconf 87' lang='lat' dir='ltr'>vltro</span> 
     </span>
     <span class='ocr_line' id='line_1_33' title="bbox 99 2172 1763 2224; baseline -0.002 -12"><span class='ocrx_word' id='word_1_300' title='bbox 99 2175 265 2212; x_wconf 89' lang='lat' dir='ltr'>veniam</span> <span class='ocrx_word' id='word_1_301' title='bbox 298 2174 495 2223; x_wconf 88' lang='lat' dir='ltr'>postules,</span> <span class='ocrx_word' id='word_1_302' title='bbox 533 2187 586 2212; x_wconf 92' lang='lat' dir='ltr'>ne</span> <span class='ocrx_word' id='word_1_303' title='bbox 618 2174 716 2224; x_wconf 87' lang='lat' dir='ltr'>quid</span> <span class='ocrx_word' id='word_1_304' title='bbox 756 2173 915 2212; x_wconf 87' lang='lat' dir='ltr'>scilicet</span> <span class='ocrx_word' id='word_1_305' title='bbox 948 2173 1118 2211; x_wconf 89' lang='lat' dir='ltr'>illorum</span> <span class='ocrx_word' id='word_1_306' title='bbox 1152 2173 1321 2210; x_wconf 88' lang='lat' dir='ltr'>decedat</span> <span class='ocrx_word' id='word_1_307' title='bbox 1356 2172 1560 2222; x_wconf 86' lang='lat' dir='ltr'>dignitati.</span> <span class='ocrx_word' id='word_1_308' title='bbox 1621 2173 1703 2211; x_wconf 88' lang='lat' dir='ltr'>Res</span> <span class='ocrx_word' id='word_1_309' title='bbox 1724 2186 1763 2208; x_wconf 86' lang='lat'>10</span> 
     </span>
     <span class='ocr_line' id='line_1_34' title="bbox 100 2227 1703 2278; baseline -0.001 -12"><span class='ocrx_word' id='word_1_310' title='bbox 100 2232 187 2266; x_wconf 86' lang='lat' dir='ltr'>erat</span> <span class='ocrx_word' id='word_1_311' title='bbox 215 2228 340 2277; x_wconf 83' lang='lat' dir='ltr'>digna</span> <span class='ocrx_word' id='word_1_312' title='bbox 367 2241 472 2277; x_wconf 89' lang='lat' dir='ltr'>quae</span> <span class='ocrx_word' id='word_1_313' title='bbox 504 2228 679 2278; x_wconf 85' lang='lat' dir='ltr'>posteris</span> <span class='ocrx_word' id='word_1_314' title='bbox 708 2228 1007 2266; x_wconf 89' lang='lat' dir='ltr'>innotesceret:</span> <span class='ocrx_word' id='word_1_315' title='bbox 1051 2230 1093 2265; x_wconf 88' lang='lat' dir='ltr'>at</span> <span class='ocrx_word' id='word_1_316' title='bbox 1121 2241 1196 2276; x_wconf 87' lang='lat' dir='ltr'>ego</span> <span class='ocrx_word' id='word_1_317' title='bbox 1224 2229 1325 2276; x_wconf 90' lang='lat' dir='ltr'>puto</span> <span class='ocrx_word' id='word_1_318' title='bbox 1348 2227 1588 2276; x_wconf 86' lang='lat' dir='ltr'>generosius</span> <span class='ocrx_word' id='word_1_319' title='bbox 1616 2241 1703 2265; x_wconf 86' lang='lat' dir='ltr'>esse</span> 
     </span>
     <span class='ocr_line' id='line_1_35' title="bbox 100 2281 1703 2332; baseline -0.002 -11"><span class='ocrx_word' id='word_1_320' title='bbox 100 2283 309 2321; x_wconf 85' lang='lat' dir='ltr'>vindictae</span> <span class='ocrx_word' id='word_1_321' title='bbox 337 2295 469 2332; x_wconf 86' lang='lat' dir='ltr'>genus</span> <span class='ocrx_word' id='word_1_322' title='bbox 497 2282 543 2329; x_wconf 88' lang='lat' dir='ltr'>si,</span> <span class='ocrx_word' id='word_1_323' title='bbox 577 2282 929 2332; x_wconf 88' lang='lat' dir='ltr'>quemadmodum</span> <span class='ocrx_word' id='word_1_324' title='bbox 960 2282 1160 2320; x_wconf 87' lang='lat' dir='ltr'>hactenus</span> <span class='ocrx_word' id='word_1_325' title='bbox 1188 2281 1336 2327; x_wconf 83' lang='lat' dir='ltr'>fecisti,</span> <span class='ocrx_word' id='word_1_326' title='bbox 1363 2281 1542 2319; x_wconf 83' lang='lat' dir='ltr'>Graecae</span> <span class='ocrx_word' id='word_1_327' title='bbox 1571 2281 1703 2319; x_wconf 78' lang='lat' dir='ltr'>litera-</span> 
     </span>
     <span class='ocr_line' id='line_1_36' title="bbox 100 2335 1704 2387; baseline -0.001 -12"><span class='ocrx_word' id='word_1_328' title='bbox 100 2341 217 2375; x_wconf 89' lang='lat' dir='ltr'>turae</span> <span class='ocrx_word' id='word_1_329' title='bbox 247 2336 547 2386; x_wconf 82' lang='lat' dir='ltr'>professionem</span> <span class='ocrx_word' id='word_1_330' title='bbox 577 2350 701 2387; x_wconf 87' lang='lat' dir='ltr'>quam</span> <span class='ocrx_word' id='word_1_331' title='bbox 731 2337 913 2375; x_wconf 83' lang='lat' dir='ltr'>maxime</span> <span class='ocrx_word' id='word_1_332' title='bbox 943 2336 1198 2382; x_wconf 88' lang='lat' dir='ltr'>cohonestes,</span> <span class='ocrx_word' id='word_1_333' title='bbox 1231 2338 1272 2373; x_wconf 91' lang='lat' dir='ltr'>et</span> <span class='ocrx_word' id='word_1_334' title='bbox 1305 2335 1586 2386; x_wconf 86' lang='lat' dir='ltr'>integerrimis</span> <span class='ocrx_word' id='word_1_335' title='bbox 1619 2337 1704 2374; x_wconf 91' lang='lat' dir='ltr'>tuis</span> 
     </span>
     <span class='ocr_line' id='line_1_37' title="bbox 100 2391 790 2440; baseline -0.001 -11"><span class='ocrx_word' id='word_1_336' title='bbox 100 2391 287 2429; x_wconf 88' lang='lat' dir='ltr'>moribus</span> <span class='ocrx_word' id='word_1_337' title='bbox 306 2394 348 2429; x_wconf 88' lang='lat' dir='ltr'>et</span> <span class='ocrx_word' id='word_1_338' title='bbox 367 2391 544 2429; x_wconf 89' lang='lat' dir='ltr'>docendi</span> <span class='ocrx_word' id='word_1_339' title='bbox 563 2391 790 2440; x_wconf 88' lang='lat' dir='ltr'>vigilantia.</span> 
     </span>
    </p>

    <p class='ocr_par' dir='ltr' id='par_1_10' title="bbox 100 2444 1758 2604">
     <span class='ocr_line' id='line_1_38' title="bbox 155 2444 1758 2500; baseline -0.001 -16"><span class='ocrx_word' id='word_1_340' title='bbox 155 2445 273 2493; x_wconf 77' lang='lat' dir='ltr'>Quod</span> <span class='ocrx_word' id='word_1_341' title='bbox 303 2445 339 2483; x_wconf 88' lang='lat' dir='ltr'>si</span> <span class='ocrx_word' id='word_1_342' title='bbox 368 2458 451 2483; x_wconf 90' lang='lat' dir='ltr'>non</span> <span class='ocrx_word' id='word_1_343' title='bbox 482 2446 680 2495; x_wconf 87' lang='lat' dir='ltr'>impetras</span> <span class='ocrx_word' id='word_1_344' title='bbox 710 2446 787 2483; x_wconf 89' lang='lat' dir='ltr'>hoc</span> <span class='ocrx_word' id='word_1_345' title='bbox 821 2445 872 2483; x_wconf 90' lang='lat' dir='ltr'>ab</span> <span class='ocrx_word' id='word_1_346' title='bbox 902 2446 1042 2483; x_wconf 84' lang='lat' dir='ltr'>animo</span> <span class='ocrx_word' id='word_1_347' title='bbox 1074 2447 1157 2491; x_wconf 84' lang='lat' dir='ltr'>tuo,</span> <span class='ocrx_word' id='word_1_348' title='bbox 1190 2447 1237 2483; x_wconf 88' lang='lat' dir='ltr'>vt</span> <span class='ocrx_word' id='word_1_349' title='bbox 1266 2444 1388 2482; x_wconf 88' lang='lat' dir='ltr'>litem</span> <span class='ocrx_word' id='word_1_350' title='bbox 1417 2445 1702 2500; x_wconf 66' lang='lat' dir='ltr'>remittas—id</span> <span class='ocrx_word' id='word_1_351' title='bbox 1724 2457 1758 2490; x_wconf 90' lang='lat'>15</span> 
     </span>
     <span class='ocr_line' id='line_1_39' title="bbox 102 2499 1704 2549; baseline -0.001 -11"><span class='ocrx_word' id='word_1_352' title='bbox 102 2500 210 2549; x_wconf 87' lang='lat' dir='ltr'>quod</span> <span class='ocrx_word' id='word_1_353' title='bbox 231 2513 307 2549; x_wconf 88' lang='lat' dir='ltr'>ego</span> <span class='ocrx_word' id='word_1_354' title='bbox 333 2500 466 2538; x_wconf 89' lang='lat' dir='ltr'>nolim</span> <span class='ocrx_word' id='word_1_355' title='bbox 494 2500 566 2538; x_wconf 86' lang='lat' dir='ltr'>abs</span> <span class='ocrx_word' id='word_1_356' title='bbox 596 2504 636 2537; x_wconf 88' lang='lat' dir='ltr'>te</span> <span class='ocrx_word' id='word_1_357' title='bbox 662 2500 863 2548; x_wconf 84' lang='lat' dir='ltr'>flagitare,</span> <span class='ocrx_word' id='word_1_358' title='bbox 885 2500 1210 2548; x_wconf 60' lang='lat' dir='ltr'>quandefamae</span> <span class='ocrx_word' id='word_1_359' title='bbox 1240 2511 1304 2536; x_wconf 87' lang='lat' dir='ltr'>res</span> <span class='ocrx_word' id='word_1_360' title='bbox 1332 2499 1534 2548; x_wconf 75' lang='lat' dir='ltr'>agitu1·-,</span> <span class='ocrx_word' id='word_1_361' title='bbox 1557 2500 1619 2537; x_wconf 88' lang='lat' dir='ltr'>fac</span> <span class='ocrx_word' id='word_1_362' title='bbox 1648 2499 1704 2536; x_wconf 81' lang='lat' dir='ltr'>ita</span> 
     </span>
     <span class='ocr_line' id='line_1_40' title="bbox 100 2553 1704 2604; baseline -0.001 -13"><span class='ocrx_word' id='word_1_363' title='bbox 100 2554 238 2603; x_wconf 89' lang='lat' dir='ltr'>litiges</span> <span class='ocrx_word' id='word_1_364' title='bbox 264 2554 617 2604; x_wconf 87' lang='lat' dir='ltr'>quemadmodum</span> <span class='ocrx_word' id='word_1_365' title='bbox 646 2554 847 2592; x_wconf 85' lang='lat' dir='ltr'>hactenus</span> <span class='ocrx_word' id='word_1_366' title='bbox 874 2557 935 2591; x_wconf 88' lang='lat' dir='ltr'>est</span> <span class='ocrx_word' id='word_1_367' title='bbox 965 2568 989 2591; x_wconf 87' lang='lat' dir='ltr'>a</span> <span class='ocrx_word' id='word_1_368' title='bbox 1014 2554 1131 2591; x_wconf 85' lang='lat' dir='ltr'>vobis</span> <span class='ocrx_word' id='word_1_369' title='bbox 1160 2553 1382 2602; x_wconf 86' lang='lat' dir='ltr'>litigatum.</span> <span class='ocrx_word' id='word_1_370' title='bbox 1444 2553 1550 2591; x_wconf 88' lang='lat' dir='ltr'>Nam</span> <span class='ocrx_word' id='word_1_371' title='bbox 1573 2566 1704 2602; x_wconf 86' lang='lat' dir='ltr'>quum</span> 
     </span>
    </p>
   </div>
   <div class='ocr_carea' id='block_1_8' title="bbox 100 2665 1705 3029">
    <p class='ocr_par' dir='ltr' id='par_1_11' title="bbox 102 2665 1704 2740">
     <span class='ocr_line' id='line_1_41' title="bbox 149 2665 1704 2705; baseline -0.001 -10"><span class='ocrx_word' id='word_1_372' title='bbox 149 2666 240 2695; x_wconf 79' lang='lat'>1239.</span> <span class='ocrx_word' id='word_1_373' title='bbox 270 2675 318 2703; x_wconf 85' lang='lat'>13.</span> <span class='ocrx_word' id='word_1_374' title='bbox 344 2666 518 2705; x_wconf 74' lang='lat' dir='ltr'>procellas</span> <span class='ocrx_word' id='word_1_375' title='bbox 535 2667 769 2705; x_wconf 84' lang='lat' dir='ltr'>abripuerunt</span> <span class='ocrx_word' id='word_1_376' title='bbox 789 2668 821 2695; x_wconf 81' lang='lat' dir='ltr'>F.</span> <span class='ocrx_word' id='word_1_377' title='bbox 950 2674 998 2704; x_wconf 90' lang='lat'>19.</span> <span class='ocrx_word' id='word_1_378' title='bbox 1026 2665 1086 2695; x_wconf 78' lang='lat' dir='ltr'>vbi</span> <span class='ocrx_word' id='word_1_379' title='bbox 1103 2676 1122 2694; x_wconf 88' lang='grc' dir='ltr'>α</span> <span class='ocrx_word' id='word_1_380' title='bbox 1140 2676 1147 2695; x_wconf 89' lang='lat'>:</span> <span class='ocrx_word' id='word_1_381' title='bbox 1170 2667 1209 2695; x_wconf 87' lang='lat' dir='ltr'>vt</span> <span class='ocrx_word' id='word_1_382' title='bbox 1226 2666 1260 2695; x_wconf 86' lang='lat' dir='ltr'>F.</span> <span class='ocrx_word' id='word_1_383' title='bbox 1376 2674 1428 2701; x_wconf 88' lang='lat'>24.</span> <span class='ocrx_word' id='word_1_384' title='bbox 1456 2666 1561 2694; x_wconf 85' lang='lat' dir='ltr'>Anno</span> <span class='ocrx_word' id='word_1_385' title='bbox 1580 2673 1704 2695; x_wconf 77' lang='lat' dir='ltr'>M.1).xx</span> 
     </span>
     <span class='ocr_line' id='line_1_42' title="bbox 102 2709 854 2740; baseline 0.003 -2"><span class='ocrx_word' id='word_1_386' title='bbox 102 2711 176 2739; x_wconf 72' lang='lat' dir='ltr'>wid.</span> <span class='ocrx_word' id='word_1_387' title='bbox 196 2711 236 2738; x_wconf 84' lang='lat' dir='ltr'>H.</span> <span class='ocrx_word' id='word_1_388' title='bbox 373 2710 468 2740; x_wconf 83' lang='lat'>1240.</span> <span class='ocrx_word' id='word_1_389' title='bbox 490 2719 538 2740; x_wconf 91' lang='lat'>10.</span> <span class='ocrx_word' id='word_1_390' title='bbox 566 2709 705 2740; x_wconf 85' lang='lat' dir='ltr'>scilicet</span> <span class='ocrx_word' id='word_1_391' title='bbox 722 2711 795 2740; x_wconf 79' lang='lat' dir='ltr'>add.</span> <span class='ocrx_word' id='word_1_392' title='bbox 812 2711 854 2740; x_wconf 88' lang='lat' dir='ltr'>H.</span> 
     </span>
    </p>

    <p class='ocr_par' dir='ltr' id='par_1_12' title="bbox 151 2815 1703 2856">
     <span class='ocr_line' id='line_1_43' title="bbox 151 2815 1703 2856; baseline -0.002 -10"><span class='ocrx_word' id='word_1_393' title='bbox 151 2817 241 2847; x_wconf 77' lang='lat'>1239.</span> <span class='ocrx_word' id='word_1_394' title='bbox 263 2827 309 2854; x_wconf 86' lang='lat'>14.</span> <span class='ocrx_word' id='word_1_395' title='bbox 338 2815 516 2856; x_wconf 82' lang='lat' dir='ltr'>Christus]</span> <span class='ocrx_word' id='word_1_396' title='bbox 541 2816 634 2846; x_wconf 86' lang='lat' dir='ltr'>John</span> <span class='ocrx_word' id='word_1_397' title='bbox 657 2817 705 2846; x_wconf 87' lang='lat'>16.</span> <span class='ocrx_word' id='word_1_398' title='bbox 723 2826 774 2855; x_wconf 83' lang='lat'>33.</span> <span class='ocrx_word' id='word_1_399' title='bbox 937 2817 1163 2852; x_wconf 71' lang='lat' dir='ltr'>Clzoroyraphia</span> <span class='ocrx_word' id='word_1_400' title='bbox 1172 2825 1261 2845; x_wconf 71' lang='lat' dir='ltr'>sacra</span> <span class='ocrx_word' id='word_1_401' title='bbox 1272 2817 1477 2852; x_wconf 64' lang='lat' dir='ltr'>Bratantz&#39;ae,</span> <span class='ocrx_word' id='word_1_402' title='bbox 1492 2817 1584 2854; x_wconf 87' lang='lat'>1659,</span> <span class='ocrx_word' id='word_1_403' title='bbox 1598 2815 1664 2844; x_wconf 89' lang='lat' dir='ltr'>vol.</span> <span class='ocrx_word' id='word_1_404' title='bbox 1684 2815 1703 2848; x_wconf 74' lang='lat' dir='ltr'>i.</span> 
     </span>
    </p>

    <p class='ocr_par' dir='ltr' id='par_1_13' title="bbox 152 2857 1417 2900">
     <span class='ocr_line' id='line_1_44' title="bbox 152 2857 1417 2900; baseline 0 -11"><span class='ocrx_word' id='word_1_405' title='bbox 152 2869 199 2899; x_wconf 90' lang='lat'>19.</span> <span class='ocrx_word' id='word_1_406' title='bbox 228 2859 410 2900; x_wconf 84' lang='lat' dir='ltr'>Reuisam]</span> <span class='ocrx_word' id='word_1_407' title='bbox 435 2860 488 2891; x_wconf 80' lang='lat' dir='ltr'>Cf.</span> <span class='ocrx_word' id='word_1_408' title='bbox 503 2859 565 2899; x_wconf 87' lang='lat' dir='ltr'>Ep.</span> <span class='ocrx_word' id='word_1_409' title='bbox 588 2869 682 2898; x_wconf 85' lang='lat'>1209.</span> <span class='ocrx_word' id='word_1_410' title='bbox 700 2870 756 2897; x_wconf 83' lang='lat'>411.</span> <span class='ocrx_word' id='word_1_411' title='bbox 936 2857 1101 2889; x_wconf 77' lang='lat' dir='ltr'>Carthus.</span> <span class='ocrx_word' id='word_1_412' title='bbox 1122 2858 1293 2897; x_wconf 81' lang='lat' dir='ltr'>BruxelL,</span> <span class='ocrx_word' id='word_1_413' title='bbox 1312 2859 1368 2890; x_wconf 87' lang='lat' dir='ltr'>ch.</span> <span class='ocrx_word' id='word_1_414' title='bbox 1386 2867 1417 2897; x_wconf 87' lang='grc'>3.</span> 
     </span>
    </p>

    <p class='ocr_par' dir='ltr' id='par_1_14' title="bbox 100 2901 1705 3029">
     <span class='ocr_line' id='line_1_45' title="bbox 150 2901 1703 2943; baseline -0.002 -9"><span class='ocrx_word' id='word_1_415' title='bbox 150 2914 200 2934; x_wconf 87' lang='lat'>20.</span> <span class='ocrx_word' id='word_1_416' title='bbox 230 2902 477 2943; x_wconf 83' lang='lat' dir='ltr'>Patriarchen]</span> <span class='ocrx_word' id='word_1_417' title='bbox 511 2902 586 2933; x_wconf 79' lang='lat' dir='ltr'>The</span> <span class='ocrx_word' id='word_1_418' title='bbox 612 2903 714 2933; x_wconf 84' lang='lat' dir='ltr'>Prior</span> <span class='ocrx_word' id='word_1_419' title='bbox 747 2902 784 2932; x_wconf 85' lang='lat' dir='ltr'>of</span> <span class='ocrx_word' id='word_1_420' title='bbox 806 2902 867 2932; x_wconf 83' lang='lat' dir='ltr'>the</span> <span class='ocrx_word' id='word_1_421' title='bbox 983 2902 1074 2932; x_wconf 75' lang='lat'>1240.</span> <span class='ocrx_word' id='word_1_422' title='bbox 1101 2912 1131 2932; x_wconf 91' lang='lat'>2.</span> <span class='ocrx_word' id='word_1_423' title='bbox 1156 2901 1293 2941; x_wconf 84' lang='lat' dir='ltr'>pacem]</span> <span class='ocrx_word' id='word_1_424' title='bbox 1326 2902 1377 2933; x_wconf 87' lang='lat' dir='ltr'>Cf.</span> <span class='ocrx_word' id='word_1_425' title='bbox 1407 2902 1494 2941; x_wconf 90' lang='lat' dir='ltr'>Epp.</span> <span class='ocrx_word' id='word_1_426' title='bbox 1527 2903 1617 2940; x_wconf 88' lang='lat'>1156.</span> <span class='ocrx_word' id='word_1_427' title='bbox 1655 2911 1703 2939; x_wconf 88' lang='lat'>14,</span> 
     </span>
     <span class='ocr_line' id='line_1_46' title="bbox 103 2946 1339 2984; baseline -0.004 -5"><span class='ocrx_word' id='word_1_428' title='bbox 103 2948 341 2979; x_wconf 47' lang='lat' dir='ltr'>Carthusians</span> <span class='ocrx_word' id='word_1_429' title='bbox 352 2950 389 2977; x_wconf 83' lang='lat' dir='ltr'>at</span> <span class='ocrx_word' id='word_1_430' title='bbox 407 2946 569 2978; x_wconf 79' lang='lat' dir='ltr'>Brussels</span> <span class='ocrx_word' id='word_1_431' title='bbox 582 2947 681 2977; x_wconf 75' lang='lat' dir='ltr'>since</span> <span class='ocrx_word' id='word_1_432' title='bbox 701 2956 780 2984; x_wconf 87' lang='lat'><strong>1517</strong></span> <span class='ocrx_word' id='word_1_433' title='bbox 796 2955 868 2975; x_wconf 71' lang='lat' dir='ltr'>was</span> <span class='ocrx_word' id='word_1_434' title='bbox 940 2954 1032 2975; x_wconf 87' lang='lat'>1211.</span> <span class='ocrx_word' id='word_1_435' title='bbox 1053 2955 1126 2984; x_wconf 82' lang='lat'>559,</span> <span class='ocrx_word' id='word_1_436' title='bbox 1151 2955 1242 2983; x_wconf 85' lang='lat'>1225.</span> <span class='ocrx_word' id='word_1_437' title='bbox 1264 2955 1339 2984; x_wconf 85' lang='lat'>299.</span> 
     </span>
     <span class='ocr_line' id='line_1_47' title="bbox 100 2988 1705 3029; baseline -0.002 -7"><span class='ocrx_word' id='word_1_438' title='bbox 100 2991 195 3023; x_wconf 67' lang='lat' dir='ltr'>,John</span> <span class='ocrx_word' id='word_1_439' title='bbox 224 2990 447 3022; x_wconf 87' lang='lat' dir='ltr'>Meerhoult:</span> <span class='ocrx_word' id='word_1_440' title='bbox 479 3000 535 3021; x_wconf 84' lang='lat' dir='ltr'>see</span> <span class='ocrx_word' id='word_1_441' title='bbox 564 2991 649 3021; x_wconf 84' lang='lat' dir='ltr'>Ant.</span> <span class='ocrx_word' id='word_1_442' title='bbox 674 2989 865 3022; x_wconf 59' lang='lat' dir='ltr'>sanderus.</span> <span class='ocrx_word' id='word_1_443' title='bbox 981 2990 1010 3019; x_wconf 92' lang='lat'>8.</span> <span class='ocrx_word' id='word_1_444' title='bbox 1039 2988 1127 3029; x_wconf 78' lang='lat' dir='ltr'>Ipsi]</span> <span class='ocrx_word' id='word_1_445' title='bbox 1153 2989 1228 3019; x_wconf 78' lang='lat' dir='ltr'>The</span> <span class='ocrx_word' id='word_1_446' title='bbox 1252 2989 1465 3028; x_wconf 80' lang='lat' dir='ltr'>University</span> <span class='ocrx_word' id='word_1_447' title='bbox 1481 2989 1705 3019; x_wconf 76' lang='lat' dir='ltr'>authorities.</span> 
     </span>
    </p>
   </div>
   <div class='ocr_carea' id='block_1_9' title="bbox 844 3056 965 3095">
    <p class='ocr_par' dir='ltr' id='par_1_15' title="bbox 844 3056 965 3095">
     <span class='ocr_line' id='line_1_48' title="bbox 844 3056 965 3095; baseline 0.025 -3"><span class='ocrx_word' id='word_1_448' title='bbox 844 3056 965 3095; x_wconf 80' lang='lat' dir='ltr'>Qq2</span> 
     </span>
    </p>
   </div>
  </div>
 </body>
</html>
