1990 3353
274 120 353 157 374
750 121 1003 161 LETTERS
1043 122 1111 160 OF
1149 123 1412 162 ERASMUS
1751 122 1879 177 [1520

275 228 447 274 animos,
483 228 553 278 qui
583 229 789 266 ducantur
816 228 939 266 citius
968 242 1093 278 quam
1127 232 1337 279 cogantur.
1397 230 1481 269 Nec
1515 245 1603 269 rem
1637 232 1876 271 abfuturam

274 295 297 320 a
317 282 508 331 periculo,
531 283 566 321 si
586 282 728 320 natiua
746 282 884 332 gentis
912 283 1102 321 ferocitas
1122 284 1300 322 saeuicia
1319 285 1576 334 quorundam
1599 289 1874 336 exasperetur.

279 337 524 375 ‘Videmus'
550 336 700 386 inquit,
732 337 954 375 ‘hactenus
979 338 1231 387 pertinacem
1257 339 1514 386 Bohemiam,
1547 342 1588 378 et
1615 341 1667 379 ab
1691 341 1765 378 hac
1791 354 1877 380 non

276 391 501 429 admodum
521 391 791 430 abhorientes
811 390 1014 429 finitimas
1037 392 1234 442 regiones.
1291 392 1475 432 Saeuicia
1495 394 1656 444 saepius
1675 394 1877 433 hactenus

212 454 251 486 55
274 446 485 483 tentatum
499 447 571 492 est,
589 458 722 495 neque
737 445 958 507 quicquam
971 448 1230 507 promotum3
1252 447 1426 485 diuersis
1437 449 1641 486 vtendum
1654 449 1876 487 r’emediis.

273 499 425 537 Odium
460 499 639 537 Romani
669 499 853 537 nominis
886 513 982 549 pem
972 500 1053 539 tus
1085 477 1265 539 infixuin
1302 514 1389 539 0550
1419 502 1649 541 multarum
1689 503 1877 553 gentium

271 553 435 600 animis,
459 554 606 603 opinor
629 553 681 591 ob
701 567 748 592 ea
771 567 876 604 quae
896 554 1022 604 vulgo
1046 555 1096 593 de
1124 555 1310 594 mmibus
1339 555 1427 594 eius
1447 556 1563 595 vrbis
1591 558 1808 605 iactantur,
1833 559 1876 596 et

273 606 324 644 ob
351 607 663 656 improbitatem
685 608 947 657 quorundam
978 609 1050 658 qui
1078 623 1382 659 nonnunquam
1409 610 1628 649 Pontificis
1655 611 1873 661 negocium

274 674 357 699 non
378 675 427 699 ex
449 662 563 700 illius
578 663 648 700 sed
668 675 718 700 ex
738 675 815 700 suo
830 676 901 712 ger
905 665 979 701 unt
998 664 1151 725 animo2
1169 666 1210 701 et
1231 665 1311 702 sibi
1330 666 1480 714 gerunt
1496 665 1629 715 magis
1649 679 1773 715 quam
1789 666 1876 705 illi:

210 714 252 746 60
271 729 400 765 quum
422 729 495 754 nec
515 716 715 755 Pontifici
735 717 790 755 sit
809 731 879 767 ger
881 717 1046 766 endum,
1070 718 1152 756 nisi
1171 721 1373 768 quatenus
1394 719 1509 757 illius
1529 720 1726 758 autoritas
1745 733 1811 758 ser
1814 720 1876 758 uit

271 769 356 808 Chr
358 769 438 808 isto
457 771 649 821 gregique
670 771 754 809 Ch}
756 771 917 810 istiano.

325 824 458 862 Video
473 838 561 863 rem
577 826 778 864 hactenus
793 826 926 864 multo
943 826 1063 864 aliter
1077 839 1167 864 esse
1180 828 1396 865 tractatam
1417 841 1541 877 quam
1558 828 1637 866 viri
1652 828 1877 877 prudentes

271 879 459 928 putarint
484 892 574 918 esse
599 880 865 919 tractandam.
926 879 1134 918 Lutherus
1158 881 1321 919 etiamsi
1341 895 1438 920 vera
1463 882 1693 931 scripsisset
1720 883 1871 930 omnia,

270 934 412 971 tamen
433 947 480 972 eo
501 934 622 973 modo
647 934 810 984 scripsit
831 937 878 972 vt
899 935 1066 972 veritati
1092 948 1215 973 suum
1242 936 1426 974 fructum
1453 936 1664 975 inuiderit.
1723 937 1877 975 Contra

208 986 249 1027 65
272 987 343 1037 qui
363 1001 406 1025 ,50
426 988 521 1025 111110
542 989 712 1038 negocio
736 989 1008 1027 transuersim
1034 989 1307 1038 ingesserunt,
1329 990 1387 1028 sic
1414 993 1631 1039 gesserunt
1650 1004 1739 1029 rem
1764 991 1874 1041 apud

271 1041 473 1091 populum
489 1044 534 1081 vt
553 1042 716 1081 etiamsi
731 1056 896 1081 causam
911 1043 1155 1081 habuissent
1171 1045 1384 1093 optimam,
1401 1047 1541 1082 tamen
1560 1045 1625 1082 illi
1643 1045 1874 1094 plurimum

271 1095 480 1134 obfuerint
515 1097 685 1136 sinistro
717 1097 958 1146 patrocinio.
1017 1098 1275 1136 Admonitus
1313 1102 1375 1136 est
1408 1099 1617 1137 Lutherus
1645 1102 1691 1138 vt
1725 1100 1874 1138 stilum

267 1153 444 1188 verteret
471 1153 511 1188 et
536 1150 797 1190 atrocitatem
823 1153 1092 1200 temperaret;
1122 1153 1264 1190 scribit
1284 1152 1427 1198 indies,
1450 1155 1496 1191 vt
1518 1153 1652 1201 audio,
1676 1154 1873 1192 saeuiora.

266 1204 489 1243 Admoniti
508 1208 607 1243 sunt
626 1205 673 1243 hi
692 1208 738 1244 vt
759 1206 1102 1244 moderatioribus
1122 1207 1353 1245 rationibus
1372 1221 1460 1245 rem
1481 1211 1647 1258 agerent
1664 1222 1674 1255 ;
1703 1208 1873 1258 quidam

208 1266 247 1300 70
268 1258 325 1296 510
345 1261 521 1308 egerunt
540 1262 585 1297 vt
606 1273 702 1297 cum
725 1260 911 1298 Luthero
940 1260 1144 1299 colludere
1165 1261 1417 1300 viderentur.
1477 1261 1554 1300 Est
1577 1264 1717 1300 autem
1743 1275 1876 1312 genus

266 1312 499 1359 hominum,
524 1313 584 1352 mi
604 1314 864 1364 Peutingere,
889 1315 997 1364 quod
1020 1315 1184 1364 publico
1204 1316 1314 1354 malo
1334 1316 1556 1365 saginatur,
1581 1317 1730 1366 cuique
1750 1317 1873 1356 rebus

266 1368 503 1417 tranquillis
517 1368 626 1406 male
641 1371 716 1407 est.
774 1369 834 1407 Hi
853 1368 961 1407 nihil
977 1369 1109 1419 magis
1131 1370 1325 1408 affectant
1341 1383 1464 1420 quam
1480 1372 1526 1409 vt
1546 1384 1612 1409 res
1630 1371 1872 1409 mortalium

267 1434 431 1460 sursum
455 1423 647 1461 deorsum
667 1423 930 1461 misceantur.
991 1424 1098 1462 Tum

591 1498 656 1537 Ἐν
684 1499 723 1537 δὲ
752 1499 978 1551 διχοστασίῃ
1008 1500 1291 1549 κάνδροκλείδης
1318 1502 1561 1551 πολεμαρχεῖ.

206 1582 244 1617 75
265 1574 346 1613 Η15
366 1575 501 1625 placet
527 1577 661 1615 saeuis
687 1577 823 1616 modis
852 1577 1068 1627 negocium
1089 1577 1165 1614 hoc
1193 1576 1311 1614 obrui
1339 1577 1472 1626 magis
1498 1589 1622 1626 quam
1652 1576 1775 1623 finiri,
1799 1590 1874 1615 nec

265 1628 454 1667 laborant
476 1633 632 1680 quanto
652 1631 764 1669 orbis
784 1631 905 1679 malo,
930 1631 1052 1669 modo
1072 1631 1257 1680 ipsorum
1277 1631 1400 1669 bono.

321 1683 411 1722 Mea
431 1685 639 1723 sententia
659 1685 767 1723 nihil
786 1688 930 1735 agetur
949 1686 993 1723 in
1014 1686 1089 1723 hac
1109 1698 1242 1731 causa,
1263 1686 1299 1723 si
1319 1685 1391 1734 qui
1416 1698 1505 1722 rem
1527 1686 1717 1732 tractant,
1741 1685 1872 1724 alium

266 1750 438 1787 scopum
472 1739 552 1777 sibi
584 1742 825 1789 proponunt
859 1753 983 1790 quam
1016 1739 1171 1777 Christi
1205 1739 1402 1788 gloriam..
1453 1739 1607 1777 Saxum
1636 1739 1743 1777 illud
1772 1739 1871 1777 hinc

265 1794 389 1842 atque
417 1793 514 1831 hinc
536 1794 656 1831 tundi
686 1796 833 1843 potest,
856 1795 945 1832 loco
972 1794 1131 1832 moueri
1152 1807 1236 1831 non
1260 1796 1418 1854 potest:
1451 1794 1517 1831 cui
1537 1793 1787 1842 inscriptum
1809 1796 1874 1832 est

205 1846 247 1877 80
265 1846 368 1884 illud
389 1847 617 1896 mysticum
639 1848 832 1897 elogium,
861 1848 1013 1887 Nouit
1034 1848 1241 1886 Dominus
1262 1848 1333 1897 qui
1349 1852 1448 1885 sunt
1468 1848 1622 1896 11151115
1667 1848 1872 1909 Quicquid

265 1915 287 1938 a
308 1901 454 1950 spiritu
478 1902 635 1940 Christi
656 1902 940 1951 proficiscitur
964 1916 1047 1940 non
1069 1903 1206 1952 potest
1228 1901 1423 1940 humanis
1442 1878 1657 1951 praesidiis
1676 1902 1869 1951 opprimi.

267 1956 541 2003 quantumuis
575 1961 810 2006 prematur:
855 1957 1050 2007 quicquid
1081 1957 1278 1994 humanis
1317 1956 1501 1994 consiliis
1539 1957 1734 2003 tentatur,
1771 1959 1872 1995 tem-

267 2009 475 2058 porarium
515 2012 588 2057 est,
631 2012 903 2060 quantumuis
941 2011 1184 2049 ardentibus
1221 2009 1371 2049 studiis
1409 2012 1563 2060 agatur,
1601 2010 1874 2060 quantumuis

266 2077 434 2113 operoso
454 2065 669 2103 molimine
690 2065 739 2103 ad
758 2066 1075 2115 perpetuitatem
1095 2064 1413 2103 communiatur.
1464 2065 1546 2102 Mei
1561 2064 1766 2103 similium
1787 2078 1872 2104 non

205 2119 245 2159 85
266 2120 329 2156 051
359 2118 408 2156 de
434 2119 692 2157 Pontificum
717 2120 957 2169 diplomatis
980 2120 1174 2158 iudicare.
1232 2119 1364 2157 Erant
1388 2120 1541 2166 tamen,
1565 2119 1636 2169 qui
1661 2118 1706 2157 in
1730 2119 1868 2166 Bulla,

267 2186 392 2221 quam
413 2173 554 2211 attulit
574 2175 751 2212 nuncius
771 2174 1032 2221 Pontificius,
1053 2173 1416 2211 mansuetudinem
1438 2173 1554 2210 illam
1577 2172 1869 2221 desiderarent,

266 2227 437 2276 dignam
453 2241 499 2265 eo
520 2228 592 2277 qui
609 2228 823 2267 mitissimi
841 2229 998 2267 Christi
1013 2228 1123 2266 vices
1140 2227 1355 2277 primarias
1370 2227 1474 2276 gerit
1489 2227 1533 2264 in
1550 2227 1680 2275 terris,
1701 2228 1871 2277 dignam

265 2281 389 2318 huius
409 2281 561 2320 Leonis
590 2282 769 2331 ingenio,
793 2283 927 2321 multo
948 2283 1147 2320 hactenus
1167 2280 1446 2330 placidissimo
1465 2295 1474 2328 ;
1502 2281 1611 2331 quod
1631 2284 1773 2320 tamen
1792 2282 1872 2331 ipsi

268 2348 351 2372 non
380 2335 602 2384 imputant,
635 2336 705 2374 sed
738 2337 1064 2386 instigatoribus.
1129 2336 1245 2373 ‘lam
1279 2338 1324 2373 vt
1355 2335 1452 2373 hac'
1485 2335 1634 2385 inquit,
1670 2336 1872 2374 ‘saeuicia

205 2399 247 2429 90
267 2389 447 2427 maxime
473 2391 716 2429 aboleantur
741 2391 837 2428 libri
864 2390 1107 2433 Lutherani‚
1134 2392 1179 2428 vt
1202 2390 1289 2439 ipse
1318 2390 1443 2427 etiam
1472 2390 1642 2427 tollatur
1670 2402 1692 2427 e
1721 2390 1868 2436 medio,

267 2444 539 2482 metuendum
577 2448 639 2482 est
679 2458 731 2482 ne
770 2446 929 2483 malum
965 2446 1228 2494 exasperetur
1271 2444 1404 2493 magis
1445 2457 1567 2492 quam
1606 2443 1788 2490 finiatur,
1829 2446 1872 2482 et

267 2511 341 2546 pro
361 2511 444 2535 vno
464 2498 628 2537 sublato
649 2499 889 2537 exoriantur
914 2499 1064 2549 plures,
1089 2498 1215 2536 donec
1236 2511 1301 2535 res
1323 2498 1373 2536 ad
1395 2500 1603 2536 certamen
1624 2500 1664 2536 et
1690 2498 1872 2536 schisma

265 2551 518 2590 deducatur!

323 2606 515 2643 Breuiter
534 2607 635 2644 haec
656 2609 882 2657 tempestas
901 2607 1110 2656 insignem
1129 2605 1310 2656 aliquem
1339 2606 1537 2645 artificem
1558 2606 1774 2654 desiderat,
1799 2607 1870 2656 qui

205 2669 244 2701 95
268 2660 428 2709 negocii
457 2673 623 2699 cursum
655 2663 903 2709 moderetur,
944 2663 989 2700 vt
1024 2674 1097 2699 1100
1128 2660 1323 2698 fluctibus
1355 2660 1551 2698 obruatur
1581 2674 1655 2699 nec
1686 2660 1873 2700 illidatur

312 2777 364 2813 64.
392 2778 427 2806 vt
447 2780 493 2809 F:
519 2777 619 2815 quasi
638 2780 678 2808 ΙῙ.
769 2779 822 2817 65.
848 2781 899 2810 H:
925 2781 1170 2810 transuersum
1188 2782 1223 2810 F.
1268 2781 1310 2816 Cf.
1330 2782 1385 2815 Ep.
1409 2781 1500 2818 1167.
1521 2790 1594 2819 223.
1688 2791 1739 2819 71.
1766 2782 1873 2812 rebus

271 2822 420 2857 Pom-sfgr.
437 2831 444 2850 :
471 2832 523 2851 res
543 2824 573 2850 Γ.
710 2831 759 2860 74.
785 2821 880 2853 FN3:
903 2822 1099 2862 διχοστασῖᾳ
1116 2822 1170 2853 3⁷².

272 2931 426 2960 multum
475 2931 708 2961 abhorrentes
762 2932 938 2963 finItimas
986 2942 1036 2962 re·
1147 2934 1198 2962 80.
1227 2933 1335 2962 Nouit
1354 2932 1543 2973 Dominus]
1563 2933 1614 2963 Cf.
1632 2933 1797 2964 2'rim.2.
1818 2942 1868 2972 19.

269 2973 414 3013 gionos.'
1145 2977 1195 3013 85.
1225 2975 1346 3016 Bulla]
1365 2977 1428 3006 See
1446 2976 1506 3015 Ep.
1532 2986 1624 3015 1141.
1643 2987 1724 3009 201}-

316 3028 366 3056 74.
395 3017 447 3047 Ἐν
460 3017 490 3048 δὲ
508 3017 718 3059 διχοστασίῃ]
735 3019 784 3049 Cf.
799 3019 860 3057 Ep.
879 3028 1056 3057 1053.212.
1145 3020 1198 3057 89.
1226 3019 1361 3059 inquit]
1379 3031 1417 3050 sc.
1438 3020 1558 3050 Faber.
