1990 3353
268 1030 310 1060 30

270 1844 309 1875 45

328 1289 605 1338 cognouerim‚
641 1289 852 1338 scripsisse
886 1291 936 1327 te.

324 150 378 188 34
798 150 1048 189 LETTERS
1087 150 1155 188 OF
1194 149 1457 188 ERASMUS
1798 145 1922 199 [1519

329 272 488 308 quaque
510 260 624 308 puris
644 259 824 296 solemus
846 259 1009 297 haurire
1030 259 1221 309 plerique.
1281 260 1424 308 Neque
1444 259 1548 296 nihil
1570 259 1637 296 hic
1661 257 1921 307 profecimus,

328 314 573 362 quibusdam
597 314 675 351 huc
695 313 893 359 adductis⁷
919 312 1165 361 quibusdam
1192 313 1316 351 etiam
1340 313 1572 363 compulsis,
1595 314 1641 351 vt
1665 311 1799 360 magis
1818 311 1924 349 serio

327 367 509 417 theologi
539 368 637 406 sint.
693 367 760 405 Ad
790 367 931 404 laudes
961 379 1063 416 quas
1090 367 1259 416 largiter
1286 367 1466 407 effundis
1499 367 1543 405 in
1572 380 1648 413 me,
1682 365 1782 415 quid
1810 364 1924 402 aliud

327 422 594 471 respondeam
617 434 739 471 quam
761 423 800 459 te
819 421 937 458 valde
956 423 1144 459 amanter
1164 421 1410 460 hallucinari
1428 421 1473 458 in
1495 421 1676 459 Erasmo.

382 478 521 526 Atque
556 477 756 514 hactenus
790 475 960 523 quidem
994 475 1045 512 ad
1075 475 1292 524 epistolam
1323 489 1445 525 quam
1479 475 1671 513 Luteciae
1705 474 1924 523 scripseras

328 530 487 568 decimo
526 530 691 568 Calend.
731 529 865 578 April.
892 543 900 576 3
951 543 1063 567 nunc
1111 530 1161 567 ad
1205 543 1294 568 eam
1338 543 1462 579 quam
1503 529 1682 567 reddidit
1723 528 1921 575 Nesenus,

326 585 485 622 amicus
511 598 605 623 cum
630 584 769 632 paucis
794 584 901 621 fidus
929 596 974 621 ac
1004 597 1213 633 syncerus.
1275 584 1380 632 Quid
1409 583 1537 622 Caluo
1565 582 1822 622 commiseris
1853 583 1925 619 aut

328 639 425 688 quid
447 639 517 676 ille
543 639 652 676 mihi
672 638 907 685 reddiderit,
936 651 1019 676 non
1041 639 1141 676 satis
1162 638 1440 676 commemini.
1499 638 1616 676 Certe
1642 637 1828 675 Basileae
1852 649 1926 673 nec

328 706 512 742 vnquam
532 706 599 730 nie
618 693 824 739 conuenit,
848 706 977 742 neque
998 692 1218 742 quicquam
1240 693 1290 730 ab
1310 692 1381 730 illo
1402 691 1610 730 redditum
1630 693 1702 730 est.
1748 689 1926 728 Louanii

292 760 307 789 5
329 749 554 785 extorserat
573 760 596 784 a
616 761 681 784 me
702 747 904 795 prolixam
925 747 1141 795 epistolam
1165 747 1215 785 ad
1237 747 1502 794 Grolierium‚
1525 746 1776 795 praefectum
1804 744 1925 782 Insu-

328 802 448 843 briae.
467 801 677 851 pollicitus
697 803 861 839 montes
877 803 921 839 vt
942 802 1060 839 aiunt
1079 814 1235 839 aureos.
1275 801 1402 839 Vides
1426 801 1662 850 euulgatam
1683 799 1897 849 epistolam
1916 812 1925 845 ;

330 855 486 893 iactitat
506 855 576 893 ille
592 856 851 904 respondisse
869 855 1128 902 Grolierium,
1148 868 1243 893 cum
1264 855 1350 904 ipse
1365 854 1553 892 nondum
1574 854 1748 892 habeam
1766 855 1925 891 certum

329 923 380 947 an
404 910 603 948 Grolierio
624 910 785 947 reddita
811 910 865 947 sit
890 910 1072 957 epistola.
1131 910 1209 948 Ais
1233 909 1351 947 breui
1379 909 1541 958 magnis
1565 909 1613 946 de
1638 908 1757 946 rebus
1782 908 1831 945 ad
1860 920 1926 945 me

331 967 522 1002 venturas
561 964 700 1002 literas
730 965 780 1001 ab
819 964 1123 1013 archiepiscopo
1159 964 1398 1007 Senonensi,
1435 963 1642 1012 Stephano
1681 961 1922 1000 Poncherio.

331 1018 434 1056 Mihi
461 1019 628 1068 quidem
656 1019 732 1055 hoc
760 1018 899 1067 ipsum
927 1018 1003 1056 erit
1032 1031 1242 1067 magnum,
1271 1019 1304 1055 si
1328 1018 1393 1055 vir
1419 1019 1562 1055 tantus
1588 1017 1808 1066 animoque
1835 1029 1925 1053 meo

328 1086 422 1110 011111
450 1072 597 1121 primis
625 1073 773 1110 charus
801 1073 850 1110 ad
882 1086 949 1110 me
976 1072 1213 1121 scripserit:
1245 1072 1400 1121 alioqui
1429 1071 1534 1109 nihil
1565 1084 1703 1108 moror
1732 1083 1926 1120 magnam

330 1128 538 1164 fortunam
561 1140 655 1164 cum
677 1140 798 1164 onere
820 1127 907 1175 pari
930 1127 1206 1165 coniunctam.
1257 1127 1361 1163 Mihi
1382 1139 1545 1175 semper
1564 1126 1729 1164 animus
1750 1124 1830 1162 fuit
1850 1124 1927 1162 ocii

328 1194 371 1218 ac
391 1181 594 1218 libertatis
614 1194 759 1219 amans
778 1184 818 1218 et
837 1195 860 1219 a
880 1181 1052 1230 strepitu
1079 1194 1214 1218 rerum
1234 1181 1467 1218 abhorrens.
1522 1180 1626 1228 Quid
1649 1180 1697 1216 ad
1724 1178 1927 1227 Dorpium

328 1235 541 1284 scripseris
560 1235 659 1273 adeo
683 1235 788 1272 mihi
815 1249 897 1273 non
924 1235 1125 1273 indicauit
1152 1236 1349 1277 Nesenus,
1370 1239 1414 1271 vt
1442 1247 1492 1271 ne
1520 1235 1595 1272 hoc
1620 1234 1788 1283 quidem
1809 1246 1858 1270 ex
1879 1246 1926 1271 eo

996 1291 1109 1327 Ante
1144 1289 1344 1338 pauculos
1383 1288 1470 1326 dies
1508 1288 1648 1326 audiui
1685 1288 1826 1326 literas
1863 1286 1927 1324 illi

328 1344 508 1381 redditas
541 1344 612 1381 abs
647 1346 686 1381 te
720 1357 791 1393 per
824 1343 1117 1382 Hermannum
1154 1343 1396 1392 Phrysium‚
1426 1342 1562 1380 nescio
1595 1342 1695 1392 quid
1729 1355 1821 1379 cum
1853 1341 1926 1379 illo

328 1398 644 1447 expostulantes.
684 1398 727 1435 Si
748 1397 846 1446 quid
864 1398 1048 1436 acerbius
1063 1401 1136 1439 est,
1158 1398 1298 1445 nolim,
1317 1398 1376 1435 1111
1398 1397 1598 1444 Beralde3
1629 1410 1727 1434 nam
1749 1395 1928 1444 Dorpius

329 1452 364 1490 si
385 1452 480 1501 quid
506 1454 653 1501 peccat,
678 1453 810 1500 magis
830 1452 1080 1501 obsequendi
1100 1452 1297 1490 facilitate
1317 1454 1452 1501 peccat
1473 1464 1597 1500 quam
1623 1450 1787 1488 malicia
1806 1449 1928 1487 desti-

331 1509 437 1544 nata.
480 1507 596 1554 Quod
614 1506 799 1555 theologi
814 1508 969 1555 partim
982 1506 1231 1555 resipiscunt
1244 1506 1392 1555 partim
1409 1506 1644 1549 mitescunt,
1662 1518 1746 1543 non
1759 1504 1928 1554 perinde

332 1574 421 1599 meo
440 1564 485 1598 vt
505 1561 690 1609 ipsorum
711 1561 880 1598 nomine
900 1562 1066 1610 gaudee.

385 1615 475 1652 Iam
497 1628 548 1652 ne
568 1614 674 1652 nihil
690 1615 962 1664 respondeam
982 1616 1029 1653 ad
1048 1628 1114 1653 eas
1135 1627 1235 1664 quas
1254 1613 1395 1652 attulit
1419 1614 1688 1652 Hermannus
1709 1612 1926 1662 Phrysius,

329 1672 416 1706 erat
445 1669 479 1707 is
508 1669 746 1707 adolescens
775 1669 879 1707 mihi
913 1669 1143 1707 multorum
1172 1668 1305 1707 literis
1334 1669 1659 1715 commendatus,
1690 1670 1731 1706 et
1760 1667 1928 1717 quidem

331 1723 571 1772 diligenter:
603 1723 756 1772 quibus
782 1723 976 1761 omnibus
1005 1724 1134 1762 habeo
1164 1723 1351 1772 gratiam,
1383 1723 1490 1771 quod
1521 1736 1591 1770 per
1615 1736 1682 1760 eos
1709 1721 1929 1770 contigerit

331 1791 450 1815 nosse
470 1777 685 1826 ingenium
711 1780 774 1815 tot
801 1778 933 1816 modis
956 1778 1143 1816 amabile.
1205 1777 1320 1815 Nihil
1344 1777 1418 1815 ille
1443 1776 1605 1826 petebat
1629 1773 1786 1825 praeter
1809 1775 1927 1813 collo-

330 1832 474 1880 quium
495 1835 534 1869 et
555 1845 819 1881 congressum
840 1847 847 1876 ;
878 1846 1010 1882 neque
1031 1833 1208 1881 maligne
1237 1832 1318 1869 mei
1344 1831 1502 1880 copiam
1524 1831 1609 1876 seci⁷
1633 1833 1837 1880 quatenus
1856 1842 1929 1879 per

330 1886 563 1924 studiorum
594 1887 877 1935 occupationes
906 1887 1033 1924 licuit.
1096 1887 1204 1923 Eum
1235 1885 1311 1923 tibi
1345 1885 1530 1923 vicissim
1560 1885 1814 1930 commendo,
1848 1897 1928 1933 quo

331 1942 423 1978 tuae
446 1940 487 1978 in
509 1941 629 1978 illum
655 1940 963 1979 beneuolentiae
984 1940 1177 1978 nonnihil
1204 1940 1368 1978 accedat
1389 1952 1479 1977 mea
1502 1952 1632 1978 causa.
1692 1940 1805 1977 Bene
1825 1939 1924 1976 vale.

387 1995 681 2043 Antuuerpiae.
708 1995 854 2044 quinto
876 1995 976 2033 Idus
996 1995 1188 2044 Augusti.
1212 1991 1463 2046 [M.D.xx*111.]

373 2101 422 2129 29.
445 2094 554 2121 ELB:
573 2091 747 2121 Senonefi.
760 2094 794 2122 F.
881 2092 932 2129 36.
954 2090 1026 2120 EN?
1040 2094 1094 2121 LE
1111 2102 1118 2121 :
1136 2091 1360 2122 Hermanum
1373 2093 1435 2121 HN
1446 2089 1469 2120 ³.
1545 2091 1596 2129 48.
1616 2100 1787 2121 :Lnxvnx
1798 2093 1871 2121 add.
1884 2092 1924 2121 H.

374 2211 427 2232 21.
454 2200 611 2241 decimo]
644 2201 689 2232 In
714 2201 805 2240 spite
829 2200 867 2231 of
893 2201 955 2231 the
979 2201 1095 2232 diver-

331 2254 438 2284 gence
463 2244 501 2275 of
528 2245 612 2275 date
637 2245 805 2275 Erasmus
828 2244 961 2285 clearly
985 2245 1015 2276 is
1043 2255 1094 2276 re-

1164 2202 1186 2232 f.
1208 2202 1269 2240 148
1287 2203 1332 2233 v0.
1381 2201 1426 2231 In
1449 2201 1540 2241 spite
1557 2200 1596 2231 of
1614 2201 1675 2232 the
1695 2200 1928 2241 discrepancy

1164 2246 1201 2276 of
1215 2245 1296 2275 date
1314 2246 1342 2275 it
1358 2254 1471 2275 seems
1487 2245 1639 2284 possible
1662 2244 1743 2276 that,
1760 2245 1929 2275 Grolier's

331 2289 467 2327 ferring
483 2290 519 2318 to
537 2289 598 2327 Ep.
617 2297 691 2327 925.

420 2332 595 2369 Nesenusl
622 2332 673 2362 Cf.
693 2332 756 2370 Ep.
772 2341 846 2370 994.
867 2342 924 2370 911.

376 2384 426 2413 25.
453 2375 497 2405 ad
516 2374 748 2415 Grolierium]
774 2375 931 2414 Ep.,831.

376 2428 428 2456 27.
454 2418 694 2458 respondisse]
721 2419 765 2449 In
785 2419 866 2458 May
887 2428 970 2457 1519
989 2418 1093 2449 Alex.

333 2462 565 2499 Minutianus,
593 2462 653 2492 the
678 2462 791 2492 Milan
813 2463 963 2501 printer,
985 2464 1095 2492 wrote

333 2508 369 2536 to
386 2505 525 2535 Grolier
548 2506 627 2536 that
651 2506 696 2535 he
721 2506 792 2536 had
816 2505 927 2536 found
955 2507 1095 2536 ‘earum

332 2549 518 2580 literarum
533 2549 736 2588 exemplum
749 2559 837 2588 quas
850 2549 893 2578 ad
906 2549 1095 2580 Erasmum

335 2592 481 2625 Parisiis
492 2593 680 2632 scripseras
693 2593 799 2623 tertio
812 2593 953 2623 circiter
965 2593 1097 2623 abhinc

334 2645 437 2674 anno,
456 2645 535 2666 cum
555 2636 590 2665 in
612 2636 765 2666 Galliam
785 2636 994 2675 processisti.
1021 2661 1028 2667 .
1054 2660 1061 2667 .
1087 2660 1095 2668 .

336 2679 558 2718 Descriptum
571 2679 614 2710 ad
629 2682 662 2710 10
675 2679 780 2710 mitto
792 2680 816 2710 ἰ
835 2688 890 2710 see
904 2679 961 2709 his
974 2679 1097 2710 letter-

336 2723 424 2753 book
442 2723 479 2752 in
499 2722 559 2753 the
577 2722 685 2753 Brera
698 2724 734 2753 at
747 2723 867 2762 Milan,
883 2723 957 2753 AD.
979 2723 1024 2754 xi.
1044 2732 1095 2762 31,

1163 2289 1270 2319 letter
1286 2288 1397 2318 found
1410 2297 1481 2318 was
1493 2288 1554 2318 the
1567 2297 1705 2318 answer
1715 2290 1749 2319 to
1765 2288 1825 2327 Ep.
1841 2289 1902 2327 831
1921 2300 1928 2320 ι

1162 2332 1215 2363 for
1231 2332 1276 2362 he
1295 2342 1364 2362 was
1381 2330 1591 2362 summoned
1609 2333 1644 2362 to
1662 2331 1796 2362 France
1815 2331 1851 2362 in
1866 2333 1928 2363 the

1162 2385 1322 2406 summer
1346 2375 1384 2405 of
1408 2376 1490 2414 1518
1514 2375 1632 2414 (BRE.
1662 2384 1745 2414 1203
1769 2374 1814 2406 cf.
1839 2375 1929 2407 BE.⁴

1163 2419 1232 2459 24).

1206 2473 1259 2501 39.
1285 2460 1514 2502 resipiscunt]
1541 2461 1592 2492 Cf.
1614 2461 1675 2501 Ep.
1693 2471 1767 2501 993.
1786 2471 1839 2501 55.

1209 2517 1260 2544 41.
1286 2503 1533 2544 Hermannus]
1558 2506 1623 2536 See
1649 2506 1712 2545 Ep.
1741 2515 1816 2545 903.
1851 2515 1928 2537 1211.

1162 2550 1235 2580 The
1259 2548 1364 2580 letter
1386 2549 1465 2579 that
1482 2548 1526 2579 he
1543 2549 1697 2588 brought
1713 2549 1743 2579 is
1758 2549 1928 2589 probably

1166 2594 1229 2632 Ep.
1256 2593 1331 2632 989,
1358 2593 1477 2622 which
1510 2594 1607 2622 must
1640 2592 1766 2632 belong
1794 2594 1831 2623 to
1855 2593 1929 2623 this

1167 2636 1300 2675 period,
1325 2636 1421 2666 since
1446 2636 1473 2665 it
1498 2635 1640 2666 elicited
1670 2636 1731 2675 Ep.
1761 2645 1866 2676 1003:
1900 2638 1928 2667 it

1167 2689 1237 2709 was
1258 2679 1411 2719 perhaps
1435 2678 1620 2710 delivered
1642 2679 1735 2709 later
1756 2680 1844 2711 than
1863 2679 1923 2720 Ep.
