1990 3353
102 129 227 184 1093]
1631 131 1712 170 239

541 310 720 364 10931096
780 308 844 350 ΤΟ
874 308 1070 351 THOMAs
1104 308 1251 351 Mona.

149 418 343 464 Epistolae
360 417 408 453 ad
425 416 590 454 diuersos
607 429 642 462 p.
665 426 742 463 579.
1418 417 1609 463 Antwerp.

148 475 240 512 HN:
270 476 385 512 Lond.
405 488 463 511 xv.
479 485 518 521 15
536 487 543 510 :
570 474 645 510 LB.
663 485 743 521 503.
1363 475 1408 511 26
1426 474 1534 521 April
1555 485 1657 521 1520.

478 584 687 614 ERASMVS
716 583 819 615 ROT.
849 583 1041 614 ΤΗΟΜΑΕ
1070 582 1197 614 MORO
1235 583 1269 614 S.
1292 582 1335 613 D.

155 677 385 716 SPERABAM
422 687 538 713 meas
574 672 720 712 literas
757 672 916 724 aliquid
954 672 1151 723 ponderis
1187 672 1404 712 habituras
1435 673 1562 713 fuisse
1597 673 1704 724 apud

99 730 305 769 Brixium.
362 729 440 768 Sed
459 741 551 767 ecce
570 727 724 777 prodiit
744 740 789 766 ac
807 729 968 777 prostat
987 727 1055 766 hic
1074 727 1324 766 Antimorus
1343 727 1444 767 eius.
1501 728 1581 777 Qui
1601 729 1706 768 liber

99 785 254 823 vellem
273 783 430 822 autoris
450 783 579 833 ipsius
604 795 736 830 causa,
758 783 825 820 cui
850 782 968 821 faueo
995 781 1046 820 ob
1072 781 1263 821 animum
1289 781 1380 820 eius
1403 781 1472 821 vel
1500 782 1545 821 in
1575 782 1706 822 bonas

99 839 255 888 literas,
278 838 346 877 vel
373 838 418 876 in
447 850 525 884 me,
551 837 660 886 quod
688 836 778 875 eius
804 836 1015 875 declarant
1042 837 1204 887 scripta,
1235 849 1498 886 propensum,
1524 839 1596 876 aut
1621 851 1707 888 per·

99 897 225 944 petuo
253 892 452 940 latuisset,
480 893 551 930 aut
576 892 686 929 certe
714 890 886 930 Brixius
913 891 1062 930 fuisset
1089 891 1282 929 imitatus
1311 894 1479 930 tuorum
1506 892 1707 943 epigram-

99 950 262 987 matum
294 946 542 986 modestiam
576 959 621 984 ac
654 945 913 984 ciuilitatem.
982 945 1096 994 Quae
1128 947 1170 984 et
1200 945 1290 996 ipsa
1321 947 1463 984 tamen
1496 948 1706 997 optassem

99 1015 318 1052 nunquam
341 1001 479 1052 potius
503 1002 643 1040 essent
668 1000 803 1039 aedita
830 1013 956 1050 quam
979 1002 1026 1039 vt
1054 1000 1122 1039 hic
1149 1000 1360 1038 tumultus
1388 1000 1570 1050 tragicus
1597 1000 1708 1040 inter

100 1070 174 1096 vos
202 1056 349 1096 fuisset
376 1055 590 1103 excitatus,
625 1068 710 1093 non
739 1055 828 1093 sine
856 1054 1072 1105 dispendio
1100 1055 1304 1094 bonarum
1333 1055 1575 1094 literarum:
1603 1069 1707 1107 quas

101 1125 187 1150 non
206 1111 327 1150 video
345 1123 464 1161 posse
485 1109 720 1157 consistere,
740 1109 823 1147 nisi
842 1110 1039 1148 aduersus
1057 1111 1146 1148 tam
1165 1110 1417 1159 pertinacem
1438 1109 1707 1149 barbarorum

99 1165 454 1216 conspirationem
482 1164 577 1202 illas
606 1164 799 1202 defendat
829 1163 1087 1202 eruditorum
1114 1177 1325 1213 numerus,
1349 1164 1595 1214 iunctaeque
1620 1177 1708 1204 vm-

100 1220 207 1260 bone
226 1220 465 1270 phalanges.
521 1219 679 1257 Verum
699 1218 862 1268 quando
882 1218 974 1256 fieri
993 1231 1078 1257 non
1097 1220 1232 1268 potest
1251 1220 1298 1257 vt
1317 1219 1427 1268 quod
1447 1219 1605 1257 factum
1629 1221 1708 1266 est,

100 1275 174 1314 fiat
211 1274 426 1322 infectum,
464 1273 583 1323 cupio
615 1272 886 1312 vehementer
917 1275 964 1311 vt
1000 1272 1160 1311 malum
1196 1286 1377 1323 germen,
1415 1273 1523 1323 quod
1561 1286 1709 1323 parum

101 1329 250 1368 faustis
269 1328 418 1367 auibus
436 1330 609 1366 enatum
628 1329 703 1375 est,
724 1340 844 1377 opera
863 1330 1005 1366 nostra
1024 1329 1200 1375 curetur,
1223 1329 1269 1366 vt
1295 1326 1332 1366 si
1357 1327 1557 1366 radicitus
1582 1327 1708 1366 euelli

101 1397 187 1422 non
210 1383 354 1433 possit,
373 1381 523 1421 saltem
550 1395 603 1420 ne
627 1384 765 1432 serpat
791 1382 930 1421 latius.
989 1381 1108 1430 Quod
1127 1385 1172 1421 vt
1192 1395 1277 1431 ego,
1302 1381 1362 1420 mi
1382 1382 1506 1429 More,
1529 1383 1705 1432 cupiam,

102 1451 187 1477 non
206 1436 343 1475 Brixii
362 1439 531 1475 tantum
551 1448 682 1484 causa,
704 1436 773 1474 cui
791 1435 911 1475 valde
932 1435 1061 1481 faueo,
1082 1449 1150 1475 me
1171 1438 1324 1484 mouet,
1347 1436 1622 1475 verumetiam
1641 1437 1709 1475 cui
1750 1449 1766 1475 ς

101 1491 237 1531 multo
255 1491 390 1530 adhuc
409 1490 544 1541 magis
561 1490 691 1539 faueo,
714 1491 796 1529 tua.
856 1490 950 1529 Non
971 1490 1079 1541 quod
1100 1490 1276 1529 arbitrer
1295 1503 1382 1529 esse
1402 1490 1634 1540 periculum
1654 1504 1707 1530 ne

102 1546 354 1586 Antimorus
373 1545 461 1584 eius
480 1545 700 1595 quicquam
724 1544 874 1583 officiat
899 1545 1034 1584 famae
1058 1547 1165 1594 tuae,
1189 1557 1292 1595 quae
1310 1545 1475 1584 vtinam
1501 1558 1587 1584 non
1613 1545 1709 1596 plus

101 1601 308 1640 nocuisset
337 1599 491 1650 ipsius:
531 1600 600 1638 sed
636 1599 745 1650 quod
777 1599 901 1649 plane
939 1602 1126 1638 metuam
1162 1613 1226 1648 ne,
1263 1600 1299 1638 si
1336 1601 1383 1637 tu
1421 1600 1709 1649 respondendo

103 1655 303 1695 talionem
340 1655 386 1693 in
425 1654 547 1693 illum
585 1655 814 1704 regesseris,
851 1654 925 1692 fiat
957 1656 1004 1693 vt
1036 1654 1143 1705 quod
1178 1667 1287 1693 nunc
1327 1654 1377 1692 de
1410 1653 1484 1693 illo
1517 1654 1709 1694 sentiunt

102 1723 259 1758 omnes,
292 1709 406 1748 idem
434 1709 606 1758 posthac
635 1709 686 1748 de
714 1710 888 1759 vtroque
911 1709 1106 1748 sentiant.

153 1764 245 1803 Scio
254 1776 378 1814 quam
390 1763 556 1802 difficile
568 1763 623 1802 sit
634 1763 685 1802 ad
699 1765 786 1802 tam
799 1763 1222 1814 aculeatumvndique
1234 1762 1425 1802 libellum
1439 1763 1710 1814 respondenti

102 1821 332 1869 temperare
359 1831 383 1857 a
411 1817 632 1857 conuiciis:
661 1819 702 1856 et
730 1819 871 1856 tamen
899 1818 935 1857 si
963 1818 1063 1869 quid
1091 1831 1183 1856 eam
1212 1817 1258 1855 in
1286 1820 1448 1867 partem
1476 1831 1618 1868 pecces
1646 1820 1706 1867 tu,

103 1886 227 1912 nemo
248 1873 320 1924 qui
340 1873 381 1911 te
400 1872 514 1911 norit
532 1874 620 1911 tam
639 1872 757 1911 facile
775 1872 941 1922 putabit
959 1872 1263 1922 ignoscendum
1282 1872 1360 1910 tibi
1380 1886 1504 1922 quam
1524 1872 1710 1922 ignoscet

103 1927 259 1967 Brixio.
315 1925 426 1966 Nam
450 1928 497 1966 vt
527 1926 635 1965 nihil
665 1927 837 1965 interim
867 1927 917 1965 de
946 1927 1163 1978 vtriusque
1193 1926 1425 1965 eruditione
1459 1927 1604 1974 dicam,
1637 1929 1710 1967 tua

102 1984 212 2021 certe
235 1981 430 2029 conditio,
451 1982 525 2020 tua
550 1980 734 2031 dignitas
761 1994 806 2020 ac
834 1994 976 2020 rerum
1004 1995 1104 2021 vsus
1132 1981 1262 2031 exigit
1290 1983 1337 2020 vt
1365 1981 1569 2020 eiusmodi
1598 1981 1709 2021 rixas

105 2050 188 2076 non
208 2036 352 2075 minus
370 2035 534 2086 ineptas
552 2048 679 2086 quam
697 2035 925 2075 virulentas
943 2036 1130 2086 negligas
1148 2036 1297 2085 potius,
1315 2049 1442 2086 quam
1457 2038 1504 2074 vt
1524 2036 1710 2076 conuicia

103 2090 302 2130 conuiciis
317 2091 503 2129 accurate
518 2090 692 2129 retalies.
738 2090 879 2129 Audio
895 2090 1079 2140 quotidie
1094 2091 1191 2141 quid
1207 2092 1300 2140 post
1315 2090 1500 2128 aeditum
1515 2090 1709 2129 libellum

105 2145 258 2185 eruditi
283 2145 508 2195 loquantur
535 2145 585 2183 de
610 2145 776 2183 Brixio:
807 2158 909 2195 quae
931 2147 979 2184 vt
1006 2145 1054 2183 de
1078 2145 1151 2183 illo
1177 2158 1263 2183 non
1289 2144 1469 2182 libenter
1494 2145 1628 2192 audio,
1651 2145 1710 2183 ita

106 2200 157 2239 de
175 2202 216 2239 te
236 2199 372 2238 multo
391 2199 534 2238 minus
552 2199 696 2238 audire
714 2199 855 2239 velim.
916 2199 1194 2248 Quamobrem
1221 2212 1351 2249 quum
1378 2198 1556 2237 sentiam
1584 2212 1708 2248 quam

1724 902 1743 936 5

1727 1176 1768 1199 10

1728 1720 1769 1742 20

1730 1991 1767 2023 ²5

103 2255 282 2294 arduum
302 2254 358 2292 sit
373 2256 460 2293 tam
474 2253 683 2292 virulento
699 2253 842 2292 libello
856 2254 1092 2292 lacessitum
1108 2253 1165 2292 sic
1180 2256 1451 2303 attemperare
1463 2266 1709 2303 responsum
1728 2263 1770 2295 30

105 2311 152 2347 vt
172 2307 280 2347 nihil
300 2307 517 2358 indulgeas
535 2308 762 2356 affectibus,
785 2309 995 2358 optimum
1015 2310 1122 2347 certe
1142 2321 1287 2347 censeo
1311 2308 1346 2346 si
1369 2321 1458 2346 rem
1482 2309 1627 2357 totam,
1650 2307 1709 2346 ita

106 2365 154 2402 vt
172 2364 365 2411 meretur,
387 2362 575 2412 negligas
593 2364 717 2412 atque
737 2364 987 2402 contemnas.

161 2417 304 2467 Neque
323 2430 421 2456 vero
441 2417 518 2455 hoc
536 2416 615 2455 tibi
635 2417 903 2466 consulerem,
923 2417 1080 2467 optime
1100 2417 1224 2457 More.
1242 2416 1277 2455 si
1296 2416 1517 2466 quicquam
1537 2418 1646 2455 esset
1663 2416 1709 2454 in

106 2472 332 2510 Antimoro
351 2471 458 2522 quod
478 2470 556 2509 tibi
575 2471 633 2510 sic
653 2471 788 2510 labem
808 2472 1049 2522 aspersisset
1068 2471 1207 2519 vllam,
1230 2473 1277 2509 vt
1296 2470 1629 2521 operaeprecium
1656 2471 1710 2510 sit

105 2539 197 2566 eam
226 2538 365 2564 curare
391 2525 716 2575 abstergendam.
774 2526 853 2565 Sed
880 2527 1024 2565 onmia
1049 2526 1169 2576 plane
1196 2527 1296 2564 sunt
1314 2525 1518 2563 eiusmodi
1537 2527 1583 2564 vt
1602 2524 1712 2563 inter

106 2579 331 2630 legendum
353 2579 526 2629 quisque
549 2580 794 2630 respondeat
817 2580 908 2619 sibi.
968 2581 1077 2619 Nam
1102 2593 1247 2619 omnes
1271 2579 1416 2619 vident
1444 2579 1638 2618 Brixium
1667 2579 1711 2618 id

108 2634 153 2672 in
175 2636 216 2673 te
242 2634 554 2684 reprehendere,
578 2635 685 2684 quod
716 2637 801 2673 tam
830 2637 985 2673 temere
1013 2637 1182 2684 tamque
1210 2647 1480 2684 praepropere
1507 2633 1711 2673 aedideris

285 2746 315 2775 3.
340 2736 442 2767 faueo
458 2739 534 2767 adel.
553 2738 593 2766 N.
730 2737 779 2768 18.
805 2738 897 2777 quod
915 2748 973 2768 om.
993 2740 1035 2769 II.
1168 2739 1220 2768 26.
1247 2738 1409 2768 conuicia
1425 2748 1485 2768 om.
1501 2740 1543 2769 H.

158 2858 183 2878 1.
213 2847 353 2888 literas]
381 2848 441 2887 Ep.
466 2848 551 2885 6203
584 2847 702 2878 which
727 2847 872 2878 Brixius
986 2857 1015 2885 7.
1033 2845 1165 2887 aedita]
1179 2845 1229 2876 Cf.
1247 2846 1332 2886 Epp.
1349 2846 1571 2886 550111trod.,
1587 2847 1661 2885 634.
1675 2858 1705 2884 4.

112 2901 184 2922 saw
215 2891 270 2922 for
296 2891 359 2922 the
386 2891 465 2921 first
488 2892 577 2921 time
603 2891 708 2921 when
740 2892 769 2921 it
800 2901 873 2922 was
990 2901 1039 2921 10.
1065 2889 1253 2930 defendat]
1271 2891 1322 2921 Cf.
1341 2890 1421 2920 Juv.
1443 2900 1471 2921 2.
1493 2891 1544 2928 46.

111 2935 257 2975 printed
276 2935 313 2965 in
331 2935 394 2965 the
410 2937 549 2972 Farrago
567 2934 636 2974 (E).
990 2944 1046 2964 22.
1070 2933 1285 2973 temperare]
1305 2933 1356 2964 Cf.
1379 2934 1442 2973 Ep.
1461 2935 1536 2963 620.
1559 2943 1640 2972 30n.

155 2988 185 3009 2.
212 2977 441 3019 Antimorus]
467 2978 531 3009 Sec
550 2978 612 3017 Ep.
635 2987 726 3017 1045.
991 2987 1042 3015 25.
1069 2977 1242 3018 dignitas]
1261 2976 1312 3008 Cf.
1332 2977 1418 3017 Epp.
1440 2978 1512 3015 780.
1531 2987 1609 3016 4511,
1629 2977 1705 3016 908.

156 3031 184 3060 5.
211 3021 527 3062 epigrammatum]
551 3021 602 3052 Of.
622 3021 684 3061 Ep.
703 3023 778 3053 620.
798 3032 877 3062 29n.
951 3023 1028 3052 1611.

1730 2534 1770 2566 35
