1990 3353
225 305 288 337 540

225 575 287 606 545

227 844 289 877 550

226 1112 286 1144 555

302 124 382 162 524
778 125 1028 163 LETTERS
1067 125 1136 164 OF
1174 125 1440 165 ERASMUS
1779 124 1901 178 [1521

306 235 749 284 octoginta—atrocius
791 238 897 275 esset
943 248 1069 285 quam
1115 237 1163 274 vt
1206 235 1339 285 premi
1376 237 1525 285 posset,
1568 235 1706 274 ascitis
1745 235 1906 274 duobus

305 290 506 340 episcopis
527 303 650 340 aeque
667 290 845 329 cordatis
863 304 938 328 nec
960 290 1101 328 minus
1115 290 1347 338 virulentis,
1365 289 1514 339 incipit
1530 289 1670 328 Coleto
1689 289 1906 339 negocium

305 344 513 390 facessere,
545 358 629 383 non
669 344 751 383 alio
785 345 869 383 telo
899 357 1023 394 quam
1055 357 1136 394 quo
1173 344 1309 383 solent
1347 343 1434 391 isti,
1473 343 1673 394 siquando
1713 344 1906 394 cuiquam

306 398 479 436 exitium
492 398 737 438 moliuntur.
777 399 921 438 Defert
933 412 1029 437 eum
1043 398 1152 448 apud
1167 398 1539 448 Archiepiscopum
1554 398 1905 446 cantuariensem,

304 452 491 491 articulis
511 452 668 503 aliquot
689 453 842 492 notatis
862 466 964 503 quos
982 466 1032 491 ex
1052 452 1169 491 illius
1188 452 1456 491 concionibus
1475 453 1738 502 decerpserat.
1800 452 1908 500 Quo-

306 520 401 545 rum
441 520 550 545 vnus
587 510 675 546 erat
713 508 823 557 quod
863 508 1068 546 docuisset
1105 520 1190 545 non
1227 507 1456 545 adorandas
1493 507 1707 557 imagines.
1786 506 1909 545 Alter

308 561 416 610 quod
438 562 676 600 sustulisset
695 575 718 600 a
738 562 868 601 Paulo
889 562 1100 600 laudatam
1120 561 1461 611 hospitalitatem,
1485 561 1556 610 qui
1582 573 1777 599 enarrans
1801 559 1908 598 illud

307 628 357 653 ex
389 615 630 666 Euangelio,
670 617 829 663 ‘Pasce,
865 630 994 666 pasce,
1030 629 1147 666 pasce
1182 629 1280 654 oues
1313 615 1454 662 meas,'
1496 628 1593 653 cum
1627 615 1670 653 in
1703 614 1909 665 prioribus

309 669 469 708 duobus
489 683 583 708 cum
605 670 777 721 reliquis
806 671 1106 720 interpretibus
1131 670 1395 717 consentiret,
1417 682 1536 719 pasce
1565 669 1766 719 exemplis
1786 669 1906 717 vitae,

308 736 428 773 pasce
454 737 643 763 sermone
670 725 892 772 doctrinae,
917 726 961 763 in
987 725 1112 763 tertio
1139 724 1414 772 dissensisset,
1439 737 1594 774 negans
1624 724 1844 762 conuenire
1862 724 1909 761 vt

309 779 511 828 Apostoli,
549 781 620 829 qui
658 782 750 818 tum
792 782 909 818 erant
947 792 1159 829 pauperes,
1198 778 1438 817 iuberentur
1480 792 1578 816 oues
1617 791 1710 816 suas
1748 790 1910 826 pascere

307 832 491 872 subsidio
508 833 737 883 temporali,
755 837 794 872 et
814 834 938 872 huius
957 834 1046 872 loco
1065 833 1178 872 aliud
1192 833 1390 882 quiddam
1410 832 1707 871 substituisset.
1746 832 1911 870 Tertius

307 887 415 937 quod
448 901 544 926 cum
577 888 621 926 in
656 889 852 927 concione
884 888 1053 927 dixisset
1085 888 1285 937 quosdam
1326 888 1374 926 de
1413 887 1555 925 charta
1592 886 1824 925 concionari
1853 886 1909 936 (id

308 942 415 991 quod
446 942 570 980 multi
598 942 747 993 frigide
777 943 936 981 faciunt
965 943 1008 980 in
1030 942 1208 993 Anglia),
1237 942 1404 992 oblique
1432 943 1611 980 taxasset
1641 941 1908 991 Episcopum,

307 996 378 1046 qui
399 995 450 1034 ob
470 997 635 1035 senium
654 997 695 1035 id
717 997 868 1036 solitus
893 996 946 1035 sit
966 997 1110 1035 facere.
1169 996 1531 1047 Archiepiscopus,
1554 995 1620 1034 cui
1641 995 1774 1034 Coleti
1794 995 1911 1033 dotes

307 1052 424 1089 erant
462 1052 622 1101 egregie
661 1052 858 1101 cognitae,
894 1051 1171 1101 patrocinium
1210 1050 1446 1089 innocentis
1483 1051 1675 1099 suscepit,
1717 1063 1738 1088 e
1777 1049 1912 1087 iudice

307 1105 440 1143 factus
464 1107 688 1154 patronus,
718 1119 813 1144 cum
839 1108 925 1155 ipse
946 1106 1113 1145 Coletus
1142 1105 1193 1144 ad
1220 1105 1319 1144 haec
1345 1105 1503 1155 aliaque
1529 1104 1718 1144 stultiora
1749 1116 1911 1154 respon-

307 1159 400 1197 dere
421 1159 723 1209 dedignaretur.

363 1213 458 1252 Non
489 1214 728 1264 conquieuit
757 1217 900 1253 tamen
930 1214 1041 1253 senis
1070 1214 1226 1252 odium.
1286 1214 1482 1253 Tentauit
1511 1213 1648 1252 aulam
1678 1213 1832 1263 regiam
1866 1213 1911 1251 in

309 1268 500 1308 Goletum
521 1269 733 1316 concitare,
760 1271 883 1319 atque
903 1269 948 1307 in
968 1269 1118 1319 primis
1138 1269 1292 1318 Regem
1313 1269 1464 1319 ipsum.
1523 1268 1615 1306 Iam
1641 1267 1752 1306 aliud
1779 1267 1910 1306 telum

309 1322 430 1370 nacti,
448 1322 556 1373 quod
576 1323 739 1372 publice
761 1323 934 1362 dixisset
953 1324 997 1361 in
1018 1323 1213 1362 concione
1235 1336 1376 1373 pacem
1397 1323 1586 1373 iniquam
1601 1322 1911 1372 praeferendam

310 1376 418 1415 bello
434 1377 708 1427 aequissimo:
737 1378 821 1416 iam
842 1378 954 1416 enim
976 1378 1254 1417 adornabatur
1273 1378 1430 1416 bellum
1451 1378 1494 1416 in
1515 1377 1666 1416 Gallos.
1714 1377 1767 1415 Et
1789 1376 1914 1415 huius

309 1430 471 1470 fabulae
492 1445 575 1469 non
597 1432 820 1471 minimam
840 1435 1003 1482 partem
1022 1431 1243 1471 Minoritae
1265 1433 1346 1471 duo
1372 1432 1549 1482 agebant
1567 1446 1575 1470 ε
1606 1444 1782 1481 quorum
1809 1430 1915 1469 alter

308 1486 377 1523 fax
407 1486 506 1524 belli
536 1486 704 1525 mitram
734 1487 897 1534 meruit,
922 1487 1026 1525 alter
1056 1487 1174 1525 bonis
1203 1487 1401 1525 lateribus
1421 1485 1722 1524 vociferabatur
1750 1486 1792 1523 111
1823 1498 1914 1523 con-

309 1539 499 1579 cionibus
519 1540 564 1578 in
585 1543 752 1591 poetas3
783 1542 842 1579 sic
868 1541 980 1580 enim
1011 1541 1251 1591 designabat
1274 1541 1479 1585 colet-am,
1501 1554 1595 1578 cum
1627 1540 1662 1578 is
1691 1553 1714 1578 a
1742 1538 1916 1589 poeticis

352 1638 426 1678 541.
454 1629 622 1667 cuiquam
640 1632 687 1659 F:

307 1673 405 1702 enim
425 1673 611 1742 temporis
613 1675 654 1703 H.

711 1629 768 1660 cui
787 1632 828 1660 H.
966 1638 1040 1668 550.
1065 1631 1120 1659 H:
1145 1629 1304 1659 Tertium
1323 1631 1358 1660 F.

790 1673 865 1711 561.
890 1673 1041 1712 agebant
1056 1674 1130 1704 add.
1149 1675 1189 1703 N.

1494 1629 1567 1667 560.
1596 1629 1665 1658 iani
1682 1628 1779 1657 8111111
1798 1629 1843 1658 F:
1871 1626 1914 1657 Id

351 1783 424 1813 539.
452 1740 646 1815 octoginta]
666 1774 715 1806 Cf.
737 1774 758 1805 l.
778 1776 879 1813 36511.

1146 1774 1394 1805 Gedechtnuss
1422 1774 1571 1813 erlangt,
1601 1773 1658 1803 die
1682 1773 1797 1812 gleich
1830 1772 1916 1803 vber

350 1827 426 1856 542.
451 1818 764 1850 Cantuariensei'nl
793 1819 974 1849 VVarham.
1011 1818 1078 1848 For

1145 1817 1368 1849 menschlich
1386 1828 1489 1857 were.
1509 1817 1584 1848 also
1600 1817 1663 1847 das
1676 1827 1715 1847 er
1731 1817 1786 1847 nit
1804 1815 1915 1847 allein

308 1861 370 1892 the
387 1863 467 1900 part
485 1862 564 1892 that
582 1862 626 1892 he
650 1862 804 1902 played
796 1873 834 1893 111
852 1862 927 1893 this
945 1864 1077 1892 matter

309 1904 351 1935 cf.
369 1905 433 1944 Ep.
448 1915 521 1943 414.
543 1915 603 1944 1-5
621 1906 694 1936 and
711 1906 822 1936 EHR.
841 1907 926 1936 xvii.
943 1907 1064 1945 303-6.

353 1958 426 1987 544.
454 1949 646 1989 imagines]
664 1949 716 1980 Cf.
734 1950 756 1980 l.
775 1959 848 1989 479.

353 2001 428 2031 545.
453 2003 473 2023 a
490 1992 618 2033 Paulo]
635 1993 734 2024 Rom.
758 2003 807 2024 12.
829 2003 876 2033 13,
895 1993 962 2025 Tit.
987 2003 1014 2025 1.
1032 1994 1065 2025 8.

354 2037 430 2074 546.
454 2036 666 2078 Euangelio]
683 2037 782 2067 John
798 2046 851 2068 21.
872 2047 988 2076 15-17,

354 2088 430 2119 551.
455 2080 498 2111 de
515 2080 654 2122 charta]
680 2080 812 2112 Colet’s
829 2091 990 2121 memory
1008 2091 1080 2112 was

311 2124 577 2164 exceptionally
592 2126 724 2164 strong,
743 2125 775 2155 if
795 2125 857 2155 the
881 2128 979 2164 story
1003 2124 1080 2156 told

312 2167 357 2206 by
376 2168 437 2198 the
455 2169 644 2208 Augsburg
654 2169 856 2208 physician,
869 2168 952 2199 Chr.
970 2168 1080 2199 Wirt-

312 2220 405 2251 zung
420 2214 460 2252 (c.
478 2211 697 2251 1500--1571)‚
710 2212 749 2242 111
762 2213 819 2243 his
831 2215 970 2250 Artzney
980 2215 1081 2251 Buclz,

312 2255 368 2285 bk.
391 2264 420 2293 1,
437 2255 491 2286 ch.
512 2265 560 2294 12,
582 2258 598 2293 ξ,
619 2265 646 2293 1,
663 2256 775 2295 really
792 2256 902 2286 refers
920 2259 956 2287 to
979 2256 1057 2286 him
1074 2267 1081 2287 ε

315 2300 322 2314 ⁴
337 2298 383 2328 Es
403 2300 451 2329 ist
468 2309 511 2329 zu
528 2309 661 2330 vnsern
679 2300 794 2330 zeiten
808 2300 867 2330 8111
881 2300 1082 2331 Canonicus

312 2352 355 2372 zu
371 2341 595 2382 Candelberg
619 2342 657 2372 111
683 2343 887 2383 Engelland
905 2353 1078 2383 gewesen,

313 2386 443 2417 Doctor
460 2387 498 2417 in
515 2387 706 2426 Theologia
722 2386 795 2417 vnd
819 2387 883 2418 der
906 2387 1078 2427 Rechten,

312 2429 500 2461 Johannes
529 2429 671 2461 Coletus
696 2431 840 2470 genam,
861 2431 943 2461 dem
968 2432 1015 2461 ist
1032 2431 1081 2461 im

316 2474 364 2504 16.
383 2473 498 2514 Jar[s]
517 2474 614 2504 seins
631 2474 741 2505 alters
758 2484 828 2505 von
844 2476 915 2505 eim
935 2475 1080 2514 getauff-

315 2518 374 2546 ten
392 2517 511 2548 Juden
526 2517 701 2557 volgende
714 2517 837 2548 Kunst
850 2517 1083 2560 mitgeteil<t>

315 2560 470 2600 worden,
499 2560 678 2591 dardurch
705 2571 743 2591 er
766 2563 826 2592 ein
854 2561 1080 2592 wuuderbar-

314 2603 408 2633 liche
426 2603 674 2636 Gedechtnuss
684 2604 824 2645 erlangt
836 2605 916 2644 hab,
930 2605 1004 2636 also
1020 2605 1082 2636 das

314 2657 386 2677 was
416 2657 455 2677 er
485 2647 621 2678 einmal
659 2647 740 2687 lass,
774 2649 852 2679 sein
892 2648 1083 2688 lebenlang

313 2690 481 2722 behielte.
531 2691 610 2721 wie
635 2701 712 2722 nun
737 2692 854 2723 dieser
869 2692 919 2723 im
943 2702 996 2732 39.
1020 2693 1083 2723 Jar

313 2735 409 2765 seins
434 2734 543 2765 alters
572 2736 648 2765 sein
675 2737 817 2766 sterben
848 2736 942 2774 sahe,
977 2737 1083 2767 baten

313 2778 413 2808 seine
437 2780 521 2816 gute
545 2778 688 2810 Freund
712 2779 832 2810 solche
854 2780 1085 2820 geheimnuss

314 2831 356 2852 zu
373 2822 589 2853 offenbaren.
637 2822 708 2853 Der
724 2823 836 2862 zeigte
852 2832 910 2863 311,
927 2824 974 2854 Er
991 2833 1083 2854 were

315 2865 395 2895 eins
432 2866 582 2905 grobens
631 2865 846 2906 vnfahigens
894 2867 1084 2898 verstands

316 2918 491 2948 gewesen,
529 2910 613 2939 aber
651 2909 765 2940 durch
809 2910 929 2942 mittel
968 2910 1084 2941 dieser

318 2952 440 2983 Kunst
455 2953 494 2983 in
511 2952 654 2983 kurtzer
678 2954 747 2984 zeit
771 2954 830 2984 ein
854 2956 963 2994 guten
989 2955 1083 2993 ring-

318 2995 480 3036 siichigen
512 2996 695 3035 vei-stand,
732 2996 841 3028 darzu
873 2998 933 3028 ein
965 2997 1083 3028 solche

1146 1861 1232 1893 alles
1247 1871 1319 1892 was
1331 1872 1370 1892 er
1386 1861 1467 1900 lese,
1485 1860 1615 1892 sonder
1630 1860 1722 1891 auch
1740 1859 1824 1891 sehe
1840 1860 1915 1891 vnd

1145 1906 1259 1944 horte,
1297 1915 1344 1936 on
1369 1905 1438 1935 alle
1470 1905 1580 1935 11111118
1612 1906 1662 1934 1111
1695 1904 1916 1944 gedechtnus

1147 1949 1314 1980 behalten
1345 1949 1500 1988 mecine,
1537 1948 1604 1979 wie
1644 1958 1682 1978 er
1720 1947 1819 1978 dann
1858 1947 1916 1977 die

1149 1993 1310 2031 Decreta,
1327 1992 1538 2030 Decretales,
1555 1992 1730 2031 Ordnung
1743 1991 1806 2023 der
1822 1991 1915 2031 Key-

1149 2037 1327 2067 serlic-hen
1353 2036 1516 2067 Rechten
1543 2037 1659 2075 sampt
1685 2036 1790 2066 ihren
1818 2035 1918 2066 Glos—

1149 2090 1231 2112 sen:
1266 2080 1499 2112 Aristotelem
1531 2080 1606 2110 vnd
1637 2079 1748 2110 andre
1782 2079 1916 2110 Lehrer

1149 2125 1207 2155 die
1233 2134 1271 2155 er
1299 2123 1491 2163 besichtigt
1519 2123 1629 2156 hette.
1658 2133 1728 2154 von
1756 2125 1846 2153 wort
1873 2132 1916 2154 zu

1150 2169 1241 2198 wort
1257 2168 1397 2199 erzelte.
1427 2167 1494 2198 Wo
1510 2168 1562 2197 im
1579 2167 1671 2197 auch
1684 2165 1917 2205 mancherley

1150 2212 1291 2242 Namen
1306 2214 1489 2251 vorgesagt
1504 2210 1666 2244 wurden.
1685 2210 1786 2241 kund
1803 2220 1842 2240 er
1858 2210 1917 2241 die

1149 2265 1194 2286 011
1235 2255 1322 2286 alles
1361 2254 1570 2286 bedencken
1618 2255 1710 2285 nach
1752 2253 1918 2293 ordnung

1149 2299 1350 2330 widerumb
1375 2299 1552 2337 erhollen‚
1568 2308 1607 2328 er
1630 2298 1693 2329 das
1717 2297 1820 2329 nicht
1840 2298 1917 2328 ein-

1151 2343 1223 2373 mal
1240 2341 1366 2373 felete'
1384 2343 1453 2381 (ed.
1476 2352 1569 2381 1572,
1589 2352 1622 2382 p.
1640 2343 1700 2382 cis.

1195 2396 1273 2426 559.
1299 2385 1416 2427 nacti]
1443 2385 1636 2425 Fitzjames
1660 2385 1732 2416 and
1757 2385 1814 2415 his
1838 2393 1916 2424 sup-

1151 2434 1289 2470 porters
1307 2440 1314 2468 ;
1338 2440 1393 2461 see
1411 2429 1447 2460 11.
1467 2439 1609 2469 539—40.

1238 2473 1378 2513 pacem]
1426 2473 1480 2504 Cf.
1514 2473 1586 2505 Cic.
1620 2475 1711 2504 Fam.
1749 2473 1780 2503 6.
1819 2473 1850 2502 6.
1884 2481 1915 2510 5.

1152 2517 1240 2548 Pace
1268 2517 1406 2548 alludes
1436 2520 1473 2548 to
1499 2517 1574 2548 this
1602 2517 1765 2547 incident
1793 2516 1832 2546 in
1859 2515 1917 2546 his

1152 2564 1195 2592 De
1225 2563 1351 2601 Fructu,
1385 2560 1500 2600 Basle,
1535 2560 1684 2599 Froben,
1718 2560 1791 2591 Oct.
1823 2568 1917 2599 1517,

1151 2615 1184 2646 p.
1200 2604 1260 2643 835
1292 2604 1462 2644 speaking
1478 2604 1518 2635 of
1535 2604 1664 2635 Scotist
1680 2603 1915 2643 theologiam,

1154 2650 1162 2666 ⁶
1175 2649 1239 2687 qui
1260 2649 1298 2679 in
1321 2650 1368 2689 te,
1391 2659 1410 2678 o
1431 2647 1563 2687 Colete,
1581 2648 1668 2678 satis
1686 2656 1759 2678 non
1777 2646 1918 2677 indocte

1151 2691 1255 2722 modo
1276 2692 1338 2722 sed
1360 2692 1470 2723 etiam
1496 2693 1607 2731 impie
1631 2691 1916 2728 insurrexerunt,

1151 2745 1264 2774 quum
1281 2735 1416 2766 diceres
1439 2735 1634 2766 salutarem
1656 2744 1776 2774 pacem
1801 2734 1919 2774 perni—

1153 2779 1245 2810 cioso
1261 2778 1354 2809 bello
1370 2779 1474 2819 longe
1491 2788 1566 2809 esse
1582 2777 1851 2818 praeferendam
1865 2777 1885 2808 '.

1196 2824 1272 2862 560.
1301 2822 1450 2863 bellum]
1470 2822 1544 2853 The
1555 2821 1759 2862 expedition
1773 2821 1811 2851 of
1823 2829 1918 2860 1512.

1196 2867 1271 2905 561.
1298 2865 1504 2907 Minoritae]
1537 2865 1718 2896 Birkhead
1750 2865 1787 2902 (1.
1811 2864 1920 2904 602n)
1970 2868 1972 2880 ·

1152 2910 1225 2940 and
1243 2910 1415 2941 Standish
1434 2910 1513 2951 (Ep.
1528 2910 1604 2940 608.
1620 2912 1710 2948 1411).
1749 2908 1794 2939 In
1812 2910 1918 2945 Aday.
1970 2915 1972 2949 l

1157 2954 1240 2994 1498
1255 2952 1437 2984 Standish'
1441 2963 1458 2984 s
1473 2955 1567 2984 latera
1584 2963 1641 2983 aie
1659 2951 1810 2983 noticed.

1196 2998 1270 3036 563.
1298 2997 1335 3027 in
1353 2995 1492 3037 poetas]
1512 2996 1562 3027 Cf.
1580 2996 1643 3036 Ep.
1663 2996 1736 3035 258.
1757 3005 1797 3033 7-
1804 3003 1854 3025 12.
