1990 3353
242 304 283 335 50

238 570 279 601 55

234 830 277 862 60

233 1104 274 1145 65

221 2479 264 2511 90

298 117 351 155 62
771 117 1023 156 LETTERS
1060 117 1130 156 OF
1168 117 1431 157 ERASMUS
1771 116 1897 171 [1519

298 225 698 277 παρεισφθαρείσης
675 244 721 265 αν
748 226 791 264 τὸ
819 226 1033 264 τελευταῖον
1060 223 1139 275 (οἶα
1171 227 1279 274 φιλεῖ
1308 227 1373 264 τοῦ
1404 226 1522 276 θυμοῦ
1553 227 1601 265 τὰ
1619 227 1817 293 ὃρμήματα
1851 231 1900 269 εἷς

298 283 424 332 χεῖρον
443 279 719 332 ἐπιτείνεσθαι)·
752 282 818 318 οὐκ
833 280 886 318 ἔτι
905 279 946 317 δέ
962 296 1020 318 τοι
1035 280 1108 317 ἀπὸ
1127 281 1192 328 τῆς
1207 279 1395 329 δυσέριδος
1414 281 1643 329 φιλονεικίας
1657 281 1718 319 καὶ
1736 283 1900 332 ἁμίλλης

299 337 364 384 τῆς
385 336 552 381 κακόνου,
573 338 616 374 οὐ
634 335 687 385 μὰ
705 335 773 384 τὴν
799 333 1091 382 φιλοσοφίαν,
1067 351 1111 383 ης
1129 334 1172 372 τὸ
1194 334 1329 373 θεῖον“
1310 337 1398 384 ημῖν
1423 336 1563 373 σεπτὸν
1584 336 1759 386 τυγχάνει
1778 335 1820 375 ὒν
1839 355 1898 376 και

299 391 529 440 σεβάσμιον.
587 390 663 427 Καὶ
676 392 746 440 μὲν
765 389 808 438 δὴ
829 389 889 426 καὶ
907 389 1039 426 τούτου
1065 389 1233 438 μάρτυρα
1252 389 1520 428 ἀνακαλεῖσθαι
1538 390 1605 439 τὴν
1630 391 1900 440 αὐτοαλήθειαν

300 447 366 482 οὐκ
386 444 430 483 ἂν
450 445 596 494 ὀκνοίην
621 444 740 488 αὐτός,
766 444 834 492 τὴν
857 446 930 481 τῶν
955 442 994 481 εὖ
1020 444 1336 492 φιλοσοφούντων
1360 444 1578 493 προαίρεσιν
1603 445 1898 484 κατευθύνουσαν

300 499 360 536 καὶ
385 499 541 548 καρδιῶν
565 502 637 537 τῶν
659 499 844 548 ἡμετέρων
869 499 1018 547 ἔφορον.
1077 498 1212 536 Καίτοι
1236 499 1301 536 οὐκ
1325 498 1437 539 ἀδεῶς
1463 499 1578 550 ἔγωγε
1604 497 1679 536 οὐδ’
1705 499 1766 537 ὅτε
1792 500 1898 551 ἔτυχε

297 553 518 603 διόμνυσθαι
532 553 676 597 εἰωθώς,
692 553 797 591 οὐδὲν
811 554 885 596 νῦν,
901 554 948 592 ὡς
962 551 1077 602 οἶμαι,
1091 552 1360 591 πιστώσασθαι
1373 553 1441 602 τὴν
1455 554 1596 592 εὔνοιαν
1613 554 1717 602 ἡμῶν
1732 553 1897 604 ἐδεόμην,

300 610 331 646 εἰ
357 609 410 658 μὴ
430 611 465 646 οἱ
493 608 603 657 φίλοι
631 609 667 645 οἱ
692 608 767 651 σοί,
788 607 885 658 τάχα
911 606 949 645 δὲ
973 607 1035 645 καὶ
1053 608 1088 644 οἱ
1114 607 1240 658 ἐχθροὶ
1266 609 1300 645 οἱ
1324 608 1507 657 ἡμέτεροι,
1532 610 1683 657 μᾶλλον
1706 608 1745 646 δὲ
1771 611 1805 646 οἱ
1830 610 1897 659 τὴν

296 663 478 712 ἡμετέραν
497 662 726 711 φιλοκαλίαν
751 661 1065 712 δυσχεραίνοντες,
1090 665 1281 700 πιστῶσαι
1305 664 1352 711 μὲ
1377 664 1470 714 σιγῇ
1489 662 1648 707 ἐδόκουν,
1669 663 1731 700 καὶ
1752 664 1899 702 τουτονὶ

296 717 362 755 τὸν
395 718 504 766 ὅρκον
534 718 708 766 ὁρκῶσαι·
748 716 968 765 δυσμένειάν
998 733 1079 754 τινα
1109 715 1226 765 δήπου
1258 717 1493 766 ὑφορώμενοι
1525 719 1564 755 ἐν
1594 718 1683 767 ἡμῖν
1710 717 1824 769 ταύτῃ
1857 735 1897 757 τε

295 771 530 821 ἐφηδόμενοι,
551 771 592 816 ἐξ
609 771 658 810 ὧν
675 771 1013 821 ἠκροβολισάμεθα
1030 771 1103 820 πρὸ
1121 773 1187 809 τοῦ
1205 773 1463 821 μελετητικῶς.

350 825 405 864 Σύ
423 843 466 878 γε
485 826 570 877 μήν,
591 826 618 863 ὦ
633 825 808 875 δαιμόνιε,
830 827 860 863 εἰ
878 825 1019 864 τοιόνδε
1044 842 1080 863 τι
1107 826 1171 863 καί
1190 842 1255 863 σοι
1277 825 1463 864 σύνοισθα
1489 827 1730 878 εἰργασμένῳ,
1749 827 1838 876 περί
1852 844 1896 879 γε

293 882 359 929 τῆς
379 882 594 931 ἐφαμίλλου
614 880 729 929 τῆσδε
748 880 977 929 φιλονεικίας
995 882 1060 929 τῆς
1077 881 1273 931 χωρούσης
1290 880 1415 930 πόρρω
1433 883 1499 918 τοῦ
1515 883 1752 932 ἀποχρῶντος
1767 881 1896 931 εἰδείης

295 936 351 980 ἄν,
372 937 403 973 εἷ
422 936 486 973 καί
502 953 565 973 σοι
584 935 786 985 καθαρτέον
805 935 908 973 ἐστὶν
924 934 993 972 ὧδέ
1011 951 1086 975 πως
1104 936 1169 975 τὰς
1188 935 1326 984 φρένας
1345 938 1427 973 σοῦ.
1488 937 1544 972 Οὐ
1563 936 1636 987 γὰρ
1656 935 1700 973 ἂν
1720 939 1758 974 ἐν
1777 936 1895 975 δέοντι

295 989 395 1028 θεῖτό
414 1007 468 1030 τις
493 994 565 1028 τῶν
590 993 767 1041 χρηστῶν
795 990 855 1027 καὶ
879 989 1210 1039 προσφιλέστερον
1236 990 1396 1039 ἐχόντων
1420 990 1462 1028 τὸ
1489 991 1807 1040 ἀπομνημονεύειν
1832 994 1895 1030 νῦν

294 1047 414 1083 ἐκεῖνα
443 1045 491 1082 ὧν
519 1046 635 1096 ἔγωγε
662 1045 834 1095 τυγχάνω
861 1044 1098 1093 τεθαυμακὼς
1127 1047 1165 1082 ἐν
1192 1046 1240 1094 τῇ
1272 1045 1325 1094 σῇ
1354 1045 1551 1094 ἐπιστολῇ,
1586 1044 1709 1090 δεξιῶς
1736 1048 1805 1095 μὲν
1835 1047 1895 1084 καὶ

293 1102 435 1148 σοφῶς,
456 1100 651 1147 φιλαιτίως
670 1099 710 1136 δέ
723 1115 800 1138 πως
820 1098 1121 1148 ἐρμηνευθέντων,
1143 1098 1203 1136 καὶ
1223 1098 1267 1146 δὴ
1288 1099 1348 1136 καὶ
1369 1099 1463 1148 πέρα
1488 1101 1553 1136 τοῦ
1574 1098 1719 1140 δέοντος
1738 1102 1893 1151 ἠκριβο·

292 1154 520 1205 λογημένων,
546 1155 592 1194 ὥς
610 1171 654 1205 γε
678 1153 763 1202 δὴ
748 1154 818 1191 υπὸ
844 1156 909 1191 τοῦ
936 1153 1066 1204 ἀνδρὸς
1091 1153 1301 1202 ἀμνηστίαν
1325 1155 1553 1204 παραχρῆμα
1572 1157 1892 1202 παρεισοίσοντος.

285 1206 390 1246 ’Ἔδει
415 1209 488 1260 γάρ
513 1225 570 1246 τοι
595 1209 818 1257 πραῦντικου
844 1210 994 1257 μᾶλλον
1019 1207 1137 1259 λόγου
1164 1207 1224 1245 καὶ
1250 1210 1557 1257 κατακηλητικοῦ,
1580 1207 1640 1257 ἐφ’
1662 1208 1688 1245 ὧ
1709 1226 1749 1247 τε
1773 1227 1892 1259 παρα-

292 1263 476 1301 σκευάσαι
503 1280 550 1312 με
575 1262 763 1311 πειθήνιον
790 1263 849 1300 καὶ
877 1264 1033 1312 εὐμενῶς
1058 1263 1122 1300 τὸν
1147 1262 1262 1312 νόμον
1287 1262 1523 1312 ἐνδεξόμενον
1547 1262 1612 1300 τὸν
1639 1263 1722 1301 σόν·
1757 1265 1835 1302 ἐπεὶ
1863 1267 1893 1302 εἷ

292 1318 401 1358 αὐτὸς
428 1320 678 1369 ἀγωνιστικῶς
704 1318 797 1368 ἔχων
825 1318 940 1368 ταύτῃ
967 1317 1191 1368 ἐπεχείρησα
1218 1318 1266 1367 τῇ
1291 1316 1501 1355 διαδικασία
1530 1318 1682 1363 ἐπεξιὼν
1710 1317 1896 1368 θιμοειδεῖ

290 1373 338 1422 τῇ
357 1376 460 1422 ψυχῇ
485 1389 557 1421 μου
582 1372 802 1423 χαρίζεσθαι
828 1372 1117 1421 ἐμπαθέστερον,
1138 1373 1203 1409 οὐκ
1230 1371 1274 1409 ἂν
1298 1372 1341 1410 τὸ
1360 1375 1516 1423 πρᾶγμα
1541 1372 1630 1410 αυτὸ
1649 1372 1762 1422 πέρας
1782 1373 1893 1424 ἔσχεν

291 1426 537 1464 οἰδεπώποτε·
567 1426 629 1464 ειτ’
648 1429 687 1463 ἐκ
716 1428 781 1474 τῆς
810 1428 904 1478 ἄγαν
934 1427 1098 1476 ἁμίλλης
1125 1426 1241 1475 τῆσδε
1270 1426 1370 1464 δυοῖν
1397 1427 1529 1475 φίλοιν
1556 1426 1670 1467 Ἰλιάς
1696 1444 1750 1467 τις
1779 1431 1892 1477 κακῆς

291 1481 519 1549 φιλονεικίας
544 1482 710 1529 ἀνεφάνη
737 1482 793 1526 ἅν,
820 1482 992 1530 ἑκατέρου
1019 1481 1202 1530 δήπουθεν
1226 1481 1269 1518 τὸ
1285 1480 1424 1519 δίκαιον
1445 1483 1562 1533 ἑαυτῷ
1585 1483 1891 1532 περιποιουμένου

290 1536 404 1581 ἐσαεί,
425 1535 485 1573 καὶ
503 1536 647 1576 δικαίως
666 1535 830 1576 κάδίκως.

345 1590 423 1628 Καὶ
441 1590 515 1640 μὴν
536 1607 650 1642 εγωγε
669 1590 880 1640 συνήδομαί
895 1607 959 1638 μοι
979 1588 1056 1628 ἀνθ’
1077 1590 1124 1628 ὧν
1150 1590 1258 1630 αίτὸς
1285 1592 1444 1640 ἐμαυτοῦ
1470 1590 1590 1639 ἔφθην
1613 1589 1702 1628 εἶναι
1721 1590 1890 1636 αἰτεξού-

290 1656 387 1692 σιος,
416 1644 490 1683 ὅσα
525 1646 584 1683 καὶ
616 1646 663 1695 τῇ
699 1645 911 1694 φιλόφρονί
936 1662 1007 1682 σου
1041 1644 1229 1712 ἀμνηστια
1268 1645 1502 1711 εὐγνωμονως
1539 1646 1888 1690 ἐπαναπαύσασθαι,

290 1700 541 1750 ἐπιεικεστερα
565 1699 608 1737 ἂν
632 1699 749 1748 δήπου
776 1700 836 1737 καὶ
860 1700 974 1749 ταύτῃ
1001 1700 1192 1751 γενομένῃ,
1220 1701 1250 1736 εἷ
1274 1699 1327 1748 μὴ
1353 1700 1491 1748 ταύτην
1515 1699 1606 1749 πρὸς
1632 1702 1889 1750 ἐγκληματικῇ

290 1754 408 1805 εκείνῃ
435 1757 483 1804 τῇ
511 1755 697 1804 ἐπιστολῇ
725 1754 982 1805 ἐπεισηγαγες,
1011 1755 1384 1805 πολυπραγμονούσῃ
1412 1771 1454 1805 γε
1483 1771 1529 1791 τα
1559 1771 1618 1791 και
1646 1755 1692 1791 τὰ
1709 1754 1770 1793 ὑπ’
1799 1757 1888 1804 ἐμου

288 1809 620 1857 παρανενομῆσθαι
638 1807 864 1853 δοκοῦντα,“
850 1809 918 1846 υπὸ
941 1810 1006 1847 τοῦ
1027 1808 1266 1858 ἀσυμμετρου
1293 1810 1330 1847 ἐν
1348 1826 1398 1846 τω
1425 1808 1681 1860 ἀγωνίζεσθαι.
1741 1811 1796 1846 Οὐ
1816 1811 1887 1860 γὰρ

289 1863 438 1912 ἔξαρνός
458 1866 531 1913 εἶμι
552 1864 595 1901 τὸ
619 1863 698 1900 κατ’
722 1865 785 1912 ἐμὲ
808 1863 987 1908 ἐπαίτιον,
1008 1864 1134 1912 ὥσπερ
1155 1861 1230 1901 οὐδ’
1249 1862 1292 1901 ἂν
1311 1864 1551 1914 αἰσχυνθείην
1575 1862 1815 1901 ἀνατίθεσθαι
1840 1865 1887 1901 τὰ

289 1919 513 1967 ἐσφαλμένα
531 1935 596 1967 μοι
615 1917 689 1966 ὅπη
709 1919 887 1967 παρείκοι,
907 1918 1133 1969 συγγνώμην
1157 1935 1198 1956 τε
1221 1918 1484 1967 παραιτεῖσθαι
1510 1918 1558 1956 ὧν
1584 1917 1703 1966 ἔφθην
1724 1919 1887 1968 ποιήσας

288 1973 353 2010 οὐκ
374 1975 411 2010 ἐν
431 1972 558 2010 δέοντι.
617 1972 720 2019 Πρὸς
740 1972 777 2010 δὲ
796 1975 872 2013 τοῖς
892 1974 1022 2012 ἄλλοις
1047 1973 1106 2010 καὶ
1131 1974 1241 2010 τοῦτο
1267 1972 1311 2021 δὴ
1338 1973 1487 2022 ὠνάμην
1511 1974 1577 2021 τῆς
1597 1972 1802 2021 δεινότητος
1821 1975 1886 2021 τῆς

287 2029 369 2075 σῆς,
389 2027 445 2065 ὅτι
463 2027 528 2065 τὸν
547 2026 817 2076 νομοθετοῦντά
835 2044 899 2077 μοι
919 2028 1045 2076 φέρειν
1063 2026 1134 2076 ἤδη
1154 2026 1317 2076 κοσμίως
1341 2044 1381 2065 τε
1402 2028 1462 2065 καὶ
1486 2028 1715 2076 τεταγμένως
1735 2027 1884 2076 ἐθισθή-
1913 2036 1915 2039 ’

286 2098 414 2131 σομαι,
436 2082 496 2119 καὶ
515 2082 773 2121 νουθετοῦντος
792 2083 961 2130 εὐλαβῶς
981 2081 1200 2131 ἀκροᾶσθαι,
1218 2082 1328 2131 μέχρι
1350 2081 1394 2130 δὴ
1414 2082 1473 2119 καὶ
1494 2084 1560 2120 τοῦ
1583 2084 1727 2130 κρατεῖν
1746 2081 1881 2120 δυσκα-

286 2135 416 2174 θέκτου
435 2136 655 2185 παθήματος
675 2137 734 2174 καὶ
753 2138 923 2186 μάλιστα
941 2139 1013 2175 τῶν
1029 2137 1198 2175 ἁπάντων
1216 2137 1308 2185 πρὸς
1325 2137 1390 2175 τὸν
1409 2137 1596 2188 λογισμὸν
1613 2135 1880 2182 ἀπαυθαδιαζο-

252 2213 263 2218 -
284 2191 407 2238 μένου.
468 2192 523 2228 Οὐ
556 2192 629 2242 γὰρ
670 2189 751 2229 ἔσθ’
789 2191 845 2229 ὅτι
881 2194 953 2229 τῶν
990 2191 1118 2228 παθῶν
1153 2190 1264 2239 ἧττον
1301 2192 1493 2240 ὑπήκουσε
1528 2193 1594 2228 τοῦ
1632 2190 1761 2241 λόγου,
1799 2191 1882 2229 οὐδὲ

284 2244 576 2296 δυσχερέστερον
601 2247 849 2296 ἐπειθάρχησε
874 2247 920 2296 τῇ
945 2245 1149 2297 ἐγκρατείᾳ,
1177 2245 1293 2293 τῆσδε
1321 2248 1387 2294 τῆς
1415 2247 1728 2296 ἀνταγωνιστικῆς
1755 2247 1880 2294 ὃρμης,

285 2299 345 2336 καὶ
376 2302 491 2336 ταῦτα
522 2299 898 2350 διαφιλοτιμουμένης
930 2300 1014 2349 περὶ
1046 2302 1111 2338 τοῦ
1143 2299 1429 2351 δικαιολογῆσαι
1462 2300 1592 2338 δοκεῖν.
1651 2301 1727 2337 Σοῦ
1760 2299 1799 2337 δὲ
1836 2299 1880 2348 δὴ

283 2354 391 2405 ἔργον
412 2354 528 2398 ἔσται,
550 2354 576 2391 ὦ
597 2356 769 2403 φιλότης,
791 2355 850 2392 καὶ
865 2355 1041 2402 πρόνοιαν
1060 2354 1294 2403 ποιήσασθαι,
1312 2357 1378 2392 τοῦ
1402 2354 1454 2404 μὴ
1478 2354 1597 2392 δοκεῖν
1616 2369 1659 2390 σε
1680 2355 1879 2392 ἀνεπιεικέ-

283 2425 416 2457 στερον
440 2409 571 2446 τούτου
597 2411 815 2455 ἀπαλλάξαι
839 2413 904 2447 τοῦ
934 2412 1086 2460 ἀγῶνος·
1117 2408 1210 2446 ὅπου
1235 2425 1278 2459 γε
1307 2409 1367 2446 καὶ
1395 2409 1503 2449 αὐτὸς
1529 2410 1621 2458 ὁρῶν
1648 2425 1694 2446 σε
1722 2409 1805 2458 περὶ
1833 2411 1879 2459 τῇ

282 2463 390 2511 φήμῃ
410 2479 481 2511 μου
502 2462 656 2504 δεδιότα,
686 2467 732 2504 ὡς
759 2465 862 2511 ἔφης,
889 2464 981 2509 πρὸς
1006 2466 1072 2501 τοῦ
1098 2462 1323 2512 καθήκοντος
1349 2463 1393 2512 δὴ
1419 2467 1484 2501 τοῦ
1511 2465 1600 2512 ἐμοῦ
1627 2462 1749 2514 ᾠήθην
1775 2463 1876 2505 εἶναι,

281 2518 341 2554 καὶ
360 2517 404 2565 δὴ
425 2517 620 2567 δοκήσεως,
640 2518 968 2568 ἀντεπιμελεῖσθαι
986 2521 1052 2567 τῆς
1071 2519 1153 2566 σῆς.

324 2611 375 2640 52.
400 2602 466 2632 ab:
489 2601 704 2641 αὐταλήθειαν
720 2606 761 2634 Ν.
906 2612 958 2642 57.
984 2603 1030 2634 d:
1054 2603 1132 2642 σιγῆ
1149 2613 1179 2635 a.
1326 2613 1379 2642 59.
1406 2603 1557 2643 προτοῦδε
1575 2614 1603 2634 c.
1751 2603 1805 2634 60.
1829 2607 1874 2636 F:

283 2644 482 2685 εἰργασμένου
498 2655 527 2676 a.
630 2648 683 2678 61.
709 2650 753 2677 Fe
768 2658 775 2677 ε
796 2644 905 2687 εἷδείῃς
921 2647 975 2678 ab.
1066 2647 1118 2678 62.
1146 2650 1175 2677 F
1189 2649 1298 2684 Corriy.
1312 2659 1318 2677 ι
1343 2646 1518 2686 καρθατέον
1534 2658 1564 2677 a.
1657 2649 1710 2677 H:
1735 2644 1759 2685 ᾧ
1773 2645 1806 2677 δέ
1822 2648 1875 2678 ab.

280 2690 332 2727 67.
360 2689 405 2719 b:
429 2690 678 2728 κατακηλιτικοῦ
702 2702 732 2721 a.
911 2689 960 2729 ἐφ’
985 2688 1010 2729 ᾧ
1032 2693 1166 2728 scripsi:
1192 2689 1257 2729 ἐψῶ
1279 2700 1309 2722 3.
1521 2692 1573 2730 69.
1602 2690 1682 2722 a'F:
1708 2689 1811 2729 ταύτη
1828 2690 1871 2722 32.

283 2742 332 2770 71.
361 2731 557 2762 οὐδεπώποτε
577 2744 593 2762 :1
610 2744 617 2763 t
642 2733 831 2771 οὐδέ-χ’ποτε
849 2744 876 2764 e.
955 2745 1002 2763 τις
1018 2737 1091 2764 aclcl.
1111 2745 1138 2765 c.
1231 2744 1283 2773 73.
1310 2732 1440 2764 κάδίκως
1457 2733 1502 2764 {12-
1594 2744 1644 2773 74.
1671 2731 1761 2765 aN⁹t
1780 2736 1873 2772 συνή-

281 2775 379 2812 δωμαί
394 2774 481 2807 FN8.
573 2787 624 2817 75.
649 2780 698 2807 F:
723 2778 884 2817 ἀμνηστία
903 2787 931 2809 a.
1025 2779 1076 2816 76.
1101 2780 1155 2808 H:
1180 2777 1395 2817 ἐπιεικεστέρα
1419 2787 1447 2808 a.
1542 2777 1592 2807 καὶ
1617 2778 1719 2818 ταύτῃ
1744 2780 1818 2810 add.
1845 2788 1872 2809 c.

279 2822 335 2850 H:
358 2817 515 2859 γενομένη
533 2829 563 2850 a.
707 2820 829 2861 ταύτην
851 2832 909 2852 om.
929 2831 954 2852 ο.
1090 2831 1140 2872 77.
1167 2820 1267 2859 αὐτὴν
1279 2825 1349 2857 post
1364 2821 1520 2860 ἐπιστόλῃ
1537 2824 1610 2851 add.
1630 2831 1656 2852 c.
1827 2825 1874 2853 F:

280 2862 591 2902 πολυπραγμονούση
607 2873 636 2894 a.
860 2865 911 2894 81.
937 2865 980 2895 ab
999 2875 1007 2894 :
1030 2865 1167 2904 ὠναίμην
1184 2866 1226 2895 H.
1445 2866 1497 2903 83.
1524 2863 1558 2894 32
1570 2864 1809 2896 ινουθετοῦτος
1827 2865 1870 2896 al.

279 2907 331 2944 87.
361 2907 629 2945 δικαιολογεῖσθαι
649 2920 675 2938 c.
779 2918 833 2948 90.
860 2911 904 2938 Fe
920 2919 926 2938 :
951 2907 1055 2947 ὠήθην
1071 2909 1123 2940 ab.
1260 2917 1312 2947 91.
1339 2919 1390 2937 και
1408 2918 1466 2939 om.
1485 2909 1520 2938 d.
1654 2907 1691 2946 δὴ
1707 2919 1748 2940 a:
1773 2909 1830 2947 τῆς
1845 2919 1873 2940 c.

840 3005 892 3034 90.
917 2994 1009 3035 ἔφης]
1036 2995 1098 3034 Ep.
1119 3004 1212 3032 1004.
1241 3004 1289 3033 14.
