1990 3353
311 112 391 148 478
774 108 1027 147 LETTERS
1066 109 1135 147 OF
1173 109 1439 148 ERASMUS
1788 108 1911 163 [1521

311 221 419 270 apud
450 219 784 259 cordatissimum
814 219 995 269 Angliae
1024 221 1179 269 Regem
1209 234 1254 259 ac
1283 220 1653 270 prudentissimam
1683 221 1913 259 foeminam

311 276 525 325 Reginam,
548 276 594 313 vt
622 274 761 323 ipsum
791 274 923 312 etiam
944 273 1185 324 Principem
1215 275 1407 324 puduerit
1436 275 1493 312 sic
1523 275 1688 313 delirari
1717 275 1823 324 apud
1856 288 1909 313 se.

313 330 392 369 Sed
413 329 512 380 quid
532 342 607 379 ego
628 328 777 366 metior
791 328 990 366 harenam
1003 330 1023 368 ἶ)
1062 329 1255 377 Quotidie
1274 329 1431 379 passim
1446 328 1689 367 huiusmodi
1707 330 1914 378 permulta

313 385 584 434 designantur
613 396 636 420 a
665 382 914 432 quibusdam
944 383 1102 421 ordinis
1130 384 1259 422 vestri
1288 383 1501 422 sodalibus
1531 385 1619 422 tam
1653 383 1792 432 stulta,
1826 386 1914 422 tarn

229 449 294 490 640
313 439 586 488 impudentia,
608 438 655 475 vt
684 437 767 475 nisi
793 437 956 486 publice
985 438 1216 476 multorum
1246 437 1376 476 oculis
1406 438 1446 475 et
1477 437 1645 476 auribus
1679 438 1915 487 ingererent

312 494 403 542 ipsi,
427 505 549 530 nemo
569 492 624 530 sit
645 492 832 530 narranti
852 492 1094 530 crediturus.
1154 492 1259 531 Cum
1288 492 1354 530 his
1373 492 1492 530 factis
1518 492 1596 530 sibi
1626 492 1685 541 pii
1703 492 1911 534 videntur.

312 550 353 585 et
381 547 618 596 frequenter
647 546 800 584 adeunt
828 559 985 584 sacram
1014 547 1171 585 Christi
1201 559 1418 593 mensam3
1463 560 1508 584 ac
1538 547 1679 596 postea
1708 547 1918 585 mirantur

311 601 505 639 homines
552 602 604 639 ab
648 614 736 638 sese
782 601 967 647 alienari,
1009 602 1181 649 perinde
1221 601 1337 651 quasi
1375 601 1559 638 mundus
1598 601 1706 638 nihil
1743 601 1914 640 haberet

311 658 471 706 praeter
491 655 643 695 beluas.
703 656 766 693 Ac
785 668 955 705 prorsus
975 655 1033 693 ita
1053 669 1096 693 se
1120 659 1270 704 gerunt
1290 655 1409 704 quasi
1435 654 1587 693 malint
1612 668 1700 693 esse
1720 655 1913 693 formida-

229 717 292 758 645
312 710 417 748 biles
446 710 708 760 improbitate
730 723 854 759 quam
880 709 1084 748 modestia
1114 723 1158 747 ac
1186 709 1338 759 pietate
1369 709 1676 756 commendati3
1707 723 1782 748 nec
1812 710 1915 747 satis

313 765 656 804 animaduertunt
677 777 802 814 quam
823 764 959 802 malus
978 764 1031 802 sit
1052 763 1341 802 diuturnitatis
1361 766 1499 802 custos
1520 766 1668 802 metus.

368 819 446 857 Sed
487 823 533 857 vt
571 818 796 870 aliquando
833 818 1025 856 claudam
1062 818 1266 868 prolixam
1306 818 1541 867 epistolam,
1576 831 1814 868 quanquam
1851 820 1913 856 tot

312 874 447 911 modis
486 874 558 912 abs
596 877 637 913 te
676 886 769 912 sum
816 873 988 910 affectus
1036 873 1301 919 contumelia,
1339 873 1399 910 mi
1438 872 1501 921 N„
1542 874 1687 910 tamen
1723 874 1919 921 expertus

313 928 486 966 Domini
517 928 733 967 lenitatem
767 927 811 964 in
850 941 917 965 me
950 929 1203 976 peccantem,
1236 927 1360 965 illum
1399 940 1473 976 pro
1506 927 1669 965 viribus
1706 927 1914 965 imitabor.

229 989 293 1032 650
312 983 451 1032 Teque
470 983 598 1021 etiam
618 985 743 1032 atque
763 982 890 1019 etiam
910 982 1114 1019 admoneo
1138 981 1362 1031 hortorque
1383 983 1429 1019 vt
1459 981 1613 1019 omisso
1641 980 1917 1019 maledicendi

311 1037 450 1075 studio
471 1037 603 1075 discas
622 1036 1080 1085 benedicere,—parces
1106 1035 1196 1079 tibi,
1219 1049 1360 1085 parces
1391 1035 1529 1073 ordini
1559 1035 1917 1085 tuo,—-magisque

312 1093 473 1140 spectes
499 1092 599 1141 quid
627 1092 753 1129 dictet
779 1090 967 1128 doctrina
988 1090 1154 1135 Christi,
1179 1103 1303 1139 quam
1324 1090 1423 1139 quid
1454 1090 1708 1139 praescribat
1737 1089 1916 1139 Egmon-

313 1146 446 1183 danus
475 1148 718 1196 competet-3
753 1145 849 1194 quid
880 1145 1093 1194 probaturi
1122 1145 1208 1182 sint
1236 1144 1393 1182 cordati
1422 1157 1649 1194 grauesque
1669 1143 1750 1182 viri
1778 1145 1917 1193 potius

313 1213 438 1249 quam
470 1200 568 1249 quid
600 1200 711 1238 inter
740 1200 887 1248 pocula
918 1212 1024 1237 vnus
1054 1201 1128 1237 aut
1157 1199 1262 1236 alter
1294 1199 1514 1248 applausor
1546 1198 1733 1236 eiusdem
1761 1198 1914 1237 farinae

229 1266 291 1306 655
313 1256 563 1303 comprobet.
626 1255 871 1303 Quanquam
907 1254 1030 1291 istam
1064 1254 1304 1291 effrenatam
1338 1253 1505 1303 linguae
1542 1252 1819 1302 petulantiam
1853 1253 1919 1291 de-

312 1311 522 1347 testantur
550 1311 591 1347 et
619 1309 683 1347 tui
711 1309 847 1357 gregis
877 1308 1047 1355 sodales,
1078 1308 1185 1345 mihi
1205 1308 1375 1357 quidem
1405 1320 1553 1356 parum
1584 1307 1686 1345 bene
1714 1307 1914 1353 volentes,

313 1363 386 1401 sed
407 1363 478 1413 qui
507 1364 584 1402 hoc
615 1363 859 1412 intelligunt
888 1363 937 1401 ad
968 1363 1033 1400 sui
1062 1362 1220 1400 ordinis
1249 1362 1425 1400 dedecus
1454 1365 1575 1412 atque
1604 1361 1918 1400 incommodum

312 1418 530 1468 pertinere.

368 1472 457 1522 Ego
486 1486 572 1510 non
602 1474 690 1510 tam
718 1472 872 1510 irascor
899 1471 978 1509 tibi
1006 1485 1131 1520 quam
1163 1471 1387 1509 misereor:
1421 1474 1545 1520 atque
1574 1471 1651 1509 hoc
1681 1471 1815 1521 magis
1843 1471 1920 1508 mi·

230 1538 294 1571 660
313 1539 459 1574 sereor,
479 1527 515 1564 si
535 1527 613 1564 tibi
633 1527 822 1564 nondum
842 1539 885 1564 es
905 1525 1164 1564 miserabilis.
1220 1526 1338 1564 Bona
1358 1539 1454 1574 pars
1473 1525 1620 1563 salutis
1641 1527 1705 1564 est
1725 1525 1917 1563 morbum

314 1594 438 1619 suum
458 1593 686 1630 agnoscere.
748 1581 793 1619 Si
814 1582 963 1618 natura
982 1580 1061 1617 tibi
1082 1579 1250 1629 negauit
1272 1580 1500 1629 ingenium,
1524 1584 1569 1617 vt
1589 1580 1741 1617 euadas
1761 1580 1919 1629 egregie

315 1635 489 1682 doctus;
520 1636 554 1673 si
585 1636 788 1685 linguam,
811 1636 859 1673 vt
893 1635 949 1672 sis
976 1635 1131 1683 probus
1158 1634 1445 1681 concionator3
1476 1634 1512 1672 si
1541 1634 1698 1681 stilum,
1723 1636 1769 1671 vt
1798 1634 1918 1672 libris

314 1690 461 1727 aeditis
489 1703 614 1739 queas
645 1690 736 1727 orbi
763 1689 980 1738 prodesse:
1015 1690 1122 1726 certe
1152 1689 1386 1727 conandum
1406 1691 1452 1726 vt
1472 1688 1700 1726 virbonus
1728 1688 1798 1727 sis.
1857 1691 1919 1727 Ac

314 1743 379 1782 vir
398 1744 533 1782 bonus
559 1758 646 1782 esse
672 1745 807 1792 coepit
827 1743 898 1793 qui
925 1743 1061 1781 malus
1086 1756 1172 1780 esse
1193 1743 1326 1780 desiit.
1387 1743 1520 1780 Malus
1547 1745 1609 1780 est
1630 1743 1701 1792 qui
1728 1742 1921 1791 proximo

234 1813 296 1854 665
317 1797 537 1836 maledicit.
597 1799 671 1836 Bis
709 1799 847 1836 malus
883 1799 946 1835 est
984 1797 1056 1846 qui
1095 1798 1144 1835 de
1182 1797 1287 1835 bene
1325 1800 1512 1835 merente
1551 1797 1649 1834 dicit
1688 1797 1807 1835 male.
1876 1797 1921 1835 Si

316 1853 509 1901 prodesse
538 1866 623 1891 non
652 1854 770 1902 potes
799 1853 850 1890 ob
879 1851 1064 1901 inopiam
1094 1852 1263 1901 ingenii,
1295 1852 1472 1901 linguae,
1496 1852 1716 1898 doctrinae,
1742 1851 1918 1891 consilii.

317 1907 470 1955 iudicii,
502 1908 652 1945 saltem
683 1908 733 1945 da
762 1920 931 1956 operam
960 1919 1013 1944 ne
1042 1919 1167 1955 quem
1196 1906 1344 1944 laedas.
1404 1905 1608 1944 Fortassis
1636 1906 1776 1955 aliqua
1798 1906 1921 1944 venia

317 1961 489 1999 debetur
509 1961 561 1999 iis
581 1962 653 2011 qui
673 1974 769 1999 cum
788 1961 934 1998 multis
953 1961 1088 1998 modis
1108 1960 1522 2010 profuerint,alicubi
1537 1960 1727 1998 dederint
1746 1960 1917 1998 malum.

317 2017 375 2053 At
406 2015 639 2065 deploratae
669 2016 886 2053 cuiusdam
914 2014 1102 2053 maliciae
1131 2017 1210 2061 est,
1230 2028 1325 2052 cum
1353 2014 1468 2052 nulla
1496 2028 1546 2052 ex
1573 2016 1687 2064 parte
1714 2015 1770 2052 sis
1788 2015 1918 2061 vtilis,

235 2087 299 2128 670
318 2072 455 2108 totum
484 2073 679 2108 conatum
710 2073 832 2108 tuum
852 2071 1012 2108 vertere
1040 2069 1087 2106 in
1115 2069 1341 2118 perniciem
1369 2069 1559 2107 aliorum.
1620 2069 1828 2107 Lutherus
1851 2069 1924 2106 ille

287 2159 295 2165 ,
318 2126 389 2161 tuo
410 2124 623 2173 praeconio
646 2125 871 2174 ‘pestilens
885 2123 906 2171 ³,
931 2126 1071 2162 tamen
1098 2124 1173 2162 tibi
1196 2137 1357 2173 quoque
1384 2137 1469 2161 non
1496 2123 1748 2161 mediocrem
1779 2123 1920 2161 attulit

318 2178 556 2217 vtilitatem.
616 2179 792 2217 Coactus
812 2192 856 2216 es
885 2177 999 2216 illius
1026 2177 1154 2215 libros
1181 2178 1324 2228 legere,
1348 2191 1369 2214 e
1390 2178 1543 2227 quibus
1568 2191 1652 2215 non
1673 2190 1800 2227 pauca
1819 2177 1921 2216 didi-

319 2233 434 2279 cisti;
469 2234 632 2271 coactus
662 2247 706 2271 es
735 2235 775 2271 et
804 2234 993 2271 veterum
1022 2234 1214 2270 autorum
1244 2232 1399 2282 aliquid
1427 2231 1640 2282 attingere.
1702 2231 1784 2270 Per
1808 2232 1921 2270 hunc

319 2287 501 2325 mundus
522 2288 716 2336 cognouit
738 2287 901 2325 Silenos
926 2287 1028 2325 istos
1055 2287 1253 2334 inuersos,
1277 2286 1348 2336 qui
1367 2286 1618 2324 videbantur
1643 2299 1732 2325 esse
1753 2287 1921 2335 pietatis

236 2358 298 2399 67⁸³
320 2341 540 2390 columina,
564 2342 636 2391 qui
662 2342 913 2379 videbantur
940 2341 1050 2379 nihil
1078 2341 1246 2388 nescire,
1279 2353 1374 2378 cum
1403 2341 1454 2378 ab
1475 2343 1650 2390 vtroque
1679 2340 1923 2390 longissime

283 2390 290 2398 “
319 2395 521 2434 abessent.
592 2397 733 2445 Atque
761 2398 807 2433 vt
836 2397 925 2433 ioco
953 2408 1049 2433 vera
1079 2395 1233 2444 loquar,
1266 2394 1414 2432 multis
1442 2395 1681 2433 conciliauit
1710 2395 1921 2432 fortunam

281 2490 288 2498 .
319 2449 568 2497 lautiorem3
610 2463 750 2499 speras
778 2452 818 2487 et
847 2450 934 2499 ipse
963 2450 1136 2487 fortasse
1165 2449 1368 2487 mitellam
1398 2448 1592 2499 aliquam,
1616 2449 1924 2488 vociferationis

320 2506 415 2540 tuae
444 2504 685 2553 praemium.
748 2504 884 2542 Debes
913 2504 1110 2541 nonnihil
1140 2506 1181 2541 et
1214 2503 1514 2553 ‘pestilentiori
1538 2503 1749 2542 Erasmo’.
1810 2503 1922 2541 Dum

322 2557 447 2595 huius
481 2558 610 2596 libros
643 2559 782 2596 studio
816 2558 1010 2607 carpendi
1037 2558 1186 2604 voluis,
1222 2558 1436 2595 correxisti
1470 2558 1667 2596 nonnihil
1701 2556 1921 2595 infantiam

239 2628 303 2660 680
323 2613 450 2658 tuam,
475 2625 610 2661 neque
629 2626 758 2661 pauca
779 2612 962 2651 didicisti
981 2625 1085 2662 quae
1114 2614 1153 2650 te
1179 2612 1405 2662 fugiebant,
1428 2612 1658 2662 quamlibet
1677 2611 1922 2660 Magistrum

322 2668 524 2703 nostrum.

367 2821 441 2859 648.
471 2821 510 2851 N.
530 2824 572 2851 F:
601 2822 761 2852 Buccnta
777 2825 819 2853 H.
956 2823 1030 2862 652.
1058 2823 1169 2853 dictet
1187 2826 1232 2853 F:
1259 2822 1361 2853 docet
1377 2826 1420 2854 II.
1555 2824 1630 2855 668.
1655 2822 1833 2854 dederunt
1848 2825 1894 2854 H.

367 2932 440 2969 671.
471 2931 656 2969 pestilens]
674 2931 725 2961 Cf.
745 2931 767 2962 Ι.
785 2933 860 2970 516.
1202 2933 1277 2970 676.
1304 2932 1524 2972 conciliauit]
1561 2943 1602 2964 sc.
1642 2933 1840 2966 Lutherus:
1865 2932 1906 2964 cf.

367 2976 441 3013 674.
467 2974 618 3014 Silenos]
636 2974 686 3004 Cf.
706 2977 809 3013 Adczy.
830 2986 926 3006 2201.
1159 2975 1222 3015 Ep.
1247 2985 1326 3015 1397
1338 2979 1398 3012 fin.
