1990 3353
336 156 418 196 230
806 156 1059 196 LETTERS
1097 156 1167 195 OF
1203 156 1469 196 ERASMUS
1807 154 1847 210 [1
1857 167 1935 205 520

336 267 492 304 ratores
513 266 735 305 histriones
761 265 881 304 feriat
906 264 1080 304 foedera.
1137 265 1196 304 Vt
1221 266 1465 305 dimicantes
1489 266 1680 316 producit
1705 267 1749 305 in
1774 279 1930 317 prosce-

336 319 468 367 nium,
506 320 726 359 bellatores
758 320 803 358 in
836 319 1110 370 palaestram!
1154 320 1332 370 denique
1368 321 1472 359 scita
1510 323 1668 372 ἐπιμονῇ
1704 325 1792 360 tam
1824 320 1930 360 belle

334 374 519 423 persistit
552 374 596 412 in
630 374 884 424 metaphora,
914 375 961 411 vt
994 373 1038 412 in
1069 374 1203 412 tribus
1238 375 1323 412 fere
1359 375 1548 414 versibus
1585 375 1774 415 conficiat
1810 374 1932 414 nobis

253 445 270 476 5
278 444 289 466 1
297 446 315 477 5
336 428 851 478 comicotragicopolemon.

392 482 509 530 Quod
542 483 593 521 ad
626 483 703 521 1100
737 483 882 521 foedus
913 481 1075 530 attinet,
1113 482 1284 521 Erasme
1322 483 1573 532 charissime,
1610 482 1698 522 noli
1734 482 1941 522 laborare.

337 536 481 586 Neque
511 538 623 575 enim
652 540 738 575 tam
769 537 916 587 ingens
946 536 1078 575 instat
1106 536 1166 574 rei
1194 536 1400 576 literariae
1427 538 1668 587 periculum,
1702 538 1738 576 si
1766 550 1931 586 congre-

337 590 506 629 diantur
525 591 623 629 hinc
643 591 796 639 Morus,
821 591 1043 630 homuncio
1062 591 1324 641 perpusillus,
1346 592 1444 630 hinc
1469 605 1668 642 generosa
1687 591 1761 630 illa
1779 591 1928 641 palma,

336 645 475 693 palma
500 658 585 683 non
611 646 732 684 altior
756 659 850 693 vna,
870 646 1050 692 Brixius,
1072 647 1118 683 vt
1144 646 1320 684 Erasmo
1347 646 1404 684 sit
1423 659 1526 696 opus
1545 649 1660 697 patre
1679 647 1840 696 patrato
1859 646 1930 696 qui

251 711 316 742 520
336 699 456 737 faciat
476 712 619 749 pacem
637 715 645 739 :
675 700 757 739 nisi
778 700 993 739 literarum
1013 712 1203 750 proceres
1221 699 1417 738 similiter
1441 701 1607 739 affectos
1633 700 1778 738 reddat
1804 700 1933 738 huius

336 753 463 791 duelli
476 767 583 801 cura,
599 755 805 804 quomodo
817 755 925 804 apud
942 755 1179 794 Homerum
1195 753 1393 793 sollicitos
1407 754 1531 793 habet
1545 768 1715 804 superos
1728 754 1931 803 Giganteo

334 806 444 846 bello
463 807 766 847 formidabilior
785 809 857 847 illa
874 809 1251 860 βατραχομυομαχία.
1313 808 1421 847 Nam
1441 809 1552 859 quod
1576 822 1644 848 me
1669 808 1817 848 scribis
1842 821 1931 847 esse

334 861 451 900 illius
485 876 623 901 amore
662 863 971 913 dignissimum,
1005 866 1122 901 tuam
1157 862 1387 901 bonitatem
1421 876 1607 912 agnosco,
1643 862 1715 913 qui
1746 862 1931 913 vndique

334 917 476 955 studes
496 918 598 966 paci.
657 919 815 957 Verum
835 931 921 968 ego,
945 917 1005 956 mi
1026 918 1205 963 Erasme,
1228 930 1296 955 me
1316 917 1391 956 tali
1418 930 1504 956 non
1530 917 1679 967 dignor
1705 917 1861 956 honore
1883 922 1931 956 vt

252 982 314 1013 525
334 969 444 1008 inter
463 971 618 1010 amicos
639 972 814 1021 satrapis
833 975 920 1010 tam
940 971 1125 1022 potentis
1144 972 1417 1010 adnumerer:
1446 971 1564 1010 cuius
1583 984 1695 1010 1111110
1720 974 1931 1021 vtcunque

334 1025 529 1075 respondi
549 1027 784 1075 Antimoro,
808 1039 893 1065 non
913 1028 976 1065 sat
995 1027 1169 1064 fortasse
1190 1028 1427 1064 reuerenter
1452 1039 1525 1075 pro
1544 1028 1662 1065 tanta
1680 1025 1759 1064 viri
1787 1026 1930 1075 digna-

333 1079 463 1128 tione,
493 1080 564 1118 sed
596 1093 668 1130 pro
698 1094 741 1119 re
771 1083 890 1129 certe,
922 1082 969 1120 vt
999 1082 1170 1118 censent
1203 1080 1288 1129 alii,
1321 1080 1449 1119 nimis
1481 1081 1696 1131 aliquanto
1728 1079 1926 1119 modeste.

333 1132 397 1171 Tu
430 1147 539 1181 vero,
575 1135 635 1172 mi
668 1135 849 1182 Erasme,
887 1135 986 1185 quid
1020 1134 1187 1181 sentias,
1225 1134 1345 1184 cupio
1379 1134 1493 1173 scire.
1555 1135 1662 1173 Nam
1700 1134 1807 1185 quod
1841 1135 1930 1172 tam

333 1201 502 1237 propere
532 1189 674 1227 curaui
703 1189 944 1228 excudenda
972 1202 1076 1239 quae
1106 1189 1262 1238 scripsi,
1294 1202 1397 1239 quae
1424 1188 1560 1227 tutius
1592 1189 1767 1228 fortasse
1795 1189 1930 1227 suerat

249 1252 316 1284 530
335 1255 408 1291 per
436 1242 571 1280 ocium
601 1243 743 1292 polire,
776 1243 1021 1294 praesertim
1050 1242 1281 1282 obiicienda
1308 1246 1395 1282 tam
1426 1243 1588 1281 oculato
1617 1243 1790 1290 aemulo,
1815 1243 1863 1282 vt
1889 1245 1931 1281 et

334 1295 394 1334 ibi
428 1299 569 1334 cernat
604 1298 804 1336 mendum
837 1298 910 1337 vbi
947 1297 1149 1336 mendum
1182 1311 1267 1335 non
1301 1300 1384 1335 est:
1428 1298 1558 1336 malui
1592 1298 1631 1336 ei
1669 1310 1761 1336 ossa
1798 1297 1932 1336 multa

334 1350 566 1401 relinquere
594 1351 639 1389 in
669 1351 820 1401 quibus
847 1354 1033 1391 exerceat
1063 1352 1214 1398 dentes,
1246 1352 1403 1401 fatiget,
1435 1354 1508 1390 aut
1541 1352 1706 1401 frangat
1739 1351 1929 1402 denique,

334 1417 460 1454 quam
494 1405 600 1443 mihi
633 1406 703 1444 diu
741 1406 896 1445 talibus
934 1407 1057 1456 nugis
1095 1419 1290 1455 occupare
1327 1408 1481 1456 pectus.
1543 1407 1599 1444 Et
1631 1406 1812 1456 profecto
1846 1418 1931 1444 11011

333 1459 508 1497 fuissem
536 1462 625 1497 tam
654 1461 850 1499 insanum
879 1461 1072 1499 libellum
1102 1473 1297 1510 responso
1333 1461 1580 1510 dignaturus
1612 1461 1715 1507 vllo,
1744 1461 1790 1498 ni
1824 1459 1932 1498 mihi

252 1523 313 1555 535
332 1513 471 1551 visum
491 1517 598 1552 esset
618 1515 847 1553 amicorum
867 1514 1127 1565 quorundam
1147 1515 1425 1553 obsecundare
1446 1514 1642 1562 consiliis,
1665 1514 1933 1553 suadentium

333 1570 379 1605 vt
399 1580 467 1605 me
486 1570 623 1606 tuerer
647 1569 845 1608 aduersus
870 1570 1056 1607 hominis
1081 1569 1399 1608 absurdissimas
1427 1569 1664 1607 calumnias.
1726 1569 1838 1617 Quae
1866 1581 1931 1606 res

332 1635 416 1660 vna
441 1622 549 1660 mihi
575 1636 724 1673 scopus
748 1624 838 1671 fuit,
862 1637 946 1662 non
973 1626 1228 1662 commutare
1254 1623 1446 1671 conuitia,
1468 1636 1513 1661 ac
1541 1624 1653 1673 paria
1677 1623 1860 1661 vicissim
1887 1623 1933 1661 in

333 1675 456 1714 illum
476 1689 677 1726 spargere.
724 1677 908 1728 Alioqui,
931 1678 966 1716 si
986 1678 1225 1717 statuissem
1245 1691 1329 1716 11011
1350 1677 1654 1727 respiciendum
1674 1678 1813 1727 potius
1833 1676 1931 1727 quid

334 1743 401 1768 me
429 1730 591 1769 deceret
617 1731 750 1770 dicere
770 1745 894 1781 quam
915 1732 1013 1782 quid
1033 1732 1157 1770 illum
1184 1731 1457 1770 conueniebat
1483 1732 1635 1779 audire,
1660 1730 1933 1782 quantumuis

249 1794 314 1827 540
334 1785 553 1834 magnifice
591 1799 733 1824 meum
771 1788 1012 1825 contemnat
1050 1787 1196 1826 stilum
1237 1786 1416 1832 Brixius,
1459 1788 1659 1836 tanquam
1703 1785 1928 1832 imbellem,

334 1851 541 1887 eneruem,
562 1840 748 1890 nihilque
769 1841 1001 1879 masculum
1019 1855 1028 1888 ;
1057 1841 1282 1879 effecissem
1302 1841 1451 1879 saltem
1466 1842 1511 1879 vt
1532 1841 1785 1890 intelligeret
1805 1853 1931 1890 quam

330 1906 453 1932 verus
472 1894 527 1932 sit
548 1894 616 1932 1110
637 1894 815 1932 Nasonis
834 1908 990 1943 versus,

664 1965 718 2004 In
746 1978 867 2004 causa
893 1965 1007 2005 facili
1034 1966 1168 2005 cuiuis
1196 1964 1295 2004 licet
1323 1977 1411 2004 esse
1441 1964 1656 2003 disertum.

388 2034 509 2073 Nunc
539 2049 637 2075 vero
667 2049 797 2086 quum
826 2036 899 2075 ille
927 2050 1013 2075 non
1041 2036 1087 2075 111
1117 2037 1335 2086 ingenium
1364 2038 1531 2075 tantum
1565 2049 1612 2075 ac
1644 2049 1780 2075 mores
1814 2049 1930 2075 meos

249 2100 311 2132 545
333 2088 606 2128 debacchatus
636 2091 701 2138 sit,
732 2092 1005 2130 verumetiam
1040 2091 1085 2129 in
1114 2091 1341 2141 perniciem
1370 2104 1518 2138 meam,
1551 2090 1685 2140 quoad
1718 2090 1808 2129 eius
1839 2090 1930 2128 fieri

332 2144 479 2192 potuit,
504 2144 558 2182 sit
579 2146 787 2195 grassatus
804 2159 815 2193 3
848 2144 894 2183 in
919 2145 1052 2184 literis
1071 2159 1168 2184 vero
1188 2145 1233 2184 111
1260 2158 1327 2183 1110
1354 2145 1463 2183 nihil
1490 2145 1695 2184 intactum
1713 2144 1928 2194 reliquerit

333 2198 441 2248 quod
471 2211 556 2236 non
585 2199 801 2238 arroserit:
840 2213 915 2249 ego
945 2202 1086 2238 contra
1114 2199 1224 2238 nihil
1251 2199 1369 2237 illius
1397 2199 1518 2249 attigi
1547 2201 1706 2260 praeter
1734 2199 1806 2237 illa
1839 2199 1928 2248 ipsa

331 2251 560 2301 volumina,
594 2253 742 2303 quibus
771 2255 841 2292 aut
875 2256 962 2304 ipse
994 2256 1110 2304 petor
1139 2256 1211 2292 aut
1244 2253 1389 2304 patria.
1460 2253 1514 2291 In
1547 2253 1794 2292 vniuersum
1828 2266 1926 2292 vero

332 2306 431 2355 quid
460 2309 664 2356 praestare
693 2309 837 2357 possit,
868 2321 1002 2358 neque
1032 2307 1261 2358 pronuncio
1290 2320 1423 2357 neque
1455 2307 1628 2347 excutio.
1688 2307 1780 2346 Scio
1813 2307 1927 2345 enim

246 2371 313 2404 550
331 2373 456 2410 quam
489 2361 580 2399 leue
612 2362 777 2411 pondus
810 2362 1055 2400 habiturum
1088 2362 1144 2400 sit
1177 2362 1228 2400 de
1265 2361 1338 2400 illo
1375 2361 1575 2400 iudicium
1609 2375 1775 2409 meum;
1818 2361 1926 2411 quod

330 2416 472 2453 tamen
492 2415 726 2454 etiamnum
746 2416 881 2466 magis
900 2416 1129 2467 benignum
1152 2419 1213 2454 est
1239 2415 1285 2454 in
1311 2415 1432 2454 illum
1460 2429 1585 2466 quam
1611 2416 1666 2454 sit
1692 2416 1926 2454 multorum

374 2522 448 2552 519.
476 2512 641 2543 altiorem
635 2517 722 2554 zipsi,
742 2516 779 2551 cf.
796 2517 887 2546 Lucr.
905 2525 935 2553 4
952 2525 1025 2554 414,
1044 2518 1116 2546 Jut.
1140 2523 1188 2552 13.
1213 2522 1295 2552 173:
1319 2513 1426 2544 aliter
1442 2525 1471 2544 α
1672 2523 1746 2553 524.
1773 2513 1838 2543 tali
1857 2522 1929 2543 non

329 2559 443 2595 Jortin,
458 2559 568 2592 infime
584 2567 645 2586 7e11
640 2568 697 2589 775
717 2560 754 2588 cr.
777 2561 865 2596 Ve79.
880 2562 961 2589 Aen.
983 2569 1009 2588 1.
1029 2568 1113 2597 335:
1138 2560 1213 2589 tam
1230 2569 1261 2587 α.
1449 2558 1523 2596 546.
1552 2567 1607 2587 1110
1624 2559 1755 2593 scripsi:
1780 2560 1824 2587 esi
1842 2568 1872 2587 α.

374 2645 447 2683 518.
476 2644 611 2686 palma]
639 2646 683 2676 In
705 2655 801 2676 some
818 2656 935 2677 verses
951 2645 1094 2685 preced-
1165 2654 1294 2685 magna
1319 2646 1475 2685 pondera
1501 2647 1662 2686 imponas
1687 2655 1726 2675 ac
1752 2647 1826 2675 tam
1854 2655 1929 2685 gra-

331 2689 393 2728 ing
423 2688 485 2718 the
511 2691 707 2728 Anmncras,
738 2690 778 2721 1'0.
804 2688 851 2720 A4
874 2693 924 2729 νο,
950 2690 1095 2720 Brixius
1164 2689 1260 2719 uiter
1283 2699 1406 2729 vrgeas
1431 2699 1626 2728 oneresque
1653 2691 1692 2719 vt
1719 2689 1929 2728 magnitudo

329 2731 401 2762 had
418 2732 589 2762 written:
1164 2733 1282 2763 oneris·
1302 2733 1475 2763 sustineri
1499 2743 1569 2763 non
1595 2734 1712 2771 queat,
1732 2742 1804 2762 non
1828 2732 1929 2763 deor-

373 2775 421 2806 Vt
453 2775 483 2805 si
514 2776 671 2814 palmum
710 2786 835 2807 oneres
870 2786 1090 2817 premasque,
1162 2785 1241 2805 sunl
1259 2776 1378 2815 palma
1394 2776 1488 2806 cedit
1502 2786 1565 2806 1100
1579 2776 1673 2806 infra
1686 2775 1853 2814 flectitur,
1868 2775 1929 2806 sed

418 2820 541 2848 contra
1161 2819 1333 2850 aduersus
1363 2820 1502 2859 pondus
1534 2820 1698 2859 resurgit,
1727 2821 1763 2850 et
1787 2819 1929 2850 sursum

373 2861 471 2892 Hace
495 2862 673 2892 obnititur
695 2863 870 2902 altiorque
895 2864 1018 2903 surgit.
1163 2863 1295 2893 nititur
1312 2866 1593 2901 recuruaturque
1607 2864 1627 2894 ’.
1664 2862 1759 2893 More
1772 2872 1852 2893 uses
1866 2862 1928 2893 the

330 2904 382 2936 Cf.
402 2908 506 2943 Δάας.
525 2916 600 2944 204,
625 2906 739 2945 citing
763 2907 853 2937 Gcll.
877 2917 906 2945 3.
933 2909 976 2937 6:
1004 2907 1092 2937 ‘Ar-
1161 2916 1257 2936 samo
1275 2906 1385 2945 figure
1404 2908 1441 2936 in
1459 2907 1516 2937 his
1540 2908 1676 2943 Epistola
1699 2908 1742 2936 <td
1764 2908 1928 2943 Bm'xium,

330 2949 406 2979 bori
424 2949 563 2988 palmae
582 2950 757 2988 peculiare
772 2950 943 2989 quiddam
962 2951 1088 2989 inesse,
1161 2949 1200 2980 f0.
1220 2949 1246 2980 f*
1262 2953 1310 2980 v0.

330 2993 423 3031 quod
456 3002 537 3023 011111
569 2994 716 3032 ingenio
747 2993 895 3024 fortium
931 2995 1091 3024 virorum
1203 3002 1277 3032 522.
1307 2992 1447 3034 Scribis]
1475 2993 1537 3032 Ep.
1555 2993 1629 3023 620.
1648 3001 1734 3032 32,3.

329 3037 530 3067 conueniat.
581 3036 671 3067 Nam
690 3038 718 3066 si
737 3046 841 3076 super
856 3038 933 3067 eius
952 3037 1089 3077 lignum
1202 3046 1276 3075 542.
1305 3036 1470 3077 Nasonis]
1498 3039 1545 3067 Tr.
1567 3045 1597 3075 3.
1621 3046 1668 3067 11.
1690 3046 1739 3066 21.
