1990 3353
72 130 192 185 1170]
517 132 587 171 ΤΟ
625 128 897 169 LEONARD
937 129 1226 170 PRICCARD
1592 131 1671 169 415

67 243 267 282 aduersus
306 241 657 281 calumniatorum
695 251 861 278 morsus
900 238 1065 277 nullum
1106 241 1168 277 est
1209 239 1454 277 remedium.
1532 240 1672 279 Audio
1693 256 1710 286 5

66 296 309 346 theologum
341 296 548 346 quendam
580 294 706 333 isthic
729 295 849 332 vetus
874 291 991 331 vlcus
1022 293 1269 341 refricuisse,
1297 293 1384 332 imo
1413 306 1463 331 ex
1495 292 1673 332 obducta

67 351 257 390 cicatrice
284 364 409 400 graue
432 350 587 388 vulnus
613 348 769 386 fecisse.
829 346 905 385 Ait
934 360 1007 396 per
1035 361 1103 385 me
1129 348 1286 386 factum
1315 349 1363 386 vt
1391 348 1454 386 tui
1484 348 1673 386 canonici

66 405 281 444 rideantur
299 405 343 443 in
368 403 523 443 scholis
546 404 597 442 ob
624 401 846 452 epistolam
874 401 1083 451 quandam
1110 402 1161 440 ad
1192 401 1372 440 Beatum
1402 401 1667 440 Rhenanum.

67 460 261 498 Primum
295 459 402 509 quod
436 458 485 496 ad
520 458 711 496 animum
745 456 908 502 attinet,
943 455 1052 494 nihil
1085 469 1270 506 vnquam
1305 456 1446 494 minus
1479 457 1595 494 venit
1627 457 1673 495 in

67 517 254 553 mentem
284 526 409 564 quam
438 515 484 551 vt
512 511 666 550 talibus
694 510 797 549 viris
826 509 978 560 quibus
1005 523 1080 559 ego
1110 510 1341 560 plurimum
1372 510 1511 557 debeo,
1544 510 1673 549 vllam
1696 526 1735 548 10

70 567 238 619 scriptis
267 567 372 606 meis
401 569 545 605 notam
574 566 812 611 inurerem3
844 564 930 602 imo
959 563 1068 602 nihil
1098 567 1363 603 recusaturus
1392 578 1497 611 sum,
1528 565 1564 603 si
1593 579 1673 615 quo

71 622 202 661 officio
234 621 393 672 possim
427 620 512 659 illis
546 620 612 659 vel
646 620 892 657 ornamento
926 631 1013 657 esse
1047 618 1115 656 vel
1148 619 1254 657 vsui.
1316 619 1424 667 Quid
1458 619 1572 658 enim
1606 633 1673 658 me

68 676 194 716 fuerit
231 677 277 714 in
316 675 413 714 orbe
449 677 655 713 terrarum
691 672 976 721 inhumanius,
1018 672 1054 710 si
1091 686 1166 723 pro
1205 686 1371 712 summa
1408 673 1672 712 humanitate

68 744 265 782 reponere
292 730 517 768 voluissem
546 727 858 779 ignominiam?

123 785 217 823 Hoc
237 785 287 823 de
307 797 400 823 meo
420 783 560 822 animo
575 796 670 821 cum
692 782 840 832 primis
858 783 1060 820 testatum
1080 794 1167 819 esse
1187 781 1293 821 volo·
1353 781 1445 820 Iam
1471 782 1570 832 quid
1597 784 1671 830 est,
1696 796 1733 828 15

69 839 246 887 obsecro,
270 839 315 877 in
343 838 432 888 ipsa
458 851 501 876 re
527 837 637 887 quod
664 836 835 875 illorum
861 835 1025 874 minuat
1052 835 1333 885 dignitatem?
1388 837 1459 874 An
1489 836 1599 886 quod
1629 836 1674 874 in

67 894 248 932 multam
261 895 428 931 noctem
440 892 689 942 productum
704 892 767 929 est
778 890 1049 929 conuiuium?
1082 889 1294 928 Nimirum
1307 903 1397 928 sero
1410 903 1676 940 coeperamus

69 948 320 995 accumbere,
346 949 387 985 et
416 947 493 985 hoc
522 946 662 996 ipsum
691 945 969 984 humanitatis
997 946 1095 993 erat,
1118 945 1226 995 quod
1255 957 1347 983 mea
1376 957 1498 983 causa
1520 945 1676 984 vocatis

67 1002 237 1052 aliquot,
255 1001 469 1040 reddidere
485 1000 727 1039 conuiuium
747 999 963 1050 prolixius.
1014 998 1100 1037 Nec
1119 999 1234 1037 enim
1257 999 1337 1037 fuit
1357 998 1443 1037 illic
1462 999 1550 1038 vlla
1571 1012 1676 1038 com-

67 1057 234 1107 potatio,
258 1070 393 1106 neque
418 1055 639 1105 quisquam
666 1055 855 1093 omnium
882 1067 967 1092 non
993 1053 1135 1092 minus
1163 1055 1288 1103 potus
1315 1055 1404 1091 erat
1432 1067 1556 1103 quam
1587 1067 1672 1103 ego.
1698 1068 1738 1091 20

69 1111 200 1150 Porro
221 1110 328 1161 quod
350 1110 541 1149 Decanus
561 1123 627 1148 me
650 1109 924 1147 reluctantem
951 1122 998 1146 eo
1026 1108 1237 1158 pertraxit,
1264 1107 1362 1156 quid
1391 1107 1502 1146 aliud
1531 1108 1676 1147 incuso

68 1179 194 1216 quam
206 1165 323 1203 illius
335 1164 545 1214 insignem
557 1163 866 1202 humanitatem
878 1164 898 1201 ⁶?
937 1163 1005 1201 Sic
1021 1164 1063 1201 et
1078 1162 1158 1201 duo
1175 1162 1367 1212 discipuli
1383 1162 1677 1212 compulerunt

69 1220 213 1259 Iesum
233 1221 280 1257 vt
300 1219 407 1269 apud
428 1232 471 1257 se
490 1219 778 1256 diuersaretur.

125 1274 233 1322 Quid
254 1277 395 1312 autem
419 1273 558 1322 probri
584 1272 835 1322 impingitur
853 1272 1202 1321 Vicepraeposito,
1227 1272 1263 1309 si
1291 1284 1421 1320 quum
1448 1273 1675 1321 tempestas

69 1330 227 1367 arceret
246 1328 468 1378 piscatores
488 1341 511 1366 a
530 1327 740 1377 piscando,
764 1326 874 1364 nihil
895 1330 983 1364 erat
1001 1326 1047 1364 in
1067 1325 1263 1364 conuiuio
1283 1327 1445 1375 praeter
1468 1325 1675 1376 anguillas
1698 1338 1736 1369 25

69 1384 110 1421 et
130 1383 287 1432 piscem
301 1384 426 1421 vento
448 1382 643 1420 duratum
657 1382 677 1420 ἵ)
721 1381 846 1429 Quasi
866 1380 1023 1419 Romae
1044 1394 1126 1419 non
1147 1380 1258 1418 idem
1277 1380 1433 1418 accidat
1453 1380 1677 1429 aliquando

71 1437 249 1476 summis
271 1436 564 1475 cardinalibus.
625 1436 681 1473 Et
710 1437 852 1474 tamen
880 1435 958 1473 hoc
987 1435 1097 1484 pisce
1126 1435 1274 1472 durato
1304 1436 1454 1473 natura
1483 1435 1673 1473 delector.

69 1491 202 1530 Porro
223 1492 330 1541 quod
351 1491 536 1529 admixta
558 1490 714 1528 fuerint
740 1490 943 1539 quaedam
969 1489 1202 1539 fragmenta
1231 1502 1316 1527 non
1346 1490 1447 1527 satis
1477 1492 1674 1538 percocta,

70 1546 176 1584 illud
189 1545 426 1595 suspicabar
438 1558 526 1583 esse
540 1544 648 1594 quod
665 1543 905 1582 affluxerint
917 1544 1056 1593 plures
1069 1543 1269 1582 conuiuae
1283 1556 1405 1593 quam
1420 1543 1672 1592 expectabat.

71 1600 190 1639 Certe
201 1599 562 1649 Vicepraepositus
577 1599 649 1637 ille
662 1599 779 1636 visus
791 1600 854 1637 est
867 1598 1033 1636 iuuenis
1046 1597 1248 1648 singulari
1260 1597 1472 1647 praeditus
1488 1597 1678 1636 humani·
1697 1611 1738 1641 30

71 1656 155 1693 tate
188 1654 391 1704 planeque
421 1654 595 1692 sobrius.
667 1652 856 1702 Denique
887 1652 957 1690 vix
987 1665 1172 1702 vnquam
1203 1652 1332 1690 incidi
1363 1652 1408 1690 in
1438 1652 1680 1690 sodalitium

71 1708 179 1760 quod
208 1709 315 1747 mihi
348 1708 481 1758 magis
514 1708 723 1747 arrisisset
755 1707 790 1745 si
823 1706 1062 1745 valuissem.
1122 1706 1230 1755 Quid
1264 1708 1406 1745 autem
1439 1706 1681 1745 scommatis

71 1776 160 1802 esse
193 1763 360 1801 videtur
396 1762 442 1800 in
479 1762 695 1801 mentione
733 1761 925 1812 periodi?
987 1761 1112 1810 Quasi
1150 1774 1236 1800 non
1274 1761 1311 1799 is
1347 1774 1440 1799 mos
1477 1761 1533 1799 sit
1570 1761 1679 1810 apud

71 1818 291 1868 plerosque
326 1816 544 1855 canonicos
577 1816 726 1855 multis
760 1816 1004 1854 nominibus
1037 1816 1280 1862 laudandus,
1315 1817 1362 1853 vt
1395 1815 1601 1854 conuiuiis
1634 1815 1679 1853 in

74 1872 217 1910 orbem
239 1871 341 1910 actis
360 1871 544 1910 inuicem
564 1871 725 1921 agitent
744 1870 935 1909 sodalitia
951 1884 961 1918 ;
984 1870 1052 1908 vel
1068 1870 1120 1908 ob
1135 1870 1351 1909 vitandam
1369 1870 1680 1919 prophanorum
1699 1884 1715 1915 3
1721 1885 1737 1916 5

72 1926 433 1973 consuetudinem,
457 1939 509 1964 ne
529 1925 794 1964 familiaritas
813 1925 947 1975 pariat
967 1926 1267 1974 contemptum,
1291 1924 1359 1962 vel
1378 1924 1429 1962 ob
1450 1927 1680 1974 temperan-

74 1982 175 2019 dum
207 1982 439 2030 sumptum,
471 1981 544 2030 qui
572 1980 712 2018 minor
739 1982 802 2018 est
831 1979 901 2018 vbi
929 1980 1070 2029 plures
1097 1979 1366 2017 conueniunt.
1427 1978 1482 2016 Et
1511 1978 1680 2017 interim

75 2034 248 2074 discitur
273 2034 430 2085 aliquid
459 2035 503 2073 in
530 2034 749 2082 conuiuiis,
773 2036 975 2072 tractatur
999 2033 1154 2084 aliquid
1181 2032 1352 2083 negocii,
1376 2046 1681 2083 nonnunquam

73 2089 340 2139 corriguntur
376 2091 418 2127 et
455 2091 589 2128 errata
626 2089 839 2138 quaedam.
916 2088 1036 2127 Vnde
1078 2090 1120 2126 et
1158 2087 1293 2136 Plato,
1334 2087 1681 2137 philosophorum

74 2143 376 2190 seuerissimus,
416 2144 561 2193 probat
608 2142 850 2182 huiusmodi
897 2142 1309 2192 compotatiunculas,
1352 2155 1427 2180 nec
1473 2142 1682 2191 improbat
1698 2158 1740 2189 40

74 2198 201 2236 etiam
238 2197 582 2236 inuitatiunculas
612 2211 662 2236 ex
701 2210 816 2235 more
855 2197 1108 2236 Graecorum
1147 2197 1197 2236 ad
1236 2195 1393 2246 largius
1435 2195 1678 2243 bibendum,

75 2253 198 2291 modo
218 2265 269 2290 ne
289 2254 571 2302 praetereatur
590 2253 737 2291 πάντων
755 2252 890 2301 μέτρον
909 2250 1075 2302 ἄριστον.

131 2307 265 2355 Quare
285 2309 325 2345 te
345 2319 456 2356 rogo,
471 2306 532 2344 mi
549 2307 771 2354 Leonarde‚
788 2308 835 2345 vt
850 2307 958 2356 quod
980 2306 1048 2344 ille
1070 2305 1326 2356 sycophanta
1346 2305 1455 2343 male
1475 2304 1682 2343 narrando

77 2360 329 2411 deprauauit,
353 2362 399 2399 tu
420 2361 525 2399 bene
544 2361 856 2411 interpretando
876 2360 1056 2410 corrigas
1074 2374 1082 2407 ;
1106 2373 1151 2399 ac
1168 2373 1261 2398 meo
1275 2360 1447 2398 nomine
1462 2359 1683 2409 promittas

76 2414 259 2454 dominis
280 2415 383 2453 meis
404 2415 600 2465 quicquid
621 2415 672 2454 ab
700 2415 872 2453 homine
899 2415 1076 2453 memori
1104 2418 1145 2452 et
1170 2416 1288 2463 grato
1316 2413 1437 2452 debet
1463 2414 1681 2463 expectari.
1698 2431 1739 2462 45

77 2469 195 2518 Quod
217 2469 252 2507 si
267 2469 462 2508 diffidunt
478 2469 601 2508 dictis
615 2469 732 2518 meis,
748 2469 905 2508 faciant
920 2471 963 2508 in
980 2483 1023 2507 re
1039 2468 1283 2519 periculum.
1330 2467 1449 2506 Nihil
1466 2468 1679 2518 refugiam,

75 2523 240 2562 etiamsi
269 2536 334 2561 res
363 2524 418 2562 sit
447 2523 590 2573 magni
618 2524 782 2562 laboris.
843 2524 987 2562 Saluta
1015 2523 1122 2562 mihi
1150 2522 1398 2562 Vlattenum
1426 2535 1473 2562 ac
1502 2524 1683 2561 caeteros

76 2590 233 2616 omneS.
291 2576 482 2626 Louanii,
504 2580 631 2617 Anno
653 2581 675 2618 †
692 2591 734 2616 M.
753 2591 794 2617 D.
811 2591 917 2617 xvn.

121 2715 153 2745 8.
179 2711 385 2754 epistolam]
403 2712 468 2752 Ep.
483 2712 560 2751 867.
959 2722 1009 2749 24.
1050 2710 1355 2752 Vicepraeposito]
1395 2711 1459 2742 See
1499 2711 1562 2751 Ep.
1605 2711 1679 2749 867.

126 2767 174 2796 17.
199 2756 355 2787 multam
368 2755 525 2797 noctem]
540 2755 591 2786 Cf.
607 2755 668 2795 Ep.
684 2756 759 2795 867.
775 2765 844 2795 115.
919 2763 1054 2794 117—22.

201 2810 278 2831 sero
296 2823 304 2831 .
320 2823 327 2831 .
343 2824 351 2832 .
368 2798 593 2840 accumbere]
611 2800 675 2829 See
692 2800 754 2830 the
772 2810 846 2831 cor-
958 2808 1011 2838 33.
1032 2797 1187 2838 periodi]
1206 2797 1257 2829 Cf.
1277 2798 1339 2838 Ep.
1357 2799 1432 2837 867.
1450 2799 1521 2829 118.

79 2844 215 2875 rection
234 2843 336 2874 made
354 2843 393 2874 in
411 2843 437 2873 F
453 2843 507 2874 for
524 2843 589 2882 Ep.
606 2843 681 2882 867.
696 2852 766 2883 115.
958 2853 1011 2882 39.
1037 2841 1156 2882 Plato]
1171 2843 1241 2880 Ley.
1264 2851 1290 2873 1.
1304 2843 1368 2881 640
1380 2852 1400 2872 B
1417 2852 1488 2881 seq.

126 2897 175 2928 19.
200 2885 432 2928 compotatio]
446 2886 497 2917 Cf.
511 2886 574 2926 Ep.
587 2886 661 2924 867.
676 2896 746 2925 112,
766 2895 844 2925 131:
958 2896 1012 2924 47.
1038 2885 1270 2926 Vlattenum]
1288 2886 1383 2916 John
1402 2886 1440 2915 of
1453 2885 1599 2916 Vlattcn
1615 2896 1621 2919 ;
1646 2890 1681 2914 to

80 2931 216 2962 altered
234 2931 272 2961 in
291 2930 328 2962 F.
375 2931 438 2961 See
455 2930 527 2961 also
543 2929 607 2969 Ep.
627 2939 718 2969 1033.
733 2940 784 2962 22.
915 2929 1034 2959 whom
1064 2929 1233 2959 Erasmus
1261 2929 1447 2960 dedicated
1473 2939 1517 2959 2111
1544 2928 1681 2958 edition

124 2985 176 3006 21.
200 2971 393 3014 pertraxit]
405 2973 456 3005 Cf.
467 2973 529 3013 Ep.
540 2974 615 3011 867.
629 2983 844 3014 111-12‚117.
917 2974 955 3003 of
983 2973 1054 3003 Cic.
1088 2975 1173 3003 Tusc.
1208 2975 1338 3013 chaest„
1379 2972 1494 3013 Basle,
1530 2972 1680 3010 Froben,

126 3029 177 3050 22.
203 3018 471 3058 compulerunt,¹
486 3017 583 3048 Luke
600 3026 652 3055 24.
668 3027 720 3057 29.
916 3017 1004 3048 Nov.
1028 3025 1108 3055 1523
1127 3016 1208 3056 (Ep.
1228 3017 1338 3057 1390).
