1990 3353
119 79 240 134 1139]
471 81 541 120 ΤΟ
578 80 915 119 WILLIBALD
955 80 1367 120 PIRCKHEIMER
1641 82 1722 120 337

114 191 186 230 isti
216 190 386 229 interim
417 190 504 229 suis
535 189 656 228 nouis
684 189 802 228 libris
833 203 911 229 nos
943 190 1126 238 doceant,
1161 190 1204 228 in
1238 190 1471 240 praesentia
1499 203 1573 228 nec
1602 194 1721 231 vacat

116 259 191 284 nec
217 245 320 284 libet
346 245 520 284 referre:
549 247 590 283 et
615 246 758 283 tamen
787 245 913 294 pudet
942 245 1186 283 meminisse
1214 245 1323 295 quod
1352 244 1447 283 illos
1477 257 1562 282 non
1592 246 1720 294 pudet

114 300 305 339 scribere.
1742 307 1781 348 85

172 355 264 393 Iam
291 354 339 392 de
365 352 550 393 Luthero
577 353 687 391 nihil
715 353 827 392 aliud
857 353 991 392 dicam
1018 353 1101 391 nisi
1127 353 1237 403 quod
1262 353 1306 392 in
1330 353 1562 403 praesentia
1586 353 1722 392 solum

116 409 288 459 impune
308 408 417 449 licet.
440 408 546 446 mihi
565 408 837 447 vehementer
859 407 994 446 dolere
1015 408 1098 446 tale
1118 407 1346 457 ingenium,
1373 407 1482 458 quod
1502 408 1723 448 videbatur

116 463 310 502 futurum
337 463 502 512 insigne
529 462 736 513 quoddam
762 475 965 512 organum
994 462 1296 501 ebuccinandae
1320 462 1507 500 veritatis
1537 464 1723 513 Euange-

114 517 228 565 licae,
249 518 308 556 sic
323 519 610 566 exasperatum
630 530 718 555 esse
736 516 911 556 rabiosis
926 517 1190 566 quorundam
1209 517 1472 556 clamoribus
1523 517 1723 556 Fabulam

119 571 169 610 de
188 574 254 621 τῆς
275 571 541 624 ὀρνιθοφαγίας
567 570 865 610 calumniatore
890 571 967 609 risi
994 571 1107 619 satis,
1130 575 1171 610 et
1195 571 1275 610 tibi
1304 574 1390 610 tam
1414 571 1526 611 bono
1549 574 1723 623 patrono
1743 587 1785 620 90

116 627 288 665 xenium
309 626 455 664 debere
476 639 543 664 me
562 626 705 665 fateor.

172 681 234 719 De
249 681 363 719 dulci
378 680 568 731 felicique
584 680 656 719 Lei
675 680 762 719 ocio
778 679 886 719 salse
901 681 948 719 tu
964 680 1134 731 quidem
1154 679 1300 718 iocaris
1315 694 1324 728 ;
1355 680 1425 719 sed
1446 683 1589 720 tamen
1611 682 1725 720 extra

116 735 263 781 iocum,
286 735 448 774 vtinam
474 735 546 773 ille
565 735 631 773 vel
658 748 769 773 nunc
798 735 849 773 ad
875 748 1000 774 suum
1026 735 1164 774 ocium
1190 735 1338 783 redeat,
1369 738 1560 784 expertus
1580 735 1727 774 Martis

116 789 274 829 aleam!
333 789 412 828 Sed
447 789 599 828 (licitur
635 802 786 839 magno
825 789 1040 828 conamine
1072 789 1352 839 redintegrare
1390 789 1561 838 bellum,
1595 790 1726 828 fretus

118 843 283 882 Abbate
302 844 480 894 quodam
499 844 623 893 longe
645 844 930 892 stolidissime,
947 844 1019 894 qui
1039 844 1152 883 solus
1172 843 1288 882 illius
1308 844 1479 882 naenias
1497 844 1725 895 appellauit
1745 859 1785 892 95

122 900 280 937 ‘sacras
309 899 651 937 Annotationes’.
709 898 811 947 Quis
840 899 976 937 credat
1005 898 1071 937 illi
1101 898 1254 937 micam
1288 911 1376 936 esse
1404 899 1561 937 mentis
1590 912 1723 946 sanae,

119 966 244 1003 quem
266 966 350 991 non
370 953 521 1003 pudeat
541 966 585 991 re
605 956 692 992 tam
711 953 888 1003 turpiter
906 955 1021 1003 gesta
1048 966 1214 992 rursum
1242 953 1287 991 in
1311 953 1508 991 harenam
1531 953 1726 1003 prodire?

121 1008 239 1056 Quod
279 1008 315 1046 si
346 1008 453 1056 facit,
490 1009 649 1046 certum
683 1010 746 1046 est
776 1021 859 1046 non
891 1007 1106 1046 colluctari
1141 1007 1311 1058 posthac
1343 1021 1438 1046 cum
1471 1007 1544 1046 illa
1577 1008 1723 1047 scabie.

121 1062 244 1101 Docti
268 1063 501 1112 complures
519 1075 541 1100 e
562 1063 784 1101 Germania
802 1062 1010 1101 miserunt
1035 1063 1085 1101 ad
1110 1076 1178 1101 me
1200 1062 1415 1100 fasciculos
1440 1063 1722 1112 epistolarum,

118 1129 190 1155 seu
232 1116 370 1166 potius
406 1117 633 1165 volumina,
675 1117 826 1167 quibus
864 1117 997 1156 Leum
1037 1117 1296 1156 frustulatim
1334 1117 1585 1166 discerpunt.
1646 1118 1727 1156 Eas
1750 1133 1810 1156 100

121 1184 266 1210 omnes
285 1172 341 1210 sic
362 1172 507 1221 pressi,
525 1173 572 1210 vt
586 1185 662 1210 nec
681 1172 875 1221 legendas
890 1171 1082 1222 cuiquam
1104 1172 1299 1218 dederim,
1322 1171 1409 1210 siue
1431 1172 1539 1221 quod
1562 1171 1727 1222 cupiam

120 1225 248 1265 huius
267 1226 499 1276 tragoediae
520 1226 648 1264 finem
667 1238 767 1273 esse,
789 1225 878 1265 siue
900 1227 1009 1276 quod
1030 1226 1163 1264 nolim
1183 1227 1316 1264 Leum
1335 1226 1469 1264 videri
1489 1227 1597 1265 tanti
1616 1228 1662 1264 vt
1682 1226 1727 1264 in

121 1280 245 1319 illum
274 1283 338 1319 tot
365 1294 409 1319 ac
437 1281 541 1319 tales
568 1281 651 1320 viri
685 1280 833 1319 stilum
863 1294 988 1320 suum
1022 1284 1180 1319 acuant.
1242 1280 1375 1328 Quare
1406 1280 1513 1319 sicut
1550 1280 1727 1319 arbitror

120 1334 244 1385 plane
275 1348 374 1382 esse,
410 1335 466 1373 ita
496 1335 619 1385 plane
652 1335 800 1374 ludum
839 1348 883 1373 ac
913 1336 1051 1374 iocum
1090 1349 1177 1374 esse
1208 1335 1328 1385 cupio
1360 1335 1469 1385 quod
1503 1335 1727 1381 minitaris,

122 1389 391 1428 Germaniam
420 1389 485 1427 illi
510 1389 768 1439 panegyricis
793 1390 946 1428 annuis
972 1390 1200 1429 litaturam.
1262 1389 1370 1428 Nam
1399 1389 1441 1426 id
1467 1389 1502 1428 si
1527 1390 1611 1438 fiat,
1642 1390 1728 1439 ipse
1753 1406 1811 1438 105

117 1443 198 1483 sibi
218 1443 338 1494 plane
359 1444 474 1482 Deus
492 1457 581 1482 esse
598 1444 800 1483 videatur.

178 1498 231 1536 In
265 1498 503 1537 adornanda
535 1499 790 1548 profectione
822 1499 1068 1537 Germanica
1098 1499 1221 1548 plane
1255 1498 1514 1548 Calippidem
1553 1498 1726 1548 agimus.

122 1553 295 1603 Regiam
329 1555 445 1591 tuam
483 1553 630 1603 cupide
660 1553 908 1601 videbimus,
951 1553 987 1592 si
1025 1553 1149 1592 modo
1189 1553 1291 1592 citra
1328 1566 1529 1602 magnum
1569 1553 1732 1591 itineris

124 1606 389 1657 dispendium
409 1607 541 1646 liceat.
603 1608 708 1646 Mihi
729 1621 825 1646 vero
846 1607 912 1646 vel
932 1608 1149 1658 tugurium
1171 1607 1317 1658 quauis
1338 1608 1450 1657 regia
1469 1607 1730 1657 splendidius

124 1664 212 1711 erit,
234 1662 344 1712 quod
366 1662 515 1701 habeat
535 1661 806 1701 Bilibaldum.
867 1662 946 1701 Sed
973 1663 1034 1701 ais
1059 1666 1219 1712 pestem
1246 1663 1324 1701 sub
1354 1662 1489 1701 Caroli
1520 1662 1730 1713 Principis
1754 1678 1815 1701 110

124 1717 355 1756 aduentum
376 1716 614 1755 desituram.
675 1717 776 1765 Quis
793 1720 910 1755 vates
928 1717 1036 1756 istuc
1056 1720 1248 1756 futurum
1269 1717 1506 1766 praedixit?

180 1771 297 1819 Quod
327 1771 475 1810 scribis
503 1772 555 1811 ab
586 1771 902 1822 Oecolampadio
930 1773 1100 1820 factum,
1134 1772 1218 1810 iam
1248 1785 1296 1809 ex
1328 1771 1444 1809 illius
1474 1771 1608 1810 literis
1639 1770 1731 1809 sub-

126 1825 324 1864 odorabar
349 1827 555 1864 futurum.
613 1826 664 1864 Id
694 1827 782 1865 siue
801 1826 954 1865 iudicio
974 1826 1086 1874 fecit,
1107 1827 1195 1864 siue
1224 1827 1357 1864 animi
1387 1825 1548 1872 morbo,
1568 1826 1731 1876 quando

126 1880 282 1919 mutari
311 1893 396 1918 non
429 1882 575 1930 potest,
606 1881 882 1930 praecandum
916 1883 978 1919 est
1011 1883 1059 1919 vt
1097 1881 1162 1919 illi
1193 1894 1239 1919 ac
1268 1880 1387 1918 nobis
1419 1893 1543 1930 quam
1578 1880 1733 1930 optime

126 1937 270 1973 vertat.
327 1934 461 1973 Video
483 1948 550 1974 res
575 1935 779 1974 humanas
805 1935 863 1974 sic
883 1936 1066 1985 Vndique
1095 1936 1309 1985 corruptas
1327 1937 1373 1973 vt
1398 1935 1528 1972 nullis
1547 1948 1732 1984 vnquam
1756 1948 1814 1979 115

127 1989 301 2027 saeculis
321 1989 556 2028 existimem
576 1990 672 2039 plus
692 1990 859 2029 licuisse
879 1990 1173 2039 impudentiae,
1196 1990 1289 2040 plus
1312 1989 1479 2027 licuisse
1500 1989 1729 2035 stoliditati,

128 2043 223 2093 plus
251 2043 417 2082 licuisse
447 2043 604 2083 sceleri.
664 2044 719 2082 Et
749 2058 1051 2095 nonnunquam
1080 2044 1182 2083 libet
1210 2044 1349 2094 aliquo
1378 2044 1621 2093 profugere3
1659 2043 1731 2081 sed

128 2110 270 2136 vereor
289 2111 341 2136 ne
361 2111 606 2149 quocunque
632 2111 701 2138 me
720 2101 894 2147 vertero,
918 2101 1113 2149 sequatur
1136 2099 1340 2137 molestia.
1399 2098 1579 2136 Proinde
1599 2097 1732 2136 tutius

128 2151 307 2190 arbitror
326 2152 427 2191 mali
445 2152 678 2192 remedium
697 2154 749 2192 ab
768 2153 908 2192 animo
924 2156 1062 2204 petere
1077 2154 1215 2203 potius
1237 2166 1360 2203 quam
1381 2166 1404 2190 a
1423 2153 1510 2190 loco
1535 2155 1606 2190 aut
1622 2152 1732 2190 vitae

130 2206 338 2245 instituto.
399 2207 515 2246 Bene
551 2208 676 2246 habet
714 2209 824 2258 quod
856 2209 1051 2248 Christus
1088 2208 1133 2246 in
1171 2210 1287 2246 tanta
1315 2207 1520 2245 viciorum
1559 2206 1734 2256 caligine
1757 2220 1816 2244 120

131 2261 250 2300 nobis
270 2261 542 2311 Euangelicae
565 2261 775 2301 doctrinae
802 2263 1007 2301 scintillas
1033 2262 1212 2312 reliquit.
1274 2262 1388 2300 Bene
1407 2261 1509 2309 vale,
1534 2261 1599 2299 vir
1619 2274 1734 2299 orna-

130 2315 304 2354 tissime.
365 2315 541 2354 Louanii
563 2318 686 2356 nonis
707 2317 936 2367 septembr.
962 2319 1085 2356 ANNo
1106 2329 1267 2355 M.D.xx.

734 2449 805 2469 100.
832 2438 1061 2469 voluminum
1079 2441 1122 2469 H.

176 2540 229 2571 95.
253 2529 408 2572 Abbate]
426 2531 479 2563 Cf.
499 2531 560 2571 Ep.
583 2540 674 2569 1074.
692 2531 745 2562 60.
1055 2528 1296 2570 Calippidem]
1321 2530 1386 2560 See
1408 2532 1514 2568 Aclay.
1536 2539 1621 2569 543:
1656 2530 1735 2569 ‘qui

180 2584 249 2606 101.
277 2574 403 2615 pressi]
430 2575 492 2605 See
514 2584 546 2614 p.
567 2584 642 2613 210,
669 2575 741 2605 and
765 2574 808 2605 cf.
835 2574 896 2613 Ep.
969 2574 1007 2604 in
1037 2573 1230 2604 moliendis
1262 2574 1427 2613 negociis,
1455 2583 1536 2603 cum
1561 2573 1675 2604 multa
1699 2584 1735 2604 se

134 2628 227 2658 1157.
249 2628 321 2657 1—4.
969 2617 1147 2648 facturum
1165 2618 1375 2656 minaretur,
1396 2616 1491 2648 nihil
1510 2618 1632 2647 tamen
1657 2628 1735 2648 con-

181 2672 252 2701 107.
280 2661 517 2703 profectione]
537 2662 600 2693 See
619 2662 682 2702 Ep.
704 2663 796 2700 ¹078·
816 2662 897 2692 62n.
970 2661 1090 2692 ficeret
1103 2661 1122 2692 ¹.
1170 2660 1222 2691 Cs.
1241 2661 1314 2691 also
1332 2661 1394 2701 Ep.
1414 2671 1488 2700 491.
1507 2671 1538 2700 3.

201 3046 274 3068 4524
924 3049 944 3073 Z
