1990 3353
77 136 200 191 ¹004]
528 137 598 177 ΤΟ
635 137 903 176 WILLIAM
940 136 1211 175 BUDAEUS
1622 136 1677 175 37

69 247 274 297 λοιδορίαις
291 249 370 286 ταῖς
391 249 439 287 εἷς
458 247 534 296 ἐμέ,
556 247 658 283 ἀλλὰ
677 246 875 295 φοβοῦμαι
893 248 940 297 τῇ
959 246 1068 296 φήμῃ
1088 263 1171 291 σου,
1194 245 1239 295 ἢν
1261 247 1321 284 καὶ
1340 247 1454 296 αὐτὴν
1473 248 1565 296 ἐμὴν
1585 247 1675 285 εἶναι

72 303 246 354 ἡγοῦμαι,
281 301 405 349 ἐπειδὴ
437 301 558 338 πάντα
592 303 709 338 κοινοῖ
738 301 761 348 ἡ
799 301 921 349 φιλία.
978 300 1102 338 Ἀλλὰ
1133 303 1202 351 μὲν
1234 302 1294 339 καὶ
1327 302 1437 341 αὐτὸς
1470 303 1488 339 ὁ
1523 303 1674 351 Βιβεύς,
1697 320 1734 351 15

72 356 329 396 δεικνύσαντος
356 358 444 405 ε’μοῦ
470 355 536 404 τὴν
564 355 768 404 ἐπιστολήν
797 372 878 402 σου,
906 355 1058 405 μείζονα
1082 356 1222 405 τρόπον
1244 356 1466 405 ἐθαύμασεν,
1497 356 1673 405 οὐδαμῶς,

60 413 119 451 ὡς
147 412 234 460 ἔφη,
254 427 468 449 πιστευσων
492 411 645 447 τοιαῦτα
667 409 882 460 γραφθῆναι
911 410 1078 462 Βουδαίω
1103 411 1195 460 πρὸς
1207 409 1418 460 ’Έρασμον,
1439 412 1469 448 εἰ
1494 411 1546 459 μὴ
1567 411 1676 450 αὐτὸς

73 468 185 514 αὐτῆς
204 466 445 517 αὖτογράφου
465 464 705 515 ἀναγνωστὴς
723 464 930 515 γενόμενος.

127 521 205 558 Καὶ
223 520 267 569 δὴ
288 520 368 557 εἶπε
385 536 449 569 μοι
468 519 559 584 πρὸς
576 521 649 556 τῶν
667 519 839 569 χαρίτων,
858 519 1042 567 βέλτιστε
1066 519 1236 564 Βουδαῖε,
1255 520 1295 558 τί
1315 518 1540 568 ἀποκρίναιτ
1558 520 1603 557 α”ν
1622 536 1676 559 τις

68 575 163 624 πρὸς
190 577 352 619 τοιαῦτα,
382 591 424 612 ου
452 573 568 622 μόνον
595 577 732 613 σκαιῶς
760 573 820 610 καὶ
849 573 1039 624 ἐχθρωδῶς
1067 574 1248 624 λεχθῆναι
1276 574 1455 612 δοκοῦντα
1484 574 1586 611 ἀλλὰ
1615 574 1676 611 καὶ
1697 590 1740 612 20

69 630 229 680 ἀκαίρως
260 630 320 666 καὶ
357 627 673 678 ἀπροσδιονύσως,
703 629 750 668 ὡς
783 628 870 668 ἔπος
901 630 1036 673 ein-eim
1083 631 1240 677 Πρῶτον
1269 628 1314 677 δη
1347 629 1570 680 ἐγεγράφειν
1602 645 1674 666 που

71 684 374 722 ἀντεπιστέλλων
406 699 470 721 σοι
501 682 622 720 πάντα
654 685 727 720 τῶν
754 683 879 734 λόγων
907 683 969 720 καὶ
996 686 1152 734 γνωμῶν
1184 681 1357 732 προυπτά
1385 700 1447 721 σοι
1481 684 1541 721 καὶ
1573 684 1675 731 παρὰ

69 739 212 790 χερσίν,
234 739 280 778 ὥς
299 742 436 807 φαμεν,
457 736 558 781 εἶναι,
581 736 756 785 δηλονότι
775 737 1034 786 εὐδαιμονιζων
1054 754 1098 775 σε
1123 740 1189 787 τῆς
1213 755 1254 776 τε
1275 737 1428 785 εὐφυίας
1448 738 1508 776 καὶ
1527 754 1675 787 μνημης

68 794 149 843 τρὶς
173 793 368 843 μακαρίας,
394 798 418 844 ῂ
444 793 495 830 σύ
520 808 564 842 γε
590 791 759 840 σπουδὴν
784 792 846 829 καὶ
871 792 1120 841 ἐπιμέλειαν’
1113 792 1201 841 ι’σην
1227 792 1498 841 προσθήσειας.
1555 795 1674 830 Τοιτο

69 850 228 898 ευμενῶς
255 847 390 899 λεχθὲν
420 847 480 884 καὶ
509 847 636 885 ἁπλῶς
661 846 897 895 διαστρέφεις
922 847 1050 896 ὥσπερ
1080 849 1129 886 εἷς
1156 847 1277 899 ψόγον
1303 864 1365 884 και
1391 847 1503 896 ὕβριν
1528 846 1673 896 ῥιφθέν,
1695 862 1733 894 25

71 905 160 952 ἐμοῦ
190 902 300 952 δῆθεν
328 901 560 951 αἷνιξαμένου
588 901 653 938 τὸν
687 901 869 939 Βουδαῖον
898 900 939 945 ἐξ
964 903 1240 951 ὑπομνημάτων
1269 903 1330 940 καὶ
1363 902 1540 952 ἐλέγχων,
1569 901 1674 940 οὐδὲν

68 959 181 1002 ἄλλο,
201 957 332 1009 λόγιον
351 957 410 994 καὶ
429 955 719 1004 πεπαιδευμένον
741 956 842 995 εἶναι.

126 1012 229 1061 Πρὸς
246 1012 390 1051 τούτοις
415 1013 465 1051 εἷς
488 1010 614 1048 πεδίον
636 1027 672 1047 τι
698 1012 763 1048 οὐκ
789 1010 870 1048 οἶδα
896 1013 973 1050 πῶς
999 1010 1236 1059 ἀποτραπείς,
1256 1013 1425 1062 ἐγκαλεῖς
1442 1012 1507 1059 ἐμὲ
1532 1010 1674 1058 φθόνου

68 1083 110 1104 τε
130 1066 191 1104 καὶ
202 1066 424 1116 τυραννίδος,
438 1067 484 1106 ὡς
504 1063 768 1108 ἁπαξάπαντας
788 1065 1032 1115 ἐμποδίζοντα
1052 1066 1111 1103 καὶ
1132 1066 1320 1103 κωλύοντα
1342 1065 1395 1115 μὴ
1414 1064 1579 1116 χρῆσθαι
1597 1067 1674 1105 τοῖς

69 1124 142 1160 τῶν
160 1124 329 1159 παλαιῶν
348 1121 489 1165 ἄνθεσι,
505 1119 603 1169 ὅμως
615 1119 810 1170 δημοσίοις
827 1119 899 1169 ἤδη
919 1120 979 1157 καὶ
997 1122 1063 1158 τοῦ
1078 1122 1201 1158 κοινοῦ
1220 1121 1441 1172 γενομένοις,
1461 1121 1674 1166 ὑποπιάζων
1693 1136 1734 1167 30

68 1175 207 1225 μεταξὺ
231 1176 274 1214 τὸ
300 1178 364 1224 τῆς
391 1177 480 1225 ἐμῆς
504 1176 814 1227 παροιμιολογίας
839 1175 1023 1224 περιττόν.
1082 1175 1208 1212 Πάλιν
1237 1174 1340 1215 αὖθις
1364 1177 1496 1223 ἐρωτῶ,
1521 1174 1560 1212 τί
1582 1175 1674 1224 πρὸς

65 1233 185 1269 ταῦτα
211 1231 480 1280 ἀποκριναίμην
502 1227 603 1281 <ἄν>
622 1243 632 1276 ;
661 1230 761 1267 Αυτό
787 1233 886 1278 φασι
912 1229 1146 1274 δείκνυσιν,
1128 1247 1150 1266 α
1171 1230 1242 1281 ἐγὼ
1270 1231 1319 1269 εἷς
1343 1230 1408 1267 τὸν
1435 1229 1583 1267 ἔπαινόν
1603 1246 1673 1268 σου

67 1285 256 1337 γέγραφα,
284 1285 400 1323 ταῦτά
429 1302 475 1323 σε
503 1285 801 1334 διεστραμμένως
832 1285 924 1333 πρὸς
956 1285 1068 1333 ὕβριν
1101 1283 1380 1333 ἑρμηνεύεσθαι.
1436 1287 1523 1323 Πῶς
1556 1283 1595 1322 δὲ
1629 1283 1672 1332 δὴ

67 1340 258 1389 φθονερῶς
277 1340 338 1377 καὶ
355 1340 560 1388 βασκάνως
585 1342 728 1390 ἐνοχλῶ
753 1341 830 1380 τοῖς
856 1341 1030 1377 ὁπωσοῦν
1053 1339 1256 1389 χρωμένοις
1277 1341 1357 1378 ταῖς
1381 1338 1606 1387 παροιμίαις,
1627 1340 1674 1378 ὡς

70 1396 220 1433 κωλύων
246 1397 285 1432 ἐν
312 1396 359 1445 τῇ
386 1395 567 1445 θαλάσσῃ
598 1395 768 1438 ἁλιεύειν,
799 1395 818 1432 ὃ
850 1396 900 1434 εἰς
926 1395 1036 1431 τοῦτο
1062 1395 1152 1431 αὐτὸ
1176 1394 1380 1433 τοσούτους
1407 1393 1542 1433 πόνους
1570 1392 1672 1437 ἐξαν-
1693 1407 1732 1438 35

67 1450 225 1499 τλήσας,
245 1450 342 1488 ὥστε
365 1451 515 1498 μᾶλλον
536 1451 657 1490 κοινὰς
677 1450 797 1487 ἅπασι
823 1448 882 1485 καὶ
911 1447 1095 1497 δημοσίας
1120 1448 1320 1499 γενέσθαι;
1350 1446 1374 1497 ἦ
1402 1450 1479 1487 πῶς
1505 1447 1674 1497 ἐμποδών

66 1506 144 1554 εἶμι
166 1505 244 1544 τοῖς
272 1503 457 1542 ἐκδιδοῦσι
484 1506 530 1543 τὰ
558 1506 677 1543 αὑτῶν
704 1503 994 1555 συγγράμματα,
1018 1504 1038 1540 ὃ
1066 1502 1234 1542 πολλους
1260 1503 1446 1542 πολλάκις
1473 1503 1674 1551 ἐποτρύνας

66 1559 130 1597 ἐπι
147 1559 321 1608 τοιαύτην
340 1559 510 1608 σπουδὴν
529 1560 590 1597 καὶ
609 1560 800 1609 ἅμιλλαν·
790 1588 800 1606 ,
830 1557 983 1607 εὐμενὴς
1002 1556 1050 1595 ὢν
1070 1574 1112 1595 ου
1130 1558 1245 1607 μόνον
1269 1559 1345 1597 τοῖς
1369 1559 1549 1608 τυχοῦσιν
1569 1558 1673 1594 ἀλλὰ

70 1613 131 1652 καὶ
148 1615 226 1653 τοῖς
251 1614 449 1663 ἐπισήμοις
475 1614 535 1652 καὶ
558 1614 601 1652 τὸ
627 1613 856 1662 Ἐρασμικὸν
875 1612 993 1660 ὄνομα
1018 1612 1330 1680 ἐπισκοτίζουσιν,
1359 1611 1391 1649 εἴ
1411 1612 1450 1649 τί
1464 1628 1508 1662 γε
1527 1612 1673 1651 πάντως

67 1668 173 1707 ἐστὶν
188 1668 305 1717 ὄνομα
317 1668 469 1718 τουμόν.
527 1669 637 1706 Πολὺ
655 1669 812 1718 βέλτιον
833 1684 898 1705 ουν
916 1667 1019 1712 ἔδοξε
1033 1667 1125 1716 πρὸς
1143 1684 1259 1705 ταυτα
1277 1667 1423 1706 πάντως
1437 1669 1670 1710 ἀποσιωπᾶν,
1690 1680 1734 1711 40

67 1722 92 1772 ἦ
111 1723 204 1772 πρὸς
222 1724 266 1761 τὸ
288 1724 375 1763 ἔπος
398 1724 687 1774 ἀποκρινόμενον
711 1723 834 1773 μάτην
849 1721 1023 1771 ἐρεθίζειν
1041 1722 1130 1761 ἴσως
1150 1721 1210 1759 καὶ
1234 1721 1434 1773 ἐξοργίζειν
1457 1722 1523 1759 τὸν
1541 1721 1670 1769 φίλον,

66 1777 92 1827 ἢ
111 1777 216 1816 οὐδὲν
234 1778 327 1828 πρὸς
350 1778 437 1818 ἔπος
456 1779 746 1828 ἀποκρινόμενον
769 1777 918 1829 γέλωτα
941 1777 1117 1827 παρέχειν
1140 1777 1217 1816 τοῖς
1242 1776 1552 1825 φιλοσκώμμοσι,
1572 1777 1671 1826 τάχα

68 1849 130 1871 κεν
150 1832 210 1870 καὶ
227 1835 336 1871 τοῦτο
354 1833 399 1870 τὸ
418 1836 682 1882 Δημονάκτους
704 1835 754 1873 εἷς
777 1833 875 1882 ἡμᾶς
901 1831 1272 1881 καταβολισομένοις,
1295 1829 1340 1867 Ὁ
1364 1832 1432 1879 μὲν
1449 1831 1514 1869 τὸν
1532 1831 1672 1882 τράγον

63 1888 272 1939 ἀμελγει,“
257 1906 276 1925 ο
297 1886 336 1925 δὲ
353 1888 396 1925 τὸ
413 1887 588 1927 κόσκινον
602 1887 816 1936 ὑποτίθησι

114 1941 241 2008 aOtfmu.
264 1943 337 1994 γὰρ
363 1942 566 1994 ἐλάχιστον
592 1942 780 1992 διαφέρειν
801 1942 844 1980 τὸ
875 1941 952 1979 κατ’
979 1942 1043 1990 ἐμὲ
1068 1939 1191 1980 πόσας
1215 1938 1468 1989 ἑβδομάδας
1449 1957 1473 1989 η
1491 1939 1671 1989 μυριάδας
1691 1954 1731 1987 45

68 1998 158 2035 ἐτῶν
185 1997 422 2046 μεμελετηκα
448 1997 495 2034 τὰ
523 2000 587 2035 νῦν
614 2014 690 2047 παρ
727 1999 817 2046 ἐμοῦ
846 1997 1082 2045 ε’παλληλως,
1109 2011 1155 2034 ως
1182 1993 1267 2045 φῄς,
1294 1993 1520 2043 ἐκδιδόμενα·
1551 1996 1580 2032 εἰ
1610 2010 1671 2031 και

66 2053 192 2100 σαφὲς
218 2052 278 2089 καὶ
303 2051 466 2100 φανερόν
491 2054 573 2090 ἐστι
595 2053 671 2092 τοῖς
694 2051 776 2101 ἐμοὶ
803 2052 1062 2099 πλησιάζουσι
1088 2050 1148 2087 καὶ
1176 2049 1322 2087 οίκοθεν
1348 2049 1529 2100 ἐγνωκόσι
1556 2049 1669 2097 τάμά,

67 2106 125 2144 ὅτι
144 2107 240 2144 πάνυ
260 2107 309 2146 εἷς
331 2105 486 2156 θάτερον
503 2107 614 2157 μέρος
634 2106 841 2156 ἁμαρτάνω,
861 2106 984 2144 πάντα
1003 2104 1140 2155 σχεδὸν
1160 2104 1320 2153 ἀμελητὶ
1344 2104 1403 2141 καὶ
1428 2102 1670 2153 αὐτοσχεδια-

64 2161 212 2209 σμένως
232 2161 366 2211 ἐκχέων
392 2162 542 2210 μᾶλλον
560 2159 584 2211 ἢ
603 2161 746 2205 τίκτων,
776 2161 931 2210 ἄμορφα
951 2162 1004 2198 ἔτι
1024 2159 1084 2196 καὶ
1104 2160 1218 2207 ἀτελῆ
1245 2158 1345 2201 ὄντα,
1373 2158 1488 2209 ἤγουν
1511 2157 1671 2195 λεόντων

68 2215 129 2253 καὶ
149 2216 290 2264 ἄρκτων
311 2215 426 2264 δίκην.
474 2214 538 2254 Ἐν
551 2216 668 2267 τούτῳ
688 2215 727 2254 δὲ
741 2216 844 2265 μέρει
863 2217 928 2253 οὐκ
949 2215 1020 2266 ἐγὼ
1039 2213 1317 2262 παιδευτότερος
1337 2213 1425 2258 ἀξιῶ
1440 2212 1670 2261 νομίζεσθαι,
1692 2226 1733 2258 50

65 2271 171 2307 ἀλλά
200 2270 246 2308 σέ
274 2273 373 2319 φημι
402 2270 666 2321 εὐτυχέστερον
694 2271 771 2319 ἅμα
801 2269 861 2307 καὶ
890 2268 1159 2319 φρονιμότερον
1180 2267 1280 2305 εἶναι.
1333 2268 1453 2307 Αὐτὸς
1481 2267 1553 2318 γὰρ
1582 2267 1672 2307 ἴσως

67 2325 224 2363 πλείονά
243 2341 314 2362 σου
333 2325 480 2376 γράφω,
507 2327 610 2363 ἀλλὰ
637 2325 698 2362 καὶ
721 2325 883 2375 χείρονα,
908 2325 1017 2363 αὐτὸς
1037 2323 1186 2360 θᾶσσον
1212 2322 1374 2365 ἐκτίκτω,
1401 2321 1488 2359 ἀλλ’
1514 2323 1556 2359 οὗ
1575 2322 1671 2371 μετὰ

65 2379 167 2417 πολὺ
185 2378 446 2429 τεθνηξόμενα·
475 2379 570 2418 ὅπου
590 2380 639 2418 σὺ
658 2379 826 2430 βραδύνῃ
846 2380 914 2428 μὲν
934 2381 972 2417 ἐν
990 2379 1041 2429 τῷ
1059 2378 1205 2421 τίκτειν,
1226 2377 1329 2414 ἀλλὰ
1344 2377 1476 2416 τίκτεις
1491 2376 1669 2415 ἀθάνατα.

115 2495 165 2525 19.
190 2484 387 2525 ἀποκρίναιτ’
404 2489 536 2522 scripsi:
562 2485 742 2525 ἀποκρίνετ’
761 2489 796 2518 Ε.
933 2495 985 2525 23.
1012 2491 1118 2523 φαμεν
1134 2487 1181 2514 Ε;
1208 2490 1307 2524 φασιν
1323 2485 1366 2514 Η.
1499 2493 1551 2522 24.
1574 2492 1672 2521 προσ-

67 2528 194 2568 θήσειας
211 2532 322 2567 scripsi
337 2540 343 2559 :
367 2530 596 2568 προσεθήσειας
612 2533 650 2561 Ε.
812 2540 866 2569 3ο.
892 2527 1072 2568 ὑπωπιάζων
1087 2530 1184 2559 Loncl.
1363 2536 1415 2566 32.
1443 2526 1672 2566 ἀποκριναίμην

65 2575 178 2610 scripsi
192 2584 199 2603 ε
216 2572 439 2612 ἀπεκριναίμην
453 2575 492 2603 Ε.
576 2573 614 2603 ἅν
628 2576 760 2613 addidi;
779 2576 816 2611 cf.
835 2584 861 2605 v.
882 2583 932 2612 19.
1003 2583 1055 2612 34.
1072 2570 1251 2606 βασκαίνως
1263 2572 1300 2611 Ε,
1314 2573 1393 2601 sicut
1408 2573 1441 2601 ι’νι
1452 2573 1510 2607 Ep.
1525 2578 1598 2608 915.
1615 2579 1668 2608 50.

67 2616 214 2647 ὁπωσοῦν
229 2618 282 2647 H:
307 2616 445 2646 ὁποσοῦν
462 2619 532 2649 ΕΝ.
680 2627 733 2656 37.
759 2617 863 2648 αὑτῶν
879 2620 928 2648 E:
953 2616 1059 2647 αὐτῶν
1074 2618 1113 2647 N.
1244 2624 1299 2653 39.
1322 2615 1422 2653 ε’ίτιγε
1439 2616 1485 2644 F:
1510 2613 1612 2653 εἴπιγε
1630 2616 1668 2652 Ε,

64 2664 94 2691 et
119 2663 155 2691 in
180 2670 278 2699 mary.
308 2658 425 2699 ἐπεί-γε.
558 2661 609 2699 46.
637 2660 700 2700 φῆς
726 2664 755 2692 E
769 2672 776 2692 ε
808 2660 870 2703 ψῇς
896 2663 932 2692 F.
1076 2669 1127 2699 49.
1151 2657 1281 2699 ἄμορφα
1307 2660 1418 2695 scripsi
1433 2669 1438 2688 2
1473 2656 1602 2697 ἄφορμα
1634 2660 1667 2687 F.

66 2703 208 2735 λεόντων
225 2703 275 2735 καῖ
292 2707 322 2735 Ε
336 2715 343 2734 :
367 2703 432 2734 τῶν
446 2702 588 2735 λεόντων
603 2704 655 2734 καῖ
671 2704 734 2734 τῶν
750 2707 793 2736 H.

111 2857 161 2878 21.
186 2845 394 2887 ἑγεγράφειν]
420 2846 482 2885 Ep.
501 2847 577 2885 906.
598 2856 640 2885 29
656 2856 726 2886 seq.
945 2854 996 2883 39.
1022 2841 1290 2883 ἑπισκοτίζουσιν]
1317 2842 1369 2873 Cf.
1390 2843 1453 2882 Ep.
1475 2852 1566 2880 1107.
1587 2842 1643 2872 811„

111 2901 164 2930 25.
191 2889 409 2930 διαστρέφεις]
433 2889 495 2929 Ep.
514 2899 588 2929 915.
609 2899 722 2929 14-19.
945 2898 997 2926 43.
1024 2886 1267 2927 Δημονάκτους]
1279 2887 1360 2918 Luc.
1372 2885 1670 2922 VitaDemon.§28:

110 2936 162 2965 26.
174 2933 206 2974 ἐξ
217 2931 466 2974 ὑπομνημάτων]
480 2933 600 2973 CfAEp.
608 2933 828 2972 906.98-100.
901 2933 944 2962 cf.
962 2933 1067 2969 Aclaq.
1083 2939 1157 2969 251.

106 2978 162 3010 28.
187 2976 350 3018 ἐγκαλεῖς]
374 2976 439 3016 Ep.
455 2986 531 3017 915.
551 2986 592 3007 22
609 2986 678 3016 seq.
944 2985 997 3014 45.
1021 2973 1212 3012 ἑβδομάδας]
1238 2973 1291 3005 cf.
1308 2974 1372 3013 Ep.
1390 2982 1465 3012 915.
1483 2972 1570 3012 58,9.

109 3031 162 3060 34.
189 3020 332 3062 ἐνοχλῶ]
357 3020 409 3052 Cf.
428 3021 489 3060 Ep.
509 3030 583 3061 915.
603 3030 655 3060 50.
945 3029 997 3058 49.
1024 3016 1160 3058 ἐκχέων]
1185 3018 1238 3050 Cf.
1254 3017 1316 3056 Ep.
1333 3026 1410 3056 935.
1426 3026 1479 3055 33.
