1990 3353
258 100 339 139 628
846 100 1148 140 APPENDIX
1189 101 1267 140 XV

177 218 238 241 120
257 222 423 247 summo
437 208 640 257 Pontifice
661 209 700 246 el
722 210 1050 248 reuerendisimo
1066 223 1186 249 sen01
1198 209 1397 249 Cardenal
1417 212 1466 250 de
1486 212 1657 252 Tortosa
1675 214 1855 254 absente.

258 262 420 301 Fueron
441 263 594 301 hechas
613 276 665 301 en
685 263 820 301 Roma
840 264 1015 312 grandes
1034 264 1210 314 alegrias
1230 265 1280 303 de
1300 278 1349 303 su
1369 265 1547 305 election
1574 280 1648 317 poi
1673 267 1712 306 13
1742 282 1858 317 gran-

257 316 430 355 dissima
449 317 560 355 fama
581 330 660 367 que
678 317 791 355 tiene
813 317 862 356 de
882 318 1022 357 virtud
1043 332 1071 368 y
1092 319 1287 367 santitad,
1311 333 1339 369 y
1359 320 1480 382 luego
1500 333 1523 359 a
1538 320 1577 359 13
1593 321 1693 360 hora
1713 322 1857 362 fueron

255 373 421 420 puestas
450 384 524 421 por
551 372 647 410 toda
675 371 716 409 la
745 371 893 410 ciudad
923 385 993 411 sus
1021 386 1157 412 armas
1187 386 1262 411 con
1292 373 1494 423 insignias
1524 375 1703 425 papales,
1724 376 1765 415 id
1795 380 1856 415 est

255 425 360 464 tiara
379 439 406 475 y
426 425 568 464 1131195.
609 426 650 464 A
669 426 849 465 Domino
869 426 1027 465 factum
1047 429 1110 466 est
1129 427 1248 476 illud,
1271 430 1314 466 et
1334 427 1408 466 hec
1427 430 1490 467 est
1510 428 1597 467 dies
1616 443 1741 480 quam
1761 430 1856 470 fecit

176 486 234 518 125
255 479 475 518 Dominus.
533 479 714 519 Bendito
734 493 802 519 sea
820 493 869 519 su
889 481 1063 519 nombre
1082 494 1184 531 pues
1204 482 1254 520 de
1271 482 1331 521 tal
1350 484 1490 532 pastor
1504 495 1528 521 a
1547 484 1745 533 proueido
1764 498 1788 523 a
1807 499 1857 524 su

255 533 440 584 Yglesia,
453 547 481 584 y
500 547 552 572 en
571 534 728 585 tiempo
745 548 822 585 que
837 537 954 573 tanto
974 548 1042 574 era
1061 539 1278 574 menester.
1320 536 1384 575 No
1404 550 1456 587 ay
1476 550 1566 576 mas
1586 551 1664 588 que
1677 540 1858 578 escreuir

254 601 306 626 en
319 589 406 627 esta
421 589 513 627 sino
529 602 608 639 que
622 591 792 628 nuestro
808 589 938 628 Senor
953 590 1107 639 guarde
1121 592 1289 629 vuestra
1306 604 1408 640 muy
1425 593 1652 631 reuerenda
1667 606 1851 642 persona.

308 642 370 682 De
391 642 523 681 Roma
543 655 566 680 a
588 656 609 691 9
632 643 681 682 de
701 643 838 682 Enero
860 644 908 682 de
935 655 1046 692 1522,
1070 658 1149 695 que
1177 645 1247 683 fue
1277 645 1314 684 91
1345 645 1411 684 (113
1440 645 1489 684 (19
1518 645 1558 684 13
1586 646 1762 686 election
1791 648 1856 687 del

254 709 389 736 nueuo
409 710 574 736 summo
594 697 808 737 Pontifice.

173 758 234 791 130
1087 753 1128 791 A
1147 752 1188 791 10
1208 766 1296 803 que,
1319 755 1451 802 sefior,
1474 754 1758 804 mandaredes,

1196 807 1326 858 Diego
1346 808 1482 858 Lopez
1502 809 1551 847 de
1572 809 1742 860 Qufiiga.

307 860 363 899 Al
383 873 484 908 muy
506 861 728 899 reuerendo
750 863 871 900 sefior
896 861 935 900 91
955 861 1097 900 doctor
1116 862 1308 911 Vergara,
1333 862 1535 913 canonigo
1556 864 1604 902 de
1625 864 1778 911 Alcala,
1804 880 1854 904 en

252 916 292 954 13
312 913 433 954 Corte
453 927 504 953 en
525 915 709 954 Flandes.
771 915 832 953 De
852 917 969 966 porte
990 915 1063 954 dos
1082 915 1223 962 reales,
1247 917 1344 967 digo
1366 917 1438 956 dos
1457 918 1597 957 reales.

580 1273 665 1316 No.
690 1276 729 1315 3.
794 1277 930 1317 FROM
964 1273 1171 1318 STUNICA
1203 1286 1261 1318 'ro
1294 1276 1533 1318 VERGARA.

299 1375 421 1412 Heine
441 1376 516 1411 MS.
540 1385 667 1412 XV111.
1585 1377 1712 1414 Rome.

1488 1436 1534 1471 26
1553 1436 1684 1471 March
1705 1447 1804 1482 1522.

462 1532 697 1574 [Answcring
714 1531 898 1572 Vei-gara’s
914 1532 1023 1564 letter
1040 1532 1078 1563 of
1092 1533 1134 1564 28
1153 1533 1234 1564 Feb.
1252 1544 1260 1571 ;
1285 1543 1341 1564 see
1359 1532 1422 1564 No.
1442 1543 1462 1564 2
1480 1533 1633 1575 introd]

303 1622 582 1660 COMMODIORE
602 1623 786 1671 tempore
807 1620 937 1659 libelli
956 1620 1029 1659 abs
1050 1622 1090 1659 te
1104 1621 1223 1659 1111551
1239 1634 1322 1660 vna
1342 1627 1437 1660 cum
1457 1621 1611 1660 litteris
1631 1623 1715 1661 tuis
1735 1624 1850 1662 reddi

250 1675 369 1714 nobis
385 1689 470 1714 non
486 1677 713 1726 potuerunt
731 1689 740 1723 ;
769 1675 1027 1715 absolueram
1047 1675 1161 1714 enim
1182 1675 1325 1725 paucis
1345 1677 1442 1714 ante
1457 1676 1602 1715 diebus
1617 1677 1852 1716 recrimina-

249 1729 409 1768 tionem
429 1730 471 1768 in
495 1730 728 1777 Erasmum,
751 1743 854 1779 opus
874 1729 1041 1780 quidem
1062 1732 1102 1768 et
1123 1732 1370 1779 argumento
1391 1732 1431 1768 et
1447 1730 1676 1770 voluminis
1695 1734 1851 1781 magni-

248 1784 396 1823 tudine
416 1784 550 1834 priore
569 1784 680 1822 haud
701 1784 901 1829 absimile,
923 1783 1233 1833 editionemque
1253 1784 1368 1823 illius
1387 1782 1429 1822 id
1446 1784 1580 1823 solum
1597 1786 1846 1833 morabatur,

211 1851 228 1882 5
248 1838 357 1888 quod
396 1838 598 1889 Apologia
632 1852 712 1888 qua
743 1839 942 1877 Erasmus
980 1838 1088 1877 Laeo
1119 1838 1343 1888 respondit,
1377 1839 1428 1876 ad
1464 1852 1589 1888 quam
1630 1840 1848 1889 legendam

248 1892 498 1944 quibusdam
518 1893 563 1931 in
593 1893 694 1931 locis
724 1906 799 1931 nos
828 1892 993 1942 relegat,
1018 1893 1191 1931 omnino
1220 1892 1488 1931 carebamus:
1518 1894 1637 1932 cuius
1664 1895 1849 1933 aduentu

247 1947 361 1997 operi
398 1950 539 1986 nostro
578 1961 703 1998 quam
741 1947 920 1986 maxime
967 1946 1205 1986 consultum
1243 1949 1318 1986 est.
1381 1947 1520 1998 Neque
1558 1948 1672 1986 enim
1709 1950 1757 1987 ad
1808 1950 1849 1988 id

247 2001 465 2049 edendum,
489 2002 656 2040 tametsi
676 2002 753 2040 hoc
774 2001 953 2040 maxime
974 2015 1175 2051 cuperem,
1192 2001 1476 2040 festinandum
1492 2015 1579 2041 esse
1594 2002 1845 2051 censuimus,

248 2069 300 2094 ne
320 2069 393 2106 pro
413 2058 534 2106 partu
560 2056 667 2106 quod
696 2056 836 2094 forsan
866 2056 1171 2105 expectabatur,
1204 2055 1400 2094 aborsum
1427 2056 1571 2095 fecisse
1599 2056 1845 2100 videremur,

191 2124 230 2145 10
248 2123 353 2148 neue
391 2110 432 2148 id
464 2110 585 2149 nobis
617 2123 723 2160 pene
760 2110 961 2149 accideret
999 2110 1109 2160 quod
1139 2110 1374 2149 aduersario
1408 2110 1457 2148 ad
1497 2124 1570 2149 sua
1603 2111 1850 2160 publicanda

249 2163 379 2202 nimis
398 2165 562 2203 incaute
583 2165 819 2214 properanti
838 2165 947 2203 haud
974 2164 1184 2203 immerito
1212 2164 1452 2214 saepissime
1479 2165 1695 2215 contingit.
1757 2165 1846 2205 Risi

247 2222 386 2257 autem
406 2232 501 2258 cum
523 2219 758 2258 Erasmicos
784 2219 886 2257 istos
915 2218 1115 2265 intellexi,
1138 2219 1341 2269 Apologia
1370 2218 1441 2257 illa
1470 2232 1552 2268 qua
1581 2220 1631 2258 ad
1657 2221 1845 2259 Annota-

247 2273 382 2311 tiones
402 2275 564 2312 nostras
584 2273 784 2312 Erasmus
812 2273 1036 2323 respondit,
1059 2273 1170 2311 vires
1196 2274 1360 2312 nostras
1389 2286 1473 2311 non
1497 2273 1731 2312 debilitatas
1757 2288 1844 2313 esse

248 2327 384 2365 solum
403 2328 652 2374 existimare,
677 2341 822 2366 verum
842 2327 969 2365 etiam
989 2327 1226 2366 confractas.
1288 2327 1373 2366 Nae
1393 2327 1465 2365 isti
1483 2327 1688 2378 ignorant,
1706 2330 1751 2366 vt
1772 2342 1847 2378 ego

191 2389 228 2420 15
248 2381 379 2428 video,
412 2382 645 2431 Hispanam
675 2382 1008 2431 generositatem,
1031 2394 1164 2431 neque
1194 2394 1269 2420 1105
1298 2394 1347 2419 ex
1376 2394 1422 2419 ea
1451 2384 1572 2430 gente
1602 2384 1713 2421 ortos
1742 2383 1845 2421 arbi-

248 2437 413 2474 trantur
433 2436 582 2485 quibus
601 2436 686 2474 vita
705 2435 865 2474 facilius
885 2438 1021 2486 potest
1040 2435 1273 2485 extorqueri
1292 2449 1418 2485 quam
1441 2436 1578 2485 gloria.
1621 2436 1840 2475 Erasmum

249 2503 323 2539 ego
353 2490 565 2528 eruditum
594 2503 683 2529 esse
711 2504 795 2529 non
824 2490 1015 2540 ambig03
1048 2502 1092 2528 ac
1123 2490 1166 2527 ni
1195 2490 1322 2528 talem
1350 2490 1627 2533 credidissem,
1652 2493 1842 2530 nontam

249 2544 417 2593 exiguos
436 2557 511 2594 ego
537 2545 699 2583 animos
725 2558 821 2594 gero
847 2547 893 2583 vt
919 2544 1043 2582 illum
1074 2544 1180 2582 mihi
1208 2544 1254 2582 in
1280 2545 1395 2582 tanta
1423 2544 1701 2583 litteratorum
1721 2546 1841 2584 turba

248 2598 554 2647 antagonistam
574 2598 832 2648 delegissem.
894 2599 986 2637 Hoc
1012 2598 1075 2636 illi
1100 2598 1250 2636 honori
1276 2611 1364 2636 esse
1388 2600 1524 2648 potest
1549 2598 1617 2637 vel
1645 2599 1837 2646 maximo,

192 2666 231 2688 20
249 2651 327 2689 hoc
358 2652 614 2691 litteraturae
648 2666 732 2691 non
764 2653 960 2702 exiguum
994 2652 1206 2699 indicium,
1243 2652 1352 2702 quod
1388 2652 1539 2702 dignus
1572 2654 1634 2690 est
1667 2666 1689 2690 a
1723 2653 1842 2692 nobis

248 2705 456 2745 iudicatus
476 2720 571 2745 cum
592 2720 673 2756 quo
694 2708 743 2745 de
770 2720 813 2745 re
838 2707 1039 2745 litteraria
1068 2706 1111 2744 in
1141 2708 1347 2745 certamen
1377 2706 1624 2745 veniremus.
1684 2708 1839 2746 Verum

249 2760 356 2809 quod
384 2760 434 2798 ad
455 2761 703 2810 Apologiam
731 2761 894 2807 attinet,
926 2762 1093 2799 tantum
1122 2760 1237 2799 abest
1266 2760 1338 2799 illa
1367 2761 1542 2810 perlecta
1572 2774 1647 2799 nos
1675 2774 1762 2800 esse
1788 2761 1838 2800 ab

249 2814 413 2863 incepto
451 2817 676 2863 reuocatos,
713 2818 760 2853 vt
797 2815 952 2853 maiore
990 2815 1199 2853 alacritate
1236 2815 1281 2853 in
1314 2815 1598 2853 aduersarium
1636 2815 1842 2854 fuerimus

248 2868 424 2907 inuecti:
455 2869 569 2907 cuius
590 2869 650 2907 rei
669 2882 810 2908 ansam
833 2883 916 2908 non
942 2869 1077 2907 leuem
1098 2868 1169 2906 ille
1190 2869 1310 2907 nobis
1329 2869 1536 2918 praestitit
1555 2869 1633 2908 hoc
1659 2883 1733 2907 suo
1752 2871 1839 2908 tam

191 2932 229 2961 25
248 2922 397 2972 frigido
430 2935 637 2972 responso.
698 2923 1002 2973 Rescripsimus
1038 2923 1146 2961 haud
1182 2923 1414 2971 infeliciter,
1448 2925 1494 2962 vt
1524 2936 1597 2973 ego
1632 2923 1836 2971 existimo,

248 2979 368 3026 atque
389 2976 465 3015 hoc
485 2977 679 3027 quicquid
700 2980 761 3015 est
789 2977 1025 3027 scriptionis
1047 2977 1327 3015 certissimum
1353 2977 1472 3016 faciet
1502 2978 1724 3016 Erasmum
1752 2991 1837 3016 non
