1990 3353
350 123 431 164 570
820 121 1071 161 LETTERS
1109 121 1178 160 OF
1216 121 1481 161 ERASMUS
1822 118 1942 173 [1521

351 233 575 283 praestabit
608 233 845 271 moderatus
873 244 972 270 Vsus
1000 231 1081 269 cibi
1110 232 1313 280 potusque
1347 243 1472 280 quam
1503 229 1638 268 multa
1669 230 1946 279 perpetuaque

292 305 332 326 20
352 288 500 327 inedia.
560 288 680 325 Bona
717 285 995 325 continentiae
1033 298 1128 335 pars
1164 287 1228 323 est
1265 286 1374 322 certo
1407 283 1546 322 animo
1579 284 1686 322 velle
1723 283 1945 322 continere.

352 341 464 380 Huic
484 342 519 380 si
539 341 755 380 accesserit
767 340 991 379 vehemens
1007 346 1046 378 et
1067 339 1280 378 assiduum
1297 339 1484 376 studium
1498 351 1706 377 sacrarum
1718 338 1944 384 literarum,

352 409 438 435 non
467 397 547 435 erit
572 409 673 446 opus
698 394 936 433 carnificina
966 394 1242 441 ieiuniorum3
1273 406 1375 442 quae
1404 392 1576 432 fortasse
1605 394 1801 441 premunt
1828 392 1945 430 luxu-

350 451 454 489 riem
484 451 729 498 iuuentutis,
758 449 828 488 sed
858 449 916 487 ita
945 450 1141 498 premunt
1169 450 1215 486 vt
1243 447 1445 485 senectuti
1474 447 1640 485 tradant
1667 446 1947 485 valetudinem

352 505 592 553 inualidan1,
629 507 752 554 atque
783 504 843 542 ita
876 503 1091 541 cohercent
1124 501 1306 551 corporis
1336 501 1515 539 calorem
1543 504 1589 539 vt
1620 500 1786 539 laedant
1814 499 1946 539 animi

291 575 329 606 25
350 560 548 610 vigorem.

406 614 596 664 Optimae
616 614 742 651 matri
763 615 858 650 tuae
877 625 1021 663 precor
1041 610 1294 648 Mercurium
1315 610 1508 648 dextrum
1529 623 1574 648 ac
1589 609 1829 660 propicium,
1844 621 1948 659 quae

351 682 446 707 cum
472 670 534 707 tot
560 668 761 706 monstris
788 665 1113 717 linguacissimis
1133 665 1219 703 sola
1239 665 1448 714 depugnat
1468 677 1540 703 sua
1560 664 1715 713 lingua.
1773 662 1890 712 Quod
1911 662 1947 700 si

350 723 456 761 mihi
476 723 542 761 hic
563 722 704 760 decem
725 724 861 760 essent
880 721 951 759 isti
971 719 1132 758 similes
1145 719 1493 768 propugnatrices,
1516 719 1659 756 liceret
1679 717 1723 756 in
1742 716 1948 756 vti-amuis

351 778 531 816 dormire
559 790 713 816 aurem.
773 776 963 814 Profecto
992 787 1120 812 vnam
1149 773 1328 812 arbitror
1356 773 1525 823 dignam
1557 785 1659 823 quae
1692 772 1942 821 repubescat.

291 844 332 874 30
351 832 520 882 Optimo
546 831 657 881 patri
683 830 861 869 multam
885 844 934 868 ex
958 842 1024 867 me
1051 828 1228 867 salutem
1256 827 1392 865 dicito.
1453 828 1559 867 Oura
1578 828 1624 865 vt
1649 839 1773 877 quam
1793 825 1947 876 optime

349 886 498 935 valeas,
530 886 771 924 charissime
802 884 992 933 Lupsete.
1054 882 1198 921 Saluta
1229 881 1493 920 Guilhelmos
1522 882 1625 920 duos
1655 880 1745 930 pari
1772 879 1946 919 candore

349 941 567 991 praeditos,
599 939 823 979 Gonellum
850 942 890 977 et
913 938 1215 977 Dancastrum:
1245 938 1455 986 praeterea
1480 936 1527 974 D.
1552 936 1796 982 Gerardum,
1819 947 1945 985 quon·

350 995 445 1034 darn
467 995 599 1033 Coleti
618 1006 900 1032 oeconomum.

404 1049 567 1099 Brugis.
588 1061 625 1087 x.
651 1048 789 1088 Galen.
814 1046 1023 1097 Septemb.
1047 1043 1194 1097 [Anno
1213 1042 1393 1097 M.D.xx.]

787 1201 907 1241 1230.
968 1200 1032 1241 To
1064 1200 1256 1241 ΤΗοΜΑε1
1290 1200 1509 1242 LINACRE.

1643 1292 1796 1338 Bruges.

1578 1362 1622 1395 24
1639 1351 1784 1397 August
1806 1359 1904 1395 1521.

395 1291 589 1337 Epistolae
607 1291 654 1327 ad
673 1291 836 1327 diuersos
856 1304 890 1336 p.
912 1302 927 1337 5
935 1304 990 1337 34.

395 1350 489 1386 HN:
515 1350 630 1386 Lond.
649 1350 720 1386 xiV.
741 1360 784 1395 3:
814 1350 887 1385 LB.
908 1360 986 1396 591.

395 1432 483 1474 [The
500 1432 685 1471 year-date
702 1442 785 1472 may
803 1432 843 1462 be
860 1432 1047 1472 accepted;
1072 1433 1126 1463 for
1147 1433 1249 1464 there
1271 1433 1301 1464 is
1320 1443 1367 1464 no
1391 1442 1517 1464 reason
1534 1434 1571 1464 to
1587 1441 1736 1472 suppose
1753 1430 1832 1461 that
1850 1430 1952 1461 Eras-

349 1485 428 1507 mus
443 1485 515 1506 was
537 1479 573 1506 at
589 1476 723 1516 Bruges
746 1478 782 1506 at
806 1476 880 1507 this
904 1477 992 1506 time
1016 1478 1056 1507 in
1079 1486 1151 1516 any
1171 1477 1276 1507 other
1300 1477 1338 1508 of
1358 1478 1419 1508 the
1443 1487 1548 1518 years
1570 1475 1721 1516 possible
1746 1474 1865 1505 before
1889 1473 1951 1504 the

348 1519 571 1560 publication
588 1519 625 1549 of
640 1519 666 1550 F
683 1521 808 1559 except
829 1519 940 1560 1521.]

384 1634 591 1664 ERAsMVS
622 1634 722 1664 Ro'r.
755 1634 946 1665 THOMAE
984 1634 1195 1674 LINACRO,
1229 1627 1449 1666 SERENIS'S.
1483 1634 1734 1665 ANGLORVM
1770 1633 1903 1663 REGIS

862 1703 1038 1734 MEDICO
1070 1704 1308 1743 PRIMARIQ
1339 1706 1372 1734 S.
1396 1704 1436 1733 D.

406 1778 499 1816 Non
533 1778 621 1816 sine
652 1790 805 1827 magno
835 1778 965 1816 animi
991 1778 1129 1817 dolore
1158 1779 1278 1817 audio
1308 1792 1359 1817 ex
1388 1779 1534 1817 amicis
1563 1779 1845 1818 valetudinem
1874 1779 1951 1817 tibi

350 1833 502 1871 factam
526 1831 920 1870 incommodiorem-:
951 1833 1115 1871 homini
1136 1846 1203 1871 me
1222 1833 1361 1872 hercle
1381 1834 1508 1883 digno
1533 1847 1627 1872 cum
1652 1833 1799 1884 primis
1825 1846 1948 1883 quem

352 1901 426 1926 nec
456 1889 647 1925 senectus
675 1886 856 1936 attingat
875 1899 1057 1937 vnquam
1088 1901 1162 1926 nec
1192 1888 1363 1927 morbus
1389 1888 1510 1927 vllus.
1571 1888 1650 1927 Sed
1681 1888 1845 1938 quando
1874 1888 1950 1925 hac

353 1941 441 1991 lege
461 1941 674 1980 nascimur
693 1953 849 1988 omnes
874 1954 947 1979 nec
975 1944 1074 1980 sunt
1094 1941 1179 1980 vllo
1206 1944 1325 1991 pacto
1354 1941 1584 1981 exorabiles
1603 1943 1768 1991 Parcae,
1792 1942 1947 1981 eniten-

315 2009 332 2040 5
354 1997 455 2034 dum
486 1998 547 2034 est
577 1996 636 2043 vt,
671 2008 752 2045 qua
785 1994 890 2044 licet,
925 1996 1052 2034 etiam
1082 2009 1105 2034 a
1136 1996 1233 2035 fatis
1267 1996 1347 2047 ipsi
1381 1997 1501 2035 nobis
1529 1997 1662 2035 simus
1692 1997 1945 2047 superstites.

352 2050 482 2089 Porro
511 2052 558 2088 vt
591 2049 858 2099 aequioribus
886 2050 1039 2088 animis
1066 2050 1219 2089 cedunt
1246 2065 1268 2089 e
1297 2050 1420 2089 rebus
1443 2051 1639 2090 humanis
1664 2054 1854 2100 parentes
1877 2050 1949 2101 qui

352 2105 535 2143 viderint
554 2104 707 2142 liberos
733 2116 829 2142 suos
857 2104 907 2142 ad
935 2103 1116 2155 aliquem
1136 2104 1248 2143 vitae
1271 2108 1428 2144 statum
1455 2107 1644 2153 euectos;
1674 2105 1733 2143 ita
1753 2104 1948 2144 nonnihil

351 2161 414 2198 est
434 2158 582 2197 aeditis
601 2158 756 2208 vigiliis
776 2158 943 2207 nostris,
967 2159 1138 2198 interim
1159 2172 1230 2197 ceu
1250 2162 1515 2209 praegustare
1536 2159 1634 2209 quid
1661 2159 1879 2209 posteritas
1899 2159 1948 2197 de

351 2213 473 2251 nobis
494 2213 549 2251 sit
567 2212 813 2251 iudicatura.
871 2213 929 2251 At
949 2215 1006 2260 tu,
1029 2214 1065 2251 si
1085 2213 1192 2251 mihi
1212 2214 1421 2263 permittis
1440 2217 1485 2252 vt
1510 2214 1638 2253 libere
1659 2217 1796 2252 tecum
1816 2227 1945 2264 agam,

294 2281 333 2304 10
350 2268 440 2306 sine
461 2267 543 2305 fine
562 2267 717 2317 premis
736 2269 828 2305 tuas
848 2267 1038 2305 omnium
1059 2267 1362 2306 eruditissimas
1388 2268 1707 2315 lucubrationes,
1728 2270 1774 2306 vt
1793 2269 1948 2318 pericu·

395 2382 489 2414 1229.
513 2391 565 2421 30.
589 2381 682 2422 patri
697 2383 755 2412 H:
779 2381 908 2412 vitrico
923 2384 958 2410 F.

349 2426 444 2457 1230.
468 2435 533 2456 ΤΙΤ.
574 2434 744 2455 sfflmmss.
765 2448 796 2456 ..

1093 2391 1145 2420 32.
1172 2381 1214 2413 D.
1231 2392 1288 2412 om.
1305 2384 1347 2412 H.

819 2448 825 2454 .
844 2433 1019 2456 PRIMARIO
1042 2435 1102 2457 om.
1118 2427 1161 2456 H.

1476 2392 1528 2422 34.
1552 2384 1660 2413 Anno
1677 2392 1801 2414 M.n.xx
1817 2385 1888 2414 add.
1907 2384 1948 2413 H.

398 2514 492 2544 1229.
505 2515 556 2544 26.
572 2512 695 2553 matri]
709 2512 811 2544 Alice
826 2514 966 2553 Lupset,
980 2514 1001 2550 †
1014 2523 1095 2553 1545
1108 2527 1114 2553 ;

351 2556 478 2587 buried
499 2557 590 2588 with
615 2556 679 2587 her
703 2566 767 2587 son
792 2557 830 2588 in
856 2557 906 2588 St.
927 2557 1117 2597 Alphage's

352 2600 499 2639 chureh,
519 2600 667 2631 London
680 2599 787 2631 Wall.
834 2600 898 2631 See
913 2602 1118 2631 Gentlcmcm’s

351 2645 526 2683 Μιιῃιιείηε,
566 2643 625 2673 xlv
665 2643 794 2683 (1856),
827 2653 861 2683 p.
901 2654 911 2674 1
922 2653 970 2683 19.
1029 2645 1116 2675 This

351 2687 547 2718 somewhat
562 2687 701 2727 cryptic
713 2686 806 2716 wish
819 2697 933 2718 seems
949 2690 984 2718 to
1001 2687 1116 2727 imply

353 2731 433 2761 that
450 2731 513 2761 she
524 2740 595 2761 was
612 2740 691 2761 now
708 2732 875 2770 carrying
891 2741 936 2762 on
951 2731 1016 2762 her
1032 2731 1114 2762 hus-

351 2773 475 2805 band's
494 2775 669 2805 business.

394 2827 448 2857 30.
474 2816 583 2858 patri]
613 2817 709 2848 Wm.
740 2818 887 2857 Lupset,
917 2818 1114 2857 goldsmith

353 2861 422 2892 and
452 2861 583 2891 citizen
611 2861 649 2891 of
674 2861 841 2899 London3
865 2861 887 2898 †
903 2870 995 2900 1522.
1042 2862 1114 2892 The

352 2905 548 2936 correction
565 2904 669 2935 made
687 2905 725 2935 in
744 2905 780 2935 H
798 2906 829 2935 is
844 2904 1052 2936 noticeable.

396 2957 448 2987 32.
476 2947 682 2988 Gonellum]
700 2948 763 2979 See
780 2948 844 2987 Ep.
861 2957 936 2986 274.

442 2990 695 3031 Daneastrum]
713 2992 776 3022 See
792 3001 825 3031 p.
842 2991 894 3030 89.

1274 2514 1490 2555 Germ-dum]
1509 2515 1573 2546 See
1590 2515 1653 2555 Ep.
1678 2525 1770 2554 1027.
1793 2523 1872 2545 lon.

1231 2558 1326 2589 1230.
1351 2568 1378 2589 1.
1402 2558 1666 2600 valetudinem]
1685 2559 1737 2589 Cf.
1754 2559 1775 2589 l.
1798 2567 1873 2589 1on.

1229 2610 1259 2640 5.
1284 2611 1305 2632 a
1322 2601 1420 2643 fatis]
1445 2612 1486 2634 sc,
1506 2603 1651 2633 mortui.

1230 2654 1280 2676 10.
1306 2644 1457 2686 premis]
1493 2645 1662 2676 Erasmus
1696 2645 1848 2685 brought
1887 2643 1948 2675 the

1184 2697 1280 2719 same
1304 2689 1432 2728 charge
1455 2690 1595 2729 against
1612 2689 1744 2720 Grocin
1762 2688 1836 2720 and
1854 2688 1945 2719 Wm.

1184 2731 1344 2762 Latimer
1369 2732 1448 2774 (Ep.
1472 2741 1546 2772 540.
1572 2732 1720 2772 87—93):
1749 2732 1838 2763 with
1863 2732 1948 2772 only

1184 2776 1241 2806 too
1257 2775 1343 2815 good
1361 2786 1495 2807 reason.

1271 2818 1554 2859 lucubrationes]
1583 2819 1730 2850 Resides
1753 2819 1810 2850 his
1833 2821 1948 2851 trans-
1984 2843 1986 2848 χ

1183 2860 1316 2893 lations
1332 2863 1423 2894 from
1441 2863 1586 2895 Procius
1597 2863 1676 2904 (Ep.
1692 2863 1761 2894 118.
1775 2864 1858 2903 2311)
1877 2861 1948 2893 and

1183 2905 1297 2936 Galen
1309 2907 1412 2947 (Epp.
1427 2916 1501 2946 502.
1523 2916 1599 2946 15n‚
1616 2907 1689 2946 785.
1705 2906 1787 2947 17n)
1799 2905 1947 2936 Linacre
1984 2914 1987 2938 ξ

1182 2949 1254 2980 had
1270 2959 1309 2980 as
1325 2952 1385 2990 yet
1401 2950 1591 2990 published
1608 2949 1772 2990 nothing.
1811 2950 1884 2980 But
1900 2948 1945 2979 he
1985 2955 1990 2981 τ’

1182 3002 1255 3023 was
1299 3003 1379 3024 now
1415 2993 1492 3033 just
1532 2994 1750 3034 completing
1794 2992 1947 3024 another
