1990 3353
54 119 69 144 1
80 103 176 158 204]
1576 103 1659 140 495

481 214 606 254 1204.
667 212 731 253 To
762 211 953 251 ADRIAN
984 210 1224 251 BARLAND.

94 292 324 339 Adagiorum
342 291 518 337 Epitome
537 291 598 327 tit.
618 295 668 325 v0.
1334 288 1560 335 <L0uvain.>

1302 346 1415 394 <Ma-y
1433 349 1453 383 ⁴?
1484 346 1609 393 1521.)

93 413 263 455 [Printed
293 415 342 454 by
366 414 523 445 Barland
548 415 587 444 in
611 414 670 444 his
694 416 735 444 In
759 423 864 444 omues
885 415 1015 443 Erasmc
1041 415 1239 444 Rotoroclami
1270 415 1468 451 Adayiormn
1500 414 1660 443 Clzilz'mlas

47 460 198 497 Epicome,
216 461 259 488 ad
275 461 506 488 commodiorem
521 468 610 488 vsum
630 460 842 488 studiosorum
865 459 1021 494 utriusque
1042 458 1170 494 linquae
1193 459 1375 496 conscripta,
1396 456 1570 495 Louvain,
1589 456 1653 486 Th.

48 501 220 539 Martens,
237 501 333 532 June
353 510 432 540 1521
455 501 513 539 (cf.
534 502 596 540 Ep.
620 510 702 539 1005
719 500 870 541 introd.)
888 511 896 530 :
917 499 1021 530 made
1034 499 1127 530 from
1142 500 1205 530 the
1224 500 1362 530 Froben
1379 503 1511 538 Adaqia
1529 500 1567 530 of
1580 500 1654 531 Oct.

51 553 145 583 1520.
192 545 266 575 The
282 545 500 584 advantages
516 546 554 575 of
573 554 620 575 an
644 545 800 584 epitome
816 546 855 574 of
874 543 938 574 the
961 546 1060 583 great
1083 544 1224 574 volume
1249 554 1309 574 are
1333 544 1466 582 clearly
1483 546 1535 574 set
1559 543 1657 574 forth

48 589 136 619 here
154 589 201 628 by
216 589 385 619 Erasmus
402 588 557 619 himself.
609 586 798 618 Barland⁷s
816 597 890 618 was
910 587 1097 626 reprinted
1122 587 1258 618 several
1275 588 1383 617 times
1398 598 1406 626 ;
1429 588 1503 618 and
1524 587 1658 618 within

47 642 68 663 a
85 632 152 662 few
168 641 272 671 years
288 632 410 663 others
426 642 519 662 were
535 631 716 672 produced
733 631 780 671 by
791 631 888 662 John
905 631 1127 661 Brucherius
1143 631 1214 661 and
1231 630 1329 661 John
1348 631 1504 669 Maurus,
1517 631 1658 662 besides

48 685 159 714 many
176 675 268 706 later
285 675 357 716 (see
374 674 511 715 BEr2.).
558 676 632 706 The
648 675 752 706 value
769 674 936 705 attached
953 676 988 705 to
1005 675 1106 705 them
1129 684 1212 714 may
1227 675 1269 704 be
1293 674 1499 705 illustrated
1521 675 1613 705 from
1638 686 1657 704 a

47 719 155 750 letter
169 718 208 749 of
218 719 328 751 Vives
345 721 381 750 to
399 719 529 758 Henry
547 729 622 759 vm,
640 719 732 749 from
750 719 895 758 Bruges,
916 728 954 757 13
970 718 1056 757 July
1075 727 1157 757 1527
1172 729 1180 748 2
1207 718 1417 757 ‘Epitomen
1433 718 1656 758 Adagiorum

49 763 200 801 Erasmi,
219 773 327 802 quam
345 764 421 794 dixi
436 763 505 794 tibi
522 773 575 793 me
593 762 751 793 Londini
767 762 932 793 venalem
946 772 1019 792 non
1033 763 1228 801 inuenisse,
1246 761 1306 792 hic
1319 764 1479 801 emptam
1492 763 1658 793 maiesta-

47 807 78 836 ti
93 808 176 837 tuae
192 807 299 837 mitto
315 818 321 837 ε
345 809 534 847 propterea
547 806 641 845 quod
657 816 744 846 opus
760 806 827 837 hoc
839 805 1012 837 refertum
1026 816 1069 836 ex
1082 806 1250 836 vniuerso
1263 805 1471 836 litterarum
1486 806 1657 836 viridario

48 849 205 881 collectis
220 850 377 881 flosculis
393 860 605 890 magnopere
630 850 806 881 oblectare
827 850 991 880 animum
1012 851 1116 880 tuum
1139 850 1281 889 poterit,
1301 849 1435 880 fessum
1450 851 1657 885 grauiorum

47 894 265 933 scriptorum
284 894 437 925 lectione
451 895 459 906 '
486 894 640 935 (Record
661 893 776 933 Office,
802 894 837 925 S.
863 893 900 925 P.
929 893 1059 932 Henry
1082 902 1161 932 ΠΗ,
1186 892 1266 931 xlii,
1284 891 1309 924 f.
1327 903 1415 924 200:
1440 893 1586 924 Brewer
1608 895 1653 923 iv.

0 949 1 959 π
45 938 164 978 3261).

92 980 160 1012 For
175 981 303 1012 earlier
319 981 417 1011 work
434 982 480 1020 by
498 981 655 1012 Bai-land
672 991 769 1020 upon
786 981 849 1011 the
866 983 993 1018 Aclagu'a
1009 989 1066 1011 see
1085 980 1148 1019 Ep.
1167 980 1241 1018 646.
1291 979 1388 1020 Only
1404 990 1423 1010 a
1438 980 1657 1019 conjectural

47 1025 129 1056 date
146 1025 177 1056 is
193 1024 346 1065 possible
362 1025 416 1056 for
432 1026 507 1056 this
522 1024 692 1066 presace.]

280 1101 490 1131 ERASMVS
521 1101 623 1132 ROT.
656 1101 899 1131 HADRIANO
932 1100 1179 1130 BARLANDO
1210 1100 1294 1130 SVO
1326 1101 1357 1130 S.
1380 1101 1422 1130 D.

104 1159 198 1197 NAE
223 1161 268 1198 tu
298 1159 450 1209 dignus
477 1174 529 1206 es,
555 1159 711 1209 optime
732 1160 951 1208 Barlande,
976 1161 1042 1198 cui
1071 1161 1269 1199 iuuentus
1299 1161 1436 1198 omnis
1465 1162 1655 1210 impense

48 1214 193 1261 faueat,
219 1215 290 1264 qui
310 1227 471 1264 semper
489 1215 696 1253 industria
722 1216 794 1252 tua
819 1214 1006 1253 moliaris
1031 1215 1189 1264 aliquid
1217 1215 1325 1265 quod
1355 1216 1476 1253 bonis
1503 1216 1655 1254 studiis

50 1269 251 1306 conducat
281 1268 419 1317 potius
448 1282 571 1319 quam
601 1269 661 1307 rei
688 1270 760 1306 aut
787 1268 922 1307 famae
951 1271 1058 1314 tuae,
1080 1269 1284 1319 malisque
1307 1269 1517 1318 frugiferis
1537 1284 1655 1320 argu-

48 1323 205 1361 mentis
238 1323 538 1362 adolescentiae
575 1323 804 1361 commodis
838 1323 1052 1361 consulere
1082 1337 1208 1373 quam
1237 1323 1470 1373 splendidis
1499 1324 1655 1373 gloriae

49 1379 154 1415 tuae.
214 1377 425 1415 Nimirum
454 1378 532 1416 iste
562 1380 623 1416 est
652 1377 818 1416 animus
839 1391 936 1416 vere
964 1378 1149 1416 excelsus
1169 1392 1346 1428 vereque
1377 1378 1651 1427 Christianus,
1674 1396 1691 1429 5

48 1432 176 1480 gratis
196 1431 396 1481 nulloque
419 1434 707 1470 autoramento
734 1431 992 1470 benemereri
1018 1445 1103 1470 non
1130 1433 1267 1470 solum
1294 1433 1344 1470 de
1368 1433 1511 1482 patria,
1535 1447 1651 1482 quae,

47 1488 93 1524 vt
125 1487 232 1524 recte
262 1487 429 1536 scripsit
458 1487 592 1532 Plato,
613 1488 701 1524 iure
730 1486 812 1524 sibi
842 1486 975 1524 nostri
1003 1489 1164 1536 partem
1185 1487 1382 1534 vindicat,
1405 1488 1475 1525 sed
1496 1488 1546 1525 de
1566 1488 1654 1525 vni-

0 1535 2 1540 ’
48 1553 167 1578 uerso
186 1553 336 1589 genere
356 1541 609 1579 mortalium.
649 1539 821 1579 Laboris
838 1540 902 1579 tui
916 1543 1064 1590 gustus
1080 1541 1187 1578 mihi
1202 1542 1405 1580 maiorem
1421 1542 1464 1579 in
1480 1542 1654 1580 modum

46 1594 213 1644 placuit.
256 1595 342 1633 Nec
359 1595 501 1633 minus
516 1595 638 1633 officii
654 1595 774 1633 nobis
789 1598 972 1644 praestas
988 1608 1111 1645 quam
1132 1595 1253 1633 Liuio
1267 1596 1476 1645 praestitit
1493 1595 1651 1642 Florus,

48 1649 83 1687 si
104 1653 245 1688 tamen
264 1662 339 1698 ego
358 1663 453 1687 sum
475 1650 595 1687 Liuio
615 1649 899 1687 conferendus.
942 1649 1181 1688 Chiliadum
1201 1652 1439 1688 nostrarum
1456 1650 1652 1688 volumen
1677 1667 1717 1690 10

49 1703 186 1741 maius
215 1707 303 1741 erat
332 1717 457 1753 quam
478 1706 524 1742 vt
544 1704 611 1742 vel
638 1704 721 1741 emi
747 1706 883 1753 posset
904 1717 926 1741 a
947 1704 1144 1742 tenuibus
1163 1704 1230 1742 vel
1259 1704 1439 1754 praelegi
1469 1705 1514 1742 in
1542 1704 1654 1743 ludis

50 1757 262 1796 litterariis
276 1759 342 1796 vel
363 1758 619 1796 circumferri
639 1758 691 1796 ab
711 1758 764 1796 iis
783 1758 856 1807 qui
876 1758 1030 1796 crebris
1048 1758 1269 1796 itineribus
1288 1759 1505 1797 motoriam
1525 1762 1654 1809 agunt

50 1811 246 1850 fabulam.
305 1813 427 1850 Nunc
451 1814 524 1851 tua
552 1813 745 1862 Epitome
770 1813 947 1851 minimo
969 1813 1127 1851 venalis
1152 1815 1193 1851 et
1219 1826 1242 1850 a
1271 1813 1500 1862 quamlibet
1527 1814 1654 1852 etiam

50 1866 246 1904 tenuibus
273 1867 411 1916 parari
437 1867 602 1916 poterit,
628 1869 669 1905 et
694 1867 739 1904 in
765 1867 917 1905 scholis
937 1880 1158 1917 puerorum
1179 1868 1375 1905 manibus
1394 1867 1483 1915 teri,
1506 1870 1547 1906 et
1576 1869 1656 1906 iter

50 1921 269 1970 agentibus
307 1921 533 1959 minimum
570 1921 692 1960 addet
727 1921 919 1959 sarcinae.
989 1922 1120 1960 Porro
1156 1922 1225 1971 qui
1258 1923 1500 1971 praelegent
1532 1925 1654 1960 tuum
1677 1937 1715 1969 15

51 1975 354 2023 compendium,
385 1976 451 2014 his
478 1978 668 2014 nostrum
698 1989 800 2025 opus
829 1976 916 2014 vice
946 1977 1339 2014 commentariorum
1367 1989 1454 2014 esse
1485 1978 1651 2025 poterit.

50 2029 164 2068 Illud
185 2030 427 2077 admonebo,
446 2031 555 2079 quod
576 2043 660 2068 non
682 2030 828 2068 dubito
844 2031 945 2080 quin
967 2032 1013 2068 tu
1035 2034 1105 2068 tua
1120 2033 1268 2079 sponte
1285 2031 1454 2077 curaris,
1470 2031 1654 2080 primum

50 2087 95 2121 vt
115 2084 332 2133 aptissima
351 2097 560 2122 recenseas
579 2085 719 2134 potius
739 2098 864 2134 quam
881 2085 1032 2132 omnia,
1049 2085 1197 2123 deinde
1214 2087 1261 2122 vt
1280 2085 1316 2123 si
1336 2085 1436 2134 quid
1459 2085 1653 2123 inciderit

51 2138 268 2176 obscenius
286 2138 398 2186 (sunt
414 2139 526 2176 enim
542 2140 734 2188 pleraque
751 2139 968 2187 prouerbia
984 2152 1006 2176 a
1023 2139 1209 2177 moribus
1224 2139 1442 2177 hominum
1459 2140 1652 2189 sumpta),

51 2195 120 2230 aut
142 2193 311 2231 omittas
330 2196 401 2231 aut
419 2193 479 2231 ita
502 2195 653 2232 tractes
673 2206 724 2230 ne
745 2207 825 2243 qua
845 2194 933 2231 lues
954 2193 1072 2232 illinc
1094 2196 1234 2231 manet
1255 2194 1305 2231 ad
1333 2197 1518 2232 teneram
1545 2197 1653 2232 aeta·
1675 2208 1716 2230 20

51 2249 160 2286 tem:
191 2260 315 2297 quam
345 2247 403 2285 sic
433 2247 623 2297 cupimus
652 2247 786 2285 imbui
815 2248 934 2285 bonis
959 2247 1114 2286 litteris
1139 2250 1183 2286 vt
1211 2248 1394 2286 nolimus
1421 2261 1511 2286 eam
1540 2248 1654 2286 infici

52 2301 173 2339 malis
201 2301 400 2340 moribus.
461 2302 570 2340 Sunt
598 2303 737 2340 autem
770 2302 972 2351 quaedam
995 2302 1101 2340 vicia
1130 2302 1218 2340 eius
1249 2302 1411 2352 generis
1439 2306 1485 2341 vt
1514 2303 1559 2341 in
1587 2303 1654 2341 his

53 2356 160 2393 bona
179 2368 273 2405 pars
294 2355 553 2394 innocentiae
573 2356 627 2394 sit
647 2356 870 2404 ignorasse.

107 2409 152 2447 Si
172 2411 280 2448 forte
301 2423 422 2448 nosse
445 2410 562 2459 cupis
585 2411 685 2459 quid
710 2423 821 2448 nunc
847 2412 1012 2448 nostrae
1039 2411 1182 2449 Musae
1207 2411 1448 2459 moliantur,
1472 2411 1653 2461 quando-

52 2464 221 2513 quidem
242 2465 413 2502 omnino
433 2478 590 2503 cessare
611 2464 813 2512 nesciunt,
838 2465 881 2502 in
905 2465 981 2503 hoc
1006 2465 1299 2513 incumbimus,
1324 2468 1369 2504 vt
1394 2479 1539 2504 omnes
1565 2466 1653 2503 diui
1675 2479 1714 2510 25

53 2517 278 2568 Augustini
299 2518 428 2557 libros
445 2519 747 2557 emendatiores
767 2532 811 2557 ac
832 2519 1001 2557 scholiis
1018 2519 1250 2557 illustratos
1265 2521 1411 2558 demus
1427 2520 1470 2558 in
1486 2520 1649 2568 vulgus

53 2573 274 2618 annotatis,
305 2586 388 2610 non
417 2574 654 2622 amputatis,
687 2573 739 2611 iis
768 2587 870 2623 quae
901 2573 964 2611 illi
993 2574 1097 2611 falso
1126 2574 1380 2612 tribuuntur.
1439 2576 1580 2624 Atque
1608 2574 1653 2612 in

54 2639 176 2675 opere
194 2628 282 2664 tam
303 2629 420 2664 vasto
440 2627 628 2676 cogimur
647 2627 906 2665 eruditorum
926 2627 1095 2665 auxiliis
1116 2628 1187 2671 vti,
1212 2629 1283 2666 sed
1310 2629 1368 2666 ita
1387 2631 1433 2666 vt
1451 2628 1559 2666 nulli
1579 2641 1654 2666 sua

53 2680 188 2718 laudis
208 2681 346 2730 portio
366 2681 421 2719 sit
440 2682 635 2731 peritura.
696 2681 781 2719 Nos
800 2683 912 2719 enim
930 2682 997 2719 hic
1012 2682 1076 2720 vel
1100 2682 1279 2720 fraudari
1298 2683 1508 2721 malumus
1529 2696 1652 2732 quam

53 2738 299 2773 πλεονεκτεῖν.
358 2736 465 2774 Sunt
487 2735 558 2785 qui
577 2738 726 2785 putent
747 2749 893 2774 omnes
914 2736 1040 2774 huius
1060 2737 1139 2774 viri
1161 2737 1287 2775 libros
1312 2737 1455 2775 haberi
1480 2737 1653 2786 pulchre
1673 2749 1717 2780 50

55 2790 287 2838 castigatos.
347 2790 406 2827 At
436 2803 511 2839 ego
546 2802 763 2839 nunquam
796 2790 1027 2828 crediturus
1059 2804 1171 2828 eram
1205 2792 1369 2830 tantum
1400 2792 1533 2829 inesse
1565 2804 1652 2840 pro-

54 2843 306 2892 digiosarum
328 2844 577 2881 mendarum
598 2846 802 2893 quantum
823 2845 1041 2893 comperio,
1058 2845 1210 2893 partim
1230 2845 1415 2894 relegens
1434 2846 1648 2892 attentius,

54 2897 207 2945 partim
227 2898 444 2936 conferens
464 2911 559 2935 cum
579 2899 754 2936 vetustis
774 2899 1090 2948 exemplarilzms.
1149 2900 1263 2937 Bene
1283 2900 1385 2938 vale.

414 2981 466 3012 26.
492 2980 703 3020 Augustini]
720 2981 783 3011 Sec
802 2982 888 3021 ΕΜ).
912 2991 1004 3020 1144.
1025 2991 1104 3020 71n.
1128 2991 1218 3013 1212.
1239 2991 1334 3021 43—4.
