1990 3353
282 134 333 173 28
742 137 989 177 LETTERS
1029 138 1098 177 OF
1137 138 1403 179 ERASMUS
1748 138 1873 192 [1519

201 257 262 288 130
283 246 438 293 rentur,
462 245 601 295 palam
615 246 734 285 docet
749 246 1048 296 Hieronymus.
1089 246 1144 285 Et
1163 249 1307 285 tamen
1327 246 1405 285 hoc
1420 247 1481 286 ita
1492 247 1650 298 placuit
1665 246 1876 298 Cypriane

284 301 340 347 vt,
364 300 715 349 quemadmodum
735 300 824 350 ipse
845 301 953 350 quod
974 301 1178 351 optimum
1199 314 1287 339 esse
1307 301 1515 341 iudicabat
1534 301 1793 352 sequebatur,
1817 301 1876 341 ita

284 354 446 391 nemini
480 354 777 403 praeiudicaret
808 368 889 404 quo
924 355 1064 393 minus
1102 355 1212 404 quod
1250 356 1330 404 ipsi
1360 355 1570 394 videretur
1603 357 1763 404 faceret,
1799 369 1875 394 nec

283 407 457 456 putabat
487 421 734 458 quenquam,
774 409 809 447 si
847 408 1060 447 diuersum
1099 409 1284 456 sentiret,
1323 422 1370 448 ea
1402 411 1533 459 gratia
1571 411 1876 449 semouendum

282 475 305 499 a
334 463 636 501 communione.
695 462 825 500 Porro
854 463 926 513 qui
955 463 1164 501 diuersam
1194 463 1449 502 sententiam
1478 464 1595 514 sequi
1623 464 1872 511 maluerunt,

203 530 264 561 135
283 516 390 553 mihi
411 517 577 566 quidem
598 530 682 555 non
704 519 788 555 tam
808 517 1065 567 argumentis
1084 517 1281 556 videntur
1301 519 1501 556 commoti
1521 531 1644 568 quam
1667 519 1819 557 fauisse
1839 519 1877 557 ei

284 572 394 620 parti
427 584 531 619 quae
567 571 699 621 magis
732 571 970 609 abhorreret
999 584 1022 609 a
1052 571 1278 610 schismate
1308 571 1636 619 Donatistarum,
1670 572 1878 622 simulque

283 625 542 673 perspexisse
562 638 688 674 quam
708 639 792 663 non
812 628 918 663 esset
937 627 1079 664 tutum
1099 638 1189 664 eam
1206 625 1365 675 aperire
1380 626 1618 675 fenestram,
1637 627 1672 665 si
1689 627 1877 666 sacerdos

283 678 437 727 impius
459 679 567 716 nihil
581 692 701 728 agere
721 679 973 718 crederetur:
1003 693 1083 729 qua
1099 683 1239 718 tamen
1255 680 1298 718 in
1314 681 1522 720 sententia
1536 684 1696 719 veteres
1709 681 1878 731 quidam

284 732 410 771 fuisse
456 733 664 771 videntur.
737 733 843 772 Nam
889 736 1092 784 quantum
1139 735 1320 772 habeant
1362 735 1566 773 momenti
1611 749 1713 784 quae
1755 735 1878 773 diuus

205 800 265 831 140
283 787 547 837 Augustinus
567 788 698 825 adfert
720 789 767 826 de
789 790 1046 826 sacramento
1066 791 1107 826 et
1128 789 1276 826 effectu
1295 789 1553 835 sacramenti,
1569 789 1618 827 de
1639 788 1878 827 characteri-

282 841 369 888 bus,
393 841 442 879 de
462 842 625 880 diuersa
644 842 800 880 ratione
821 842 1070 891 baptizantis
1086 844 1128 880 et
1148 843 1404 881 remittentis
1418 845 1591 892 peccata,
1607 843 1809 893 prolixius
1823 843 1879 882 sit

285 909 410 945 quam
430 898 476 933 vt
495 896 715 934 conueniat
734 897 800 934 hic
822 897 1062 946 expendere.
1123 897 1243 936 Certe
1263 897 1456 936 Christus
1474 897 1624 936 iisdem
1641 897 1877 947 baptizandi

286 950 353 988 ius
372 950 542 988 tradidit
563 951 715 1000 quibus
734 951 950 989 mandauit
969 951 1212 989 absoluendi
1232 953 1479 1001 potestatem
1497 965 1506 998 ;
1535 965 1610 990 nec
1629 953 1770 990 tamen
1789 964 1879 1001 pro-

285 1004 400 1041 tinus
430 1004 610 1042 absoluit
641 1005 832 1043 sacerdos
863 1005 1053 1055 quisquis
1081 1005 1127 1042 in
1160 1006 1233 1043 hoc
1263 1019 1417 1044 nomen
1445 1006 1613 1044 inuocat
1642 1005 1873 1045 Trinitatis.

205 1072 263 1103 145
285 1058 400 1106 Quod
418 1059 453 1096 si
466 1071 530 1097 res
545 1059 596 1096 ab
609 1060 865 1109 argumentis
878 1059 1074 1097 humanis
1087 1060 1298 1108 penderet,
1311 1062 1351 1098 et
1367 1059 1450 1097 nisi
1464 1059 1682 1099 concordia
1693 1060 1879 1098 fauorem

284 1112 435 1162 vbique
451 1115 689 1161 mereretur,
706 1114 844 1163 potius
856 1114 997 1152 haberi
1009 1115 1169 1163 poterat
1183 1114 1292 1163 quod
1305 1115 1491 1164 sequitur
1507 1114 1738 1163 Cyprianus
1753 1127 1879 1164 quam

286 1167 396 1215 quod
416 1169 481 1205 est
502 1169 725 1216 receptum.
788 1168 895 1205 Sunt
917 1170 958 1206 et
978 1168 1058 1206 alia
1077 1169 1289 1218 quaedam,
1314 1169 1386 1206 sed
1407 1168 1506 1206 hinc
1525 1168 1656 1206 ferme
1681 1168 1875 1218 profecta,

286 1234 388 1270 quae
408 1222 494 1259 suis
514 1221 613 1259 locis
634 1221 900 1271 attingemus.

341 1275 434 1313 Iam
454 1276 562 1325 quod
584 1276 755 1325 quidam
777 1277 837 1325 (vt
857 1276 980 1314 refert
1001 1276 1258 1326 Lactantius)
1278 1277 1403 1315 homo
1423 1276 1603 1315 disertus
1627 1277 1697 1315 sed
1724 1277 1881 1326 impius

206 1341 267 1372 150
287 1329 539 1379 Caprianum
566 1343 639 1379 pro
660 1331 866 1380 Cypriano
894 1331 1062 1377 vocarit,
1085 1331 1162 1369 hoc
1187 1331 1319 1380 magis
1349 1330 1467 1369 nobis
1493 1331 1654 1381 placere
1677 1331 1797 1369 debet
1817 1331 1882 1369 vir

287 1385 485 1432 optimus,
499 1384 606 1434 quod
620 1384 712 1422 viro
726 1386 906 1434 pessimo
924 1385 1193 1434 displicuerit,
1211 1386 1296 1423 imo
1311 1385 1377 1423 cui
1390 1385 1500 1423 nihil
1515 1385 1559 1422 in
1577 1384 1786 1435 Cypriane
1802 1385 1880 1423 dis-

287 1438 478 1487 plicuerit
497 1441 658 1488 praeter
678 1439 961 1477 Christianam
980 1439 1189 1488 pietatem.
1235 1439 1344 1478 Satis
1364 1439 1475 1477 enim
1492 1439 1670 1478 declarat
1690 1440 1787 1490 quid
1809 1439 1881 1477 ille

288 1492 336 1529 de
358 1492 523 1530 Christo
552 1494 736 1538 senserit,
760 1493 831 1543 qui
855 1493 1086 1532 doctrinam
1113 1494 1202 1532 eius
1221 1493 1352 1532 aniles
1372 1494 1532 1532 fabulas
1552 1493 1753 1532 iudicarit.
1811 1492 1880 1532 Ad

287 1546 397 1594 haec,
426 1547 533 1596 quod
561 1548 657 1585 huic
682 1547 970 1597 Hieronymus
995 1548 1147 1585 alicubi
1173 1548 1338 1586 videtur
1360 1548 1591 1586 absolutam
1618 1561 1753 1587 sacrae
1780 1547 1881 1586 Scri·

208 1612 267 1644 155
289 1603 403 1638 turae
424 1601 637 1639 scientiam
668 1602 890 1649 detrahere,
914 1602 1021 1640 nihil
1051 1602 1162 1640 aliud
1189 1604 1331 1649 sensit,
1365 1602 1519 1651 opinor,
1549 1615 1674 1652 quam
1700 1614 1881 1652 persecu·

291 1655 455 1693 tionum
475 1655 678 1704 procellis,
697 1657 848 1705 quibus
867 1659 960 1694 tum
980 1657 1215 1706 agitabatur
1235 1657 1429 1703 Ecclesia,
1462 1657 1743 1706 martyrioque
1771 1669 1882 1705 prae-

289 1710 490 1758 peditum,
516 1723 600 1748 non
634 1710 863 1749 absoluisse
893 1711 935 1748 in
968 1711 1242 1760 explanandis
1272 1711 1428 1749 diuinis
1458 1710 1744 1763 voluminibus
1771 1710 1879 1760 quod

291 1764 451 1814 egregie
470 1766 754 1813 praestaturus
774 1765 1004 1810 videbatur,
1030 1765 1065 1803 si
1090 1764 1282 1803 licuisset.
1326 1765 1432 1804 Nam
1462 1777 1565 1814 quae
1589 1765 1768 1815 scripsit,
1797 1764 1881 1803 fere

287 1820 505 1856 versantur
516 1818 560 1856 in
574 1818 675 1856 locis
688 1819 977 1856 communibus
993 1834 1001 1857 :
1025 1819 1134 1857 vnde
1150 1833 1233 1857 non
1248 1832 1376 1869 pauca
1391 1820 1571 1868 decerpit
1584 1819 1879 1868 Hieronymus,

209 1874 268 1906 160
288 1872 449 1921 quoties
476 1872 519 1910 in
540 1873 689 1911 iisdem
709 1875 898 1911 versatur
917 1887 926 1921 ;
955 1874 1315 1922 quemadmodum,
1336 1875 1382 1912 vt
1408 1876 1469 1911 est
1488 1872 1722 1918 verisimile,
1747 1886 1768 1910 e
1789 1873 1882 1911 Ter·

291 1926 458 1964 tulliani
474 1927 594 1964 libris
609 1927 743 1965 multa
758 1930 974 1965 mutuatus
992 1930 1053 1965 est
1070 1929 1314 1977 Cyprianus.
1367 1927 1526 1976 Quibus
1540 1927 1640 1966 adeo
1656 1927 1883 1965 delectatus

290 1980 536 2030 deditusque
556 1981 712 2031 legitur
731 1983 788 2029 vt,
814 1982 975 2031 quoties
994 1982 1045 2019 ab
1066 1982 1310 2020 amanuensi
1331 1982 1512 2020 codicem
1531 1983 1727 2031 posceret,
1750 1981 1883 2019 dicere

286 2035 437 2073 solitus
450 2036 506 2073 sit
526 2035 605 2073 ‘Da
621 2036 868 2085 magistrum
883 2038 891 2051 ⁹
910 2050 918 2083 3
948 2035 1082 2074 nihilo
1099 2037 1241 2075 minus
1253 2037 1304 2075 ob
1317 2036 1358 2074 id
1374 2036 1542 2085 ingenio
1554 2035 1753 2083 tribuens,
1774 2035 1882 2084 quod

285 2149 378 2179 Dum
396 2150 493 2179 enim
511 2149 633 2179 sedulo
649 2149 742 2179 vitat
758 2149 855 2179 lacus
877 2149 1137 2180 haereticorum
1162 2150 1334 2180 contritos
1351 2149 1542 2187 hori-etque
1558 2148 1678 2179 bibere
1694 2157 1822 2187 aquam
1839 2148 1883 2182 de

284 2193 438 2222 cisterna
454 2193 580 2231 aliena,
601 2193 798 2224 incautiore
813 2193 899 2223 mali
914 2192 997 2232 fuga
1013 2194 1051 2223 in
1069 2203 1151 2223 eum
1167 2202 1321 2223 errore-m
1339 2192 1526 2224 inciderat.
1566 2191 1638 2223 Nec
1650 2191 1713 2222 ille
1726 2194 1884 2232 repertor

284 2237 354 2266 fuit
379 2237 455 2266 eius
482 2237 623 2276 erroris,
653 2237 713 2266 sed
739 2246 759 2266 a
782 2237 977 2267 maioribus
1005 2239 1189 2276 acceptum
1216 2237 1396 2275 tuebatur,
1422 2235 1519 2266 haud
1545 2235 1652 2266 dubie
1677 2237 1884 2266 mutaturus

285 2280 500 2310 sententiam
519 2281 548 2310 si
566 2280 773 2310 melioribus
789 2281 1012 2320 argumentis
1035 2281 1223 2311 veritatem
1248 2280 1375 2310 fuisset
1390 2279 1558 2317 edoctus;
1582 2279 1882 2318 quemadmodum

284 2327 362 2362 post
394 2324 548 2362 episcopi
577 2324 705 2354 caeteri
735 2325 885 2363 priorem
915 2324 1122 2363 opinionem
1155 2323 1303 2353 meliore
1333 2323 1514 2353 sententia
1541 2324 1742 2353 mutarunt.
1790 2323 1882 2353 Nam

283 2367 492 2396 testimonia
509 2367 773 2407 Scripturarum
790 2369 826 2397 et
843 2368 999 2398 rationes
1013 2367 1146 2406 quibus
1169 2367 1222 2397 illi
1240 2366 1388 2397 fuerunt
1404 2366 1442 2397 in
1459 2375 1540 2396 eum
1557 2375 1713 2396 errorem
1731 2365 1881 2404 inducti,

284 2410 465 2449 eleganter
492 2410 624 2441 refellit
648 2411 871 2450 Augustinus
902 2410 941 2440 in
966 2410 1071 2441 libris
1097 2411 1148 2441 De
1172 2410 1349 2450 baptismo
1381 2412 1504 2440 contra
1527 2408 1757 2449 Donatianos,
1784 2419 1882 2449 prae·

284 2454 408 2484 sertim
433 2453 536 2484 libris
559 2455 676 2493 tertio,
694 2456 802 2493 sexto,
823 2455 975 2494 septimo
992 2455 1016 2484 δ.
1132 2463 1201 2493 154.
1229 2454 1361 2484 alicubi
1377 2464 1418 2483 a:
1442 2453 1481 2484 in
1498 2452 1650 2492 epistola
1667 2453 1820 2492 quadam
1837 2453 1881 2484 ad

285 2496 476 2527 Paulinum
494 2498 518 2526 δ.

333 2626 403 2655 130.
430 2616 689 2657 Hieronymus]
708 2626 731 2647 c.
750 2619 849 2654 Lucis.
869 2627 921 2648 21.

333 2663 403 2699 146.
430 2663 549 2700 potius
569 2659 708 2700 haberi]
734 2660 819 2690 This
843 2660 990 2700 opinion
1017 2661 1054 2691 of

287 2704 454 2744 Cyprian,
474 2704 593 2734 which
618 2704 656 2733 in
673 2714 692 2732 α
716 2703 883 2734 Erasmus
910 2705 941 2734 is
963 2704 1050 2743 only

287 2748 457 2788 prepared
472 2750 507 2778 to
521 2747 629 2786 reject
642 2747 696 2777 for
708 2747 769 2777 the
783 2747 865 2777 sake
879 2747 916 2777 of
932 2748 1048 2787 unity,

290 2792 334 2822 he
356 2791 541 2830 definitely
566 2792 675 2821 treats
699 2800 737 2821 as
761 2800 806 2821 an
832 2800 932 2821 error
955 2792 993 2820 in
1012 2792 1049 2821 5:

287 2835 425 2873 though
462 2837 499 2865 at
534 2835 596 2864 the
627 2843 724 2864 same
762 2834 850 2863 time
884 2834 1054 2873 allowing

289 2878 438 2909 himself
451 2881 486 2909 to
496 2886 639 2917 express
653 2886 746 2907 some
760 2877 871 2908 doubt
888 2878 927 2918 (l.
946 2879 1050 2918 122n)

289 2933 326 2953 as
343 2923 380 2952 to
396 2922 458 2952 the
475 2922 567 2952 view
584 2922 622 2951 of
634 2920 697 2951 the
714 2920 870 2952 Chul-ch.

338 2975 406 3004 147.
434 2965 526 2996 Sunt
543 2966 578 2995 et
591 2963 679 3005 alia]
700 2964 843 2994 within
856 2964 918 2994 the
936 2964 1052 2994 limits

289 3009 326 3040 of
339 3019 358 3040 a
371 3009 509 3049 prefnce
524 3008 692 3038 Erasmus
702 3007 886 3047 evidently
899 3008 1052 3047 thought

1117 2618 1146 2648 it
1160 2618 1274 2648 better
1302 2619 1339 2648 to
1362 2617 1459 2647 leave
1487 2618 1673 2656 questions
1697 2617 1735 2649 of
1755 2617 1881 2658 dogma

1117 2661 1231 2692 alone.

1165 2714 1236 2743 149.
1260 2703 1484 2744 Lactantius]
1502 2707 1582 2736 [nst.
1600 2713 1629 2743 5.
1652 2714 1679 2735 1.
1698 2713 1751 2742 27.

1166 2757 1236 2786 150.
1264 2747 1497 2788 Caprianum]
1522 2748 1594 2778 The
1624 2747 1772 2787 reading
1798 2757 1880 2779 now

1118 2790 1283 2830 accepted
1302 2791 1331 2820 is
1360 2793 1560 2829 Coprz'anum,
1579 2800 1618 2821 as
1642 2790 1732 2821 from
1758 2791 1879 2832 κοπρία.

1118 2834 1163 2864 So
1188 2834 1334 2873 Alci-ati,
1354 2834 1393 2864 in
1425 2844 1508 2873 1530
1535 2834 1660 2874 (Lond.
1689 2835 1798 2866 xxvii.
1823 2845 1877 2875 30,

1120 2877 1189 2908 LB.
1211 2879 1329 2918 1143):
1357 2878 1419 2908 but
1444 2877 1519 2907 this
1542 2877 1634 2908 form
1659 2878 1817 2910 rcmains
1840 2879 1879 2909 in

1119 2921 1167 2951 all
1186 2920 1364 2951 Erasmus'
1381 2921 1547 2951 editions.

1168 2973 1238 3003 154.
1267 2963 1524 3004 Hieronymus]
1547 2966 1606 3001 Ep.
1626 2964 1679 3003 58.
1700 2973 1748 2995 10.

1167 3010 1237 3038 162.
1265 3007 1412 3048 legitur]
1438 3007 1538 3039 Hier.
1562 3010 1624 3038 Vir.
1645 3009 1687 3038 cll.
1708 3017 1762 3047 53.
