1990 3353
227 413 288 444 280

228 683 287 723 285

228 962 290 994 290

230 1232 289 1263 295

229 1507 291 1538 300

233 1771 293 1802 305

300 133 351 171 22
776 131 1026 171 LETTERS
1066 130 1134 169 OF
1172 129 1437 170 ERASMUS

1776 126 1900 182 [1519

358 243 478 282 Tales
506 243 617 281 viros
646 242 958 282 cordatissimus
988 242 1076 280 Rex
1104 242 1147 280 in
1178 240 1381 279 familiam
1415 253 1534 278 suam
1567 246 1690 288 atque
1723 237 1823 276 adeo
1856 236 1903 275 in

305 297 543 336 cubiculum
560 310 645 336 non
661 297 798 335 solum
819 295 1005 335 admittit
1022 296 1297 334 verumetiam
1313 295 1465 333 inuitat
1485 309 1493 342 ;
1523 307 1597 332 nec
1613 291 1767 331 inuitat
1781 291 1904 330 modo

304 352 577 390 verumetiam
598 351 810 400 pertrahit.
872 350 962 388 Hos
988 350 1113 388 habet
1136 349 1312 388 arbitros
1336 362 1380 387 ac
1404 350 1532 387 testes
1557 349 1775 397 perpetuos
1795 345 1904 384 vitae

305 419 412 453 suae,
449 406 525 444 hos
558 405 682 444 habet
716 406 759 443 in
789 404 985 449 consiliis,
1017 404 1093 442 hos
1122 404 1244 442 habet
1274 403 1472 441 itinerum
1502 402 1684 441 comites.
1742 399 1810 439 Ab
1838 399 1906 438 his

306 460 448 509 stipari
473 460 621 510 gaudet
649 459 787 509 potius
814 471 939 508 quam
966 458 1067 496 luxu
1094 457 1265 507 perditis
1291 457 1512 495 iuuenibus
1539 459 1608 494 aut
1635 454 1902 498 mulierculis,

305 516 378 553 aut
406 514 532 552 etiam
562 514 761 564 torquatis
789 513 926 559 Midis,
955 515 1025 550 aut-
1054 512 1288 561 insynceris
1310 511 1480 556 officiis;
1515 523 1687 560 quorum
1719 509 1825 547 alius
1854 508 1905 546 ad

305 569 538 618 voluptates
567 568 728 617 ineptas
757 570 909 614 auocet,
942 567 1048 605 alius
1078 567 1128 605 ad
1153 565 1418 615 tyrannidem
1448 565 1690 611 inflammet.
1721 563 1827 601 alius
1855 562 1905 601 ad

307 623 574 672 expilandum
595 622 797 672 populum
815 634 942 660 nouas
957 621 1125 659 technas
1145 623 1350 671 suggerat.
1393 619 1443 657 In
1461 620 1535 658 hac
1550 619 1643 657 aula
1663 618 1699 656 si
1719 617 1905 664 vixisses,

307 677 508 724 Huttene,
531 678 594 715 sat
620 676 704 714 scio
730 688 896 714 rursum
922 675 1044 713 aliam
1070 674 1225 712 Aulam
1253 674 1511 718 describeres,
1536 675 1577 711 et
1604 672 1800 710 misaulos
1821 683 1908 709 esse

308 731 536 770 desineres:
567 743 804 780 quanquam
825 732 871 768 tu
892 743 1050 779 quoque
1070 743 1162 767 cum
1179 742 1225 767 eo
1241 728 1435 777 Principe
1450 727 1557 765 viuis
1572 729 1617 765 vt
1637 725 1909 776 integriorem

308 798 382 824 nec
412 787 550 835 optare
574 784 720 834 possis.
778 784 923 834 Neque
947 784 1099 822 desunt
1126 783 1196 833 qui
1225 783 1347 821 rebus
1377 782 1547 832 optimis
1572 781 1749 827 faueant,
1779 778 1909 817 veluti

308 840 544 878 Stromerus
578 852 622 877 ac
654 839 830 888 Coppus.
889 837 969 877 Sed
1003 838 1103 887 quid
1137 838 1216 876 ista
1245 837 1430 887 paucitas
1461 836 1511 874 ad
1540 837 1705 873 tantum
1733 846 1909 873 examen

308 894 538 943 insignium
559 893 757 939 virorum,
780 892 981 939 Montioii,
1008 892 1183 938 Linacri,
1206 891 1339 937 Pacei,
1363 890 1508 937 Coleti,
1532 889 1786 934 Stocschleii,
1805 887 1911 926 Lati-

307 948 422 995 meri,
441 947 557 995 Mori,
571 947 792 991 Tunstalli,
812 947 962 986 Clerici
982 948 1104 996 atque
1125 946 1301 985 aliorum
1322 945 1388 984 his
1406 944 1660 983 adsimilium
1677 945 1697 982 ‘?
1736 954 1911 992 quorum

309 1015 599 1052 quemcunque
620 1001 860 1047 nominaris,
880 1001 1087 1039 mundum
1104 1001 1294 1038 omnium
1311 1000 1517 1038 virtutum
1537 1011 1581 1037 ac
1598 997 1911 1047 disciplinarum

309 1056 435 1094 semel
466 1056 629 1094 dixeris.
690 1056 795 1094 Mihi
823 1068 922 1093 vero
952 1068 1044 1104 spes
1073 1057 1133 1093 est
1163 1054 1273 1092 haud
1304 1066 1512 1104 quaquam
1541 1052 1726 1102 vulgaris
1748 1051 1834 1089 fore
1863 1051 1910 1088 vt

308 1111 519 1158 Albertus,
550 1111 722 1149 vnicum
752 1110 817 1148 his
846 1109 1102 1159 temporibus
1131 1111 1297 1147 nostrae
1328 1107 1572 1146 Germaniae
1602 1107 1908 1152 ornamentum,

309 1167 350 1203 et
370 1165 507 1214 plures
528 1164 593 1203 sui
613 1164 772 1203 similes
792 1164 834 1201 in
856 1177 974 1202 suam
995 1163 1147 1212 allegat
1168 1162 1384 1210 familiam,
1407 1165 1448 1200 et
1468 1161 1638 1199 caeteris
1659 1159 1913 1210 principibus

309 1219 426 1269 graui
445 1219 499 1256 sit
518 1218 720 1268 exemplo,
743 1220 788 1256 vt
808 1218 919 1256 idem
945 1220 985 1255 et
1005 1217 1085 1267 ipsi
1105 1230 1200 1256 suae
1221 1218 1395 1267 quisque
1419 1216 1533 1254 domi
1551 1216 1682 1254 facere
1702 1215 1908 1253 studeant.

366 1273 506 1311 Habes
540 1272 767 1322 imaginem
801 1272 851 1310 ad
884 1272 1090 1321 optimum
1129 1272 1338 1321 exemplar
1370 1284 1393 1309 a
1425 1270 1606 1320 pessimo
1641 1269 1798 1307 artifice
1827 1280 1913 1306 non

310 1329 466 1377 optime
486 1327 734 1365 deliniatam.
796 1327 855 1364 Ea
872 1327 949 1364 tibi
964 1327 1105 1364 minus
1121 1325 1309 1375 placebit,
1329 1325 1364 1363 si
1383 1325 1597 1374 continget
1612 1324 1777 1362 Morum
1793 1334 1914 1361 nosse

310 1381 490 1431 propius.
552 1382 631 1420 Sed
661 1381 764 1419 illud
795 1383 937 1419 tamen
967 1381 1135 1419 interim
1166 1381 1266 1428 caui,
1300 1393 1351 1418 ne
1383 1379 1488 1417 mihi
1516 1379 1648 1429 possis
1682 1377 1912 1427 impingere

311 1436 420 1486 quod
451 1436 528 1474 tibi
556 1436 698 1474 minus
728 1435 947 1485 paruerim,
981 1448 1085 1473 neue
1113 1447 1275 1484 semper
1303 1434 1525 1484 opprobres
1555 1433 1737 1471 nimium
1766 1432 1914 1470 breues

311 1490 516 1539 epistolas.
578 1490 757 1529 Etiamsi
777 1490 876 1527 haec
897 1502 972 1528 nec
996 1489 1104 1527 mihi
1130 1489 1327 1527 scribenti
1348 1489 1437 1526 visa
1457 1489 1518 1525 est
1544 1487 1722 1536 longior,
1742 1499 1816 1524 nec
1836 1485 1914 1524 tibi

310 1544 477 1594 legenti,
501 1545 565 1582 sat
584 1545 678 1590 scio,
702 1544 862 1593 prolixa
881 1543 1116 1582 videbitur:
1146 1543 1188 1581 id
1208 1543 1331 1581 faciet
1351 1542 1457 1580 Mori
1476 1540 1608 1580 nostri
1628 1541 1821 1579 suauitas.

366 1599 523 1636 Verum
545 1611 596 1636 ne
617 1599 727 1636 nihil
753 1598 803 1636 ad
828 1600 1080 1647 postremam
1101 1600 1217 1636 tuam
1238 1597 1457 1647 epistolam
1485 1596 1766 1646 respondeam,
1788 1607 1913 1644 quam

313 1652 428 1702 prius
467 1666 659 1691 excusam
699 1652 781 1702 legi
820 1665 945 1702 quam
983 1652 1192 1701 scriptam,
1234 1651 1455 1690 clarissimi
1500 1650 1712 1698 Principis
1749 1648 1915 1687 Alberti

313 1706 616 1745 humanitatem
637 1720 685 1746 ex
706 1707 834 1756 ipsius
855 1707 981 1745 etiam
1007 1707 1057 1745 ad
1081 1719 1146 1744 me
1166 1706 1299 1744 literis
1322 1705 1520 1744 intellexi.
1581 1704 1659 1742 Sed
1685 1704 1767 1754 qui,
1791 1715 1913 1753 quae-

314 1774 370 1808 so,
394 1761 551 1799 factum
572 1763 617 1799 vt
636 1763 777 1811 patera
802 1760 916 1809 prius
942 1761 992 1799 ad
1020 1773 1166 1799 omnes
1191 1760 1428 1810 peruenerit
1449 1760 1532 1797 tuis
1555 1759 1688 1797 literis
1712 1771 1836 1808 quam
1861 1756 1914 1795 ad

315 1827 381 1853 me
393 1816 414 1854 ⁶?
443 1815 560 1854 Certe
580 1828 652 1864 per
667 1815 877 1853 neminem
893 1816 1045 1854 certius
1062 1815 1227 1853 mittere
1246 1817 1408 1865 poteras
1424 1827 1549 1863 quam
1569 1826 1642 1864 per
1661 1812 1915 1851 Richardum

315 1870 506 1917 Paceum,
537 1870 792 1908 serenissimi
817 1869 994 1920 Angliae
1023 1870 1147 1919 Regis
1175 1872 1389 1915 oratorem,
1412 1869 1501 1906 siue
1526 1881 1592 1906 me
1618 1866 1788 1906 haberet
1816 1866 1915 1904 Bra-

705 1981 779 2010 297.
808 1974 854 2002 F:
879 1971 1094 2002 deliniatum
1113 1973 1164 2001 E:
1188 1969 1410 2001 delineatam
1426 1972 1524 2001 Lon-sl.

360 2080 435 2118 285.
460 2079 565 2110 aliam
585 2079 732 2121 Aulam]
752 2079 803 2111 Cf.
825 2080 886 2119 Ep.
905 2081 979 2119 863.
998 2090 1078 2119 3111.

361 2124 433 2154 286.
464 2123 646 2164 Principe]
680 2124 805 2154 Albert
829 2123 866 2153 of
895 2124 1082 2154 Branden-

319 2166 418 2206 burg,
444 2166 657 2207 archbishop
687 2167 726 2197 of
754 2167 897 2198 Mainz:
928 2177 984 2198 see
1017 2168 1078 2207 Ep.

318 2210 392 2241 661.

363 2253 437 2284 288.
465 2253 620 2294 Coppus]
640 2254 702 2284 See
717 2254 780 2293 Ep.
798 2254 871 2294 986.
897 2264 970 2292 1411.

363 2296 438 2335 289.
462 2297 687 2337 Stocschleii]
714 2298 776 2328 See
800 2298 860 2337 Ep.
880 2299 953 2337 855.
972 2307 1052 2336 43n.

408 2339 597 2380 Latimeri]
620 2341 638 2371 Ι
655 2341 699 2371 do
717 2344 780 2371 not
798 2341 903 2371 know
923 2351 968 2371 on
988 2342 1083 2372 what

319 2383 456 2422 ground
472 2384 639 2414 Erasmus
650 2387 815 2415 connects
830 2385 986 2415 Latimer
1002 2385 1083 2425 (Ep.

321 2435 394 2464 ²07·
414 2428 496 2466 22n)
518 2427 608 2457 with
634 2428 696 2457 the
722 2428 840 2468 Court,
861 2429 982 2459 unless
1004 2429 1082 2459 that

322 2469 466 2543 llgelwas
495 2470 550 2500 for
573 2480 593 2501 a
616 2471 704 2502 time
728 2474 825 2502 tutor
849 2474 885 2502 to
910 2472 1084 2512 Reginald

350 2522 369 2544 ο
385 2523 414 2544 e.

364 2565 439 2596 290.
466 2556 610 2598 Clerici]
643 2558 740 2588 John
772 2558 876 2589 Clerk
909 2558 977 2598 (†3
1001 2559 1083 2590 Jan.

326 2600 435 2641 1541).
498 2601 553 2631 He
584 2610 655 2631 was
687 2602 774 2632 B.A.
806 2606 841 2632 at
873 2602 1083 2642 Cambridge

327 2652 418 2682 1499,
451 2643 542 2675 M.A.
579 2655 672 2684 1502,
696 2646 768 2676 and
800 2646 887 2676 then
921 2646 1031 2685 began
1064 2657 1083 2677 a

323 2696 442 2717 career
467 2687 505 2717 of
533 2689 710 2719 incessant
734 2689 982 2720 ecclesiastical
1009 2700 1083 2728 pre-

324 2729 488 2760 ferment.
520 2732 568 2762 At
582 2731 656 2762 this
668 2732 755 2762 time
770 2732 815 2763 he
829 2742 901 2763 was
915 2733 1083 2772 chaplain

323 2775 360 2803 to
390 2773 534 2813 VVolsey
565 2774 636 2805 and
672 2775 761 2805 dean
792 2776 830 2806 of
857 2777 918 2807 the
950 2776 1085 2816 Chapel

324 2816 448 2856 Royal,
489 2817 559 2848 and
600 2818 684 2848 thus
724 2828 795 2849 was
833 2820 871 2849 in
918 2819 1086 2859 frequent

322 2859 536 2891 attendance
549 2870 595 2892 on
610 2862 670 2892 the
685 2861 792 2892 court
810 2873 817 2901 ς
841 2865 964 2903 except
978 2863 1085 2893 when

325 2903 370 2934 he
395 2913 466 2934 was
497 2906 576 2935 sent
609 2914 654 2934 on
686 2906 886 2943 embassies,
913 2908 1015 2937 twice
1051 2909 1086 2937 to

325 2946 458 2978 France
469 2947 540 2978 and
552 2948 654 2978 twice
667 2950 700 2978 to
714 2948 821 2979 Rome
835 2949 893 2989 (cf.
909 2950 970 2989 Ep.
992 2959 1084 2988 1227.

324 2990 401 3030 5n).
460 2991 527 3022 For
562 3002 582 3022 a
615 3001 707 3031 year,
746 3002 882 3032 1522--3,
928 2993 973 3024 he
1013 3003 1085 3024 was

1151 2080 1283 2111 Master
1306 2081 1344 2110 of
1371 2080 1434 2111 the
1459 2080 1565 2119 Rolls,
1592 2081 1664 2111 and
1688 2081 1728 2111 in
1763 2090 1845 2119 1523
1869 2081 1914 2111 he

1150 2133 1222 2153 was
1239 2123 1379 2154 created
1396 2124 1522 2164 bishop
1536 2124 1574 2154 of
1586 2125 1680 2155 Bath
1700 2124 1771 2154 and
1789 2124 1910 2155 Wells.

1150 2167 1214 2198 See
1228 2167 1333 2198 DNB.

1196 2210 1348 2250 Knight‚
1375 2221 1433 2250 pp.
1460 2221 1577 2251 220-1.
1613 2210 1793 2242 identifies
1824 2210 1914 2241 with

1151 2254 1303 2285 another
1326 2255 1422 2285 John
1452 2254 1557 2286 Clerk
1584 2255 1620 2293 (†
1635 2264 1673 2285 10
1697 2255 1778 2294 May
1805 2255 1912 2294 1552),

1151 2298 1232 2329 who
1258 2298 1328 2328 had
1354 2298 1487 2329 known
1511 2299 1601 2329 Pace
1626 2299 1705 2339 (Ep.
1731 2308 1804 2329 211.
1830 2300 1913 2337 43n)

1152 2341 1357 2381 intimately
1370 2343 1408 2372 in
1421 2342 1517 2381 Italy
1526 2342 1585 2382 (De
1598 2344 1723 2380 Fructu,
1736 2352 1791 2382 pp.
1800 2344 1912 2381 24-5),

1153 2386 1291 2416 became
1315 2387 1492 2424 secretary
1509 2387 1543 2416 to
1567 2386 1629 2416 the
1651 2385 1753 2416 Duke
1771 2386 1810 2416 of
1831 2385 1918 2416 Nor-'

1151 2428 1235 2467 f01k‚
1255 2429 1326 2459 and
1345 2430 1451 2459 wrote
1468 2438 1513 2459 an
1533 2431 1718 2466 Opusculum
1733 2431 1769 2459 de
1785 2433 1915 2460 mortuo-

1150 2482 1223 2502 rum
1238 2475 1460 2512 resurrectione,
1484 2482 1590 2511 1545:
1614 2481 1669 2503 see
1693 2472 1802 2504 DNB.
1843 2472 1916 2503 But

1152 2516 1190 2546 in
1207 2516 1294 2546 such
1309 2525 1483 2555 company
1494 2515 1556 2547 the
1572 2516 1697 2556 bishop
1715 2517 1744 2546 is
1762 2516 1917 2556 perhaps

1151 2569 1247 2590 more
1265 2559 1388 2598 likely.

1194 2612 1268 2641 302.
1294 2602 1499 2644 epistolam]
1520 2603 1581 2642 Ep.
1600 2602 1674 2642 986.
1701 2602 1797 2634 Fora
1809 2603 1915 2633 letter

1151 2646 1189 2675 of
1212 2646 1379 2677 Erasmus
1398 2649 1432 2677 to
1449 2647 1590 2677 Hutten
1607 2656 1635 2678 c.
1653 2656 1696 2685 3ο
1719 2647 1800 2687 May
1817 2649 1914 2686 (con—
1976 2678 1978 2682 Α

1151 2691 1355 2728 temporary
1371 2690 1462 2720 with
1486 2690 1569 2729 Epp.
1590 2690 1664 2729 981,
1683 2690 1776 2730 9855,
1797 2690 1916 2720 which

1152 2733 1263 2772 ought
1280 2735 1314 2763 to
1333 2734 1421 2763 have
1436 2734 1522 2764 been
1536 2733 1718 2764 delivered
1732 2738 1767 2764 at
1781 2733 1916 2764 Frank·

1153 2776 1222 2806 fort
1239 2777 1285 2816 by
1299 2777 1358 2807 the
1376 2777 1526 2816 bearerS,
1540 2777 1650 2808 Jonas
1666 2777 1738 2808 and
1755 2776 1914 2815 Schalbe,

1152 2832 1179 2851 e.
1206 2819 1299 2850 June
1326 2820 1432 2855 med..
1458 2830 1513 2851 see
1537 2820 1645 2852 EHE.
1670 2830 1702 2860 p.
1729 2820 1793 2860 289
1817 2819 1910 2862 (HE.

1157 2865 1232 2902 135)
1251 2863 1322 2893 and
1339 2865 1380 2895 cf.
1402 2864 1464 2903 Ep.
1483 2865 1558 2903 963.
1581 2874 1634 2895 m.

1196 2916 1270 2945 305.
1297 2906 1341 2937 ad
1353 2906 1491 2947 omnes]
1503 2907 1669 2948 Through
1680 2907 1741 2938 the
1752 2908 1917 2948 printing

1152 2949 1190 2980 of
1204 2950 1264 2990 Ep.
1284 2951 1357 2989 986.

1195 3003 1268 3033 307.
1296 2992 1465 3034 Paceum]
1492 2994 1554 3025 See
1573 2994 1635 3035 Ep.
1655 2994 1720 3034 986
1736 2993 1866 3026 introd.
