1990 3353
284 118 365 156 246
753 116 1004 155 LETTERS
1042 115 1111 155 OF
1150 114 1442 155 ERASMUs
1475 126 1477 128 ·
1527 122 1530 125 ’
1752 113 1882 169 [1520

223 243 267 275 40
287 227 513 276 Nunquam
553 226 665 264 enim
705 225 925 275 quiescunt
963 225 1045 275 isti,
1088 226 1159 264 sed
1201 225 1365 264 assidue
1408 228 1553 265 contra
1590 227 1796 276 optimum
1833 238 1880 264 ac

287 281 577 319 doctissimum
604 292 796 329 quenque
821 293 984 318 necnon
1009 280 1226 319 veritatem
1258 280 1391 329 ipsam
1421 280 1736 320 debacchantur.
1796 280 1882 319 Nec

287 335 466 373 mirum:
515 347 596 384 quo
636 336 753 383 pacto
792 335 904 372 enim
949 334 1250 381 benedicerent,
1291 334 1363 383 qui
1407 334 1469 372 nil
1513 334 1596 373 nisi
1639 334 1883 373 maledicere

289 389 554 428 didicerunt?
597 389 783 437 Quorum
815 388 992 437 animus,
1029 388 1258 438 ingenium,
1294 401 1430 426 mores
1465 388 1671 427 eiusmodi
1707 391 1806 427 sunt
1838 390 1885 428 vt

288 443 410 493 longe
435 444 615 493 praestet
641 442 692 480 ab
718 442 804 480 illis
828 442 1055 493 vituperari
1081 456 1207 492 quam
1230 442 1401 489 laudari,
1423 441 1614 492 maleque
1635 456 1759 494 quam
1779 442 1886 481 bene

227 514 269 546 45
289 498 443 537 audire.

345 550 563 590 Caeterum
591 563 686 588 cum
715 550 803 589 sint
830 550 1013 589 infantes
1041 550 1133 600 ipsi,
1164 552 1212 589 vt
1239 550 1372 589 animi
1404 563 1565 590 veneno
1599 551 1707 589 desit
1740 551 1883 599 oratio,

290 618 385 644 cum
423 605 509 643 sint
547 605 710 652 inertes,
750 608 798 643 vt
836 605 973 643 nolint
1011 604 1181 643 interim
1219 605 1361 643 abesse
1398 618 1421 643 a
1461 604 1549 643 suis
1586 605 1884 655 voluptatibus,

292 661 500 709 postremo
529 672 624 697 cum
654 661 843 699 metuant
872 672 923 697 ne
953 659 1094 697 minus
1123 658 1321 708 colligant
1349 672 1570 706 caseorum,
1598 659 1732 698 indies
1759 672 1889 698 accre-

292 716 432 753 scente
451 713 649 752 aduersus
669 727 739 752 eos
758 713 871 752 orbis
891 713 995 760 odio,
1018 726 1101 750 non
1123 714 1280 751 mirum
1301 713 1337 751 si
1363 715 1545 762 querunt
1569 713 1698 752 talem
1723 713 1889 752 histrio-

232 785 274 816 50
294 781 391 807 nem
431 767 565 817 qualis
601 769 663 805 est
701 768 819 814 Leus,
857 767 928 818 qui
960 770 1204 817 personatus
1236 769 1276 805 et
1309 767 1540 806 instructus
1577 767 1757 807 alienam
1796 769 1889 818 agat

293 822 489 870 fabulam,
514 825 554 860 et
574 822 772 860 infamem
792 821 968 871 gloriam
988 821 1166 872 praemii
1191 820 1282 860 loco
1301 822 1416 860 ferat.
1477 821 1603 860 Hunc
1629 824 1788 872 oportet
1814 835 1889 860 nec

294 876 444 915 frontis
463 876 617 914 habere
637 877 858 926 quicquam
879 889 953 914 nec
973 875 1118 923 cordis,
1140 875 1209 913 sed
1230 877 1397 914 tantum
1416 875 1605 926 linguam
1622 877 1820 915 effrenem
1845 889 1892 915 ac

295 930 571 969 meretriciam
599 931 900 981 procacitatem.
960 930 1049 978 Quo
1079 929 1248 980 quidem
1275 930 1322 968 in
1349 943 1498 980 genere
1525 930 1632 969 Leus
1660 931 1737 969 iste
1760 931 1892 969 vincit

297 998 442 1023 omnes
479 988 682 1035 quotquot
719 984 894 1023 antehac
931 984 1173 1034 prodierunt
1210 984 1256 1022 in
1292 984 1571 1034 proscenium,
1609 998 1713 1035 quos
1750 986 1892 1023 tamen

237 1058 276 1090 55
297 1038 455 1090 aliquot
474 1039 752 1089 spectauimus
771 1038 991 1089 insigniter
1008 1038 1284 1088 impudentes.
1336 1038 1438 1086 Quis
1457 1039 1570 1077 enim
1590 1053 1674 1078 non
1692 1038 1895 1090 intelligit

297 1107 321 1132 a
350 1093 500 1143 quibus
534 1095 733 1132 consutus
767 1093 823 1131 sit
850 1093 929 1131 iste
957 1092 1147 1131 calceus?
1197 1092 1276 1131 Sed
1302 1093 1411 1131 Leus
1438 1092 1588 1141 induit,
1623 1095 1789 1132 acturus
1818 1106 1894 1143 pro

298 1148 446 1186 multis
474 1147 668 1196 fabulam,
702 1148 777 1186 hoc
806 1148 868 1186 est
896 1146 986 1186 orbi
1011 1147 1271 1185 exhibiturus
1293 1147 1555 1186 teterrimum
1580 1150 1817 1187 monstrum
1844 1160 1895 1186 ex

298 1202 472 1250 inscitia,
497 1201 740 1251 arrogantia,
759 1202 951 1249 vanitate,
968 1201 1195 1240 virulentia
1213 1200 1555 1251 impudentiaque
1574 1202 1821 1241 conflatum:
1849 1202 1895 1240 in

300 1269 476 1305 summa,
495 1255 575 1294 tale
596 1255 716 1305 quale
737 1256 962 1305 depinxisti
975 1255 1020 1294 in
1036 1255 1177 1294 libello
1193 1269 1274 1305 quo
1289 1256 1510 1306 respondes
1524 1256 1690 1295 Latomi
1709 1256 1892 1306 dialogis,

240 1314 282 1346 60
301 1311 407 1349 mira
427 1310 594 1360 quidem
617 1311 827 1359 breuitate,
852 1310 922 1348 sed
941 1311 988 1348 vt
1007 1309 1116 1348 nihil
1135 1309 1222 1347 fieri
1241 1311 1373 1360 possit
1391 1310 1633 1349 absolutius.
1682 1311 1898 1359 Quencun·

301 1378 381 1416 que
411 1364 761 1414 contemplabaris
791 1364 931 1402 animo
959 1377 1055 1402 cum
1086 1363 1160 1402 illa
1187 1364 1396 1411 scriberes,
1430 1366 1539 1402 certe
1572 1366 1644 1403 tua
1676 1365 1896 1414 descriptio

301 1419 518 1469 aptissime
537 1419 727 1468 congruit
748 1432 843 1457 cum
869 1418 1052 1468 imagine
1078 1418 1213 1468 operis
1238 1418 1362 1456 Leici.
1422 1419 1477 1457 Et
1502 1419 1548 1457 in
1573 1418 1650 1458 hoc
1675 1432 1758 1458 vno
1782 1420 1899 1458 visus

302 1475 366 1512 est
392 1473 500 1511 mihi
529 1473 686 1523 aliquid
716 1473 920 1512 humanae
949 1472 1104 1511 mentis
1132 1472 1294 1520 habere,
1326 1473 1435 1522 quod
1468 1473 1639 1523 agnouit
1671 1473 1897 1524 imaginem

303 1541 433 1566 suam.
492 1527 586 1567 Scio
619 1529 659 1565 te
692 1541 777 1566 non
810 1527 1053 1577 imperitum
1087 1539 1173 1565 esse
1206 1526 1418 1576 pictorem.
1478 1527 1557 1566 Sed
1587 1540 1710 1566 nemo
1738 1530 1899 1576 poterat

242 1585 283 1627 65
305 1582 438 1621 Leum
467 1582 696 1631 exprimere
725 1581 877 1620 rectius
906 1594 1031 1631 quam
1064 1581 1267 1631 expressit
1300 1581 1492 1631 seipsum.
1552 1581 1682 1620 Totus
1714 1581 1785 1620 ille
1819 1581 1900 1621 sibi

303 1636 459 1686 placuit
479 1638 519 1674 et
539 1649 583 1674 se
602 1638 741 1675 totum
763 1636 974 1685 expressit.
1035 1635 1152 1684 Quod
1173 1635 1210 1673 si
1229 1637 1277 1674 tu
1303 1636 1578 1685 praedicasses
1604 1636 1820 1675 hominem
1846 1636 1898 1675 ad

305 1690 513 1729 insaniam
533 1704 662 1740 vsque
682 1691 919 1741 gloriosum,
937 1703 1066 1740 vsque
1085 1690 1183 1728 adeo
1203 1689 1283 1727 sibi
1302 1689 1535 1739 placentem
1554 1693 1600 1729 vt
1620 1691 1795 1729 miretur
1815 1704 1901 1729 non

306 1745 414 1784 verti
451 1744 497 1782 in
542 1758 679 1783 rosam
726 1744 921 1794 quicquid
966 1744 1198 1792 calcauerit,
1240 1757 1283 1782 se
1319 1754 1451 1782 vnum
1489 1745 1776 1793 admirantem,
1819 1744 1901 1783 sibi

306 1799 541 1849 pulchrum,
566 1799 645 1837 sibi
667 1799 845 1845 doctum,
868 1798 946 1836 sibi
967 1801 1170 1860 sanctum,
1193 1811 1288 1836 cum
1310 1798 1427 1836 nulla
1450 1798 1620 1836 omnino
1645 1812 1688 1837 re
1715 1799 1822 1838 bona
1847 1799 1901 1838 sit

248 1866 288 1898 70
306 1853 525 1904 praeditus,
559 1866 632 1891 nec
663 1853 885 1902 quicquam
914 1853 1063 1891 habeat
1091 1852 1135 1890 in
1164 1855 1327 1902 pectore
1354 1854 1517 1903 praeter
1545 1866 1904 1904 venena‚—quan·

309 1921 434 1958 quam
473 1907 689 1946 verissima
720 1907 914 1969 dixisses,
955 1909 1096 1945 tamen
1134 1906 1319 1945 f01tassis
1357 1920 1441 1945 non
1479 1920 1624 1946 omnes
1669 1910 1787 1947 erant
1824 1907 1904 1975 tibi

309 1961 516 2001 credituri.
575 1961 728 2000 Nunc
716 1975 803 2011 ipse
823 1961 935 1999 Leus
955 1974 998 1999 se
1018 1961 1145 1999 talem
1165 1961 1377 2032 expiessit3

364 2017 463 2065 Ego,
500 2016 560 2054 mi
600 2015 780 2063 Erasme,
818 2015 1049 2066 pluiimum
1087 2015 1170 2053 fido
1209 2018 1303 2053 tuae
1341 2015 1520 2065 simplici
1552 2015 1763 2065 probitati.
1819 2016 1904 2054 Vix

309 2073 451 2109 tamen
467 2083 579 2108 eram
600 2071 832 2108 crediturus
853 2072 1018 2108 tantum
1037 2069 1252 2117 stultitiae,
1270 2072 1437 2108 tautum
1453 2070 1718 2119 arrogantiae,
1736 2072 1904 2108 tantum

253 2139 289 2170 15
310 2124 407 2173 fuci,
422 2127 587 2162 tantum
604 2124 854 2171 stoliditatis,
874 2125 1039 2161 tantum
1055 2123 1241 2162 maliciae
1257 2137 1344 2162 esse
1358 2124 1402 2161 in
1419 2124 1505 2162 vllo
1520 2126 1683 2174 pectore
1698 2124 1905 2163 humano:

309 2179 345 2217 si
364 2181 507 2218 tamen
525 2179 605 2217 iste
625 2179 734 2217 Leus
754 2179 880 2216 homo
900 2177 1097 2216 dicendus
1116 2179 1188 2226 est,
1208 2191 1254 2216 ac
1275 2191 1359 2216 11011
1377 2177 1517 2228 potius
1536 2179 1751 2217 teterrima
1769 2178 1902 2216 belua.

355 2293 409 2321 40.
434 2283 627 2321 Nunquam
646 2307 652 2313 .
672 2307 679 2314 .
699 2307 706 2314 .
723 2283 783 2313 isti
801 2284 823 2316 β
840 2293 847 2312 :
869 2282 934 2312 Tot
957 2282 1056 2312 enim
1079 2290 1119 2312 ac
1143 2281 1231 2312 tales
1247 2282 1332 2311 sunt
1347 2279 1526 2321 ἀλάστορες
1541 2280 1597 2310 1111
1612 2282 1652 2310 vt
1668 2290 1733 2310 nec
1747 2289 1906 2318 vnquam

312 2327 490 2365 quiescere
506 2326 651 2357 valeant
670 2338 702 2357 α.
792 2326 934 2357 assidue
951 2327 997 2359 β.
989 2335 998 2343 ·
1022 2333 1161 2364 semper
1177 2336 1209 2355 α.
1299 2334 1339 2354 ac
1354 2324 1601 2354 doctissimum
1617 2326 1689 2354 add.
1708 2324 1742 2357 β.
1853 2333 1908 2362 41.

314 2379 453 2401 necnon
472 2371 515 2403 B:
542 2379 580 2400 ac
598 2381 627 2400 α.
730 2370 800 2400 Nec
824 2370 1010 2400 mirum..
1031 2392 1038 2400 .
1057 2378 1109 2407 44.
1135 2369 1290 2407 praestet
1306 2369 1352 2401 B:
1383 2367 1602 2407 Quapropter
1625 2367 1727 2407 longe
1750 2369 1907 2406 praestat

315 2424 345 2445 α.
490 2413 654 2452 maleque
671 2414 780 2447 β;110
796 2412 889 2443 male
906 2424 940 2444 α.
1114 2413 1166 2450 46.
1195 2412 1383 2442 Caeterum
1403 2434 1410 2441 .
1429 2435 1437 2442 .
1457 2435 1464 2442 .
1481 2411 1533 2449 84.
1559 2410 1783 2450 Capnioncm
1799 2411 1823 2444 β
1840 2412 1907 2450 (76.

314 2458 367 2487 est
383 2455 420 2491 Bl
431 2460 478 2487 F:
499 2466 557 2487 om.
575 2456 649 2497 ss2)·
644 2482 650 2487 .
674 2457 718 2486 ld
737 2457 928 2487 ticendum
946 2456 1021 2486 sint
1037 2455 1202 2494 impotes,
1219 2455 1263 2485 ad
1283 2455 1503 2493 loquendum
1520 2463 1603 2485 vero
1620 2455 1764 2494 penitus
1780 2454 1909 2494 inepti.

315 2499 406 2540 Quid
424 2500 558 2530 mirum
575 2501 718 2539 igitm
703 2501 733 2530 :i
751 2499 897 2530 tandem
913 2499 1101 2530 hominem
1116 2499 1216 2529 iuxta
1234 2498 1350 2528 cordis
1367 2498 1422 2528 sui
1438 2497 1657 2528 desiderium
1674 2497 1908 2535 inuenerunt,

316 2544 377 2583 qui
392 2543 572 2583 perditam
589 2553 709 2575 eorum
728 2544 994 2583 improbitatem
1012 2552 1050 2573 ac
1066 2542 1314 2573 detestandam
1331 2541 1583 2580 loquacitatem
1601 2541 1787 2572 teterrima
1803 2550 1910 2581 nuga-

317 2596 398 2617 rum
421 2587 607 2617 coluuione
631 2596 670 2617 ac
694 2587 884 2626 nephando
907 2587 1097 2617 verborum
1121 2585 1300 2615 lenocinio
1324 2585 1486 2616 fucaret?
1530 2584 1617 2624 Quis
1633 2585 1731 2615 enim
1755 2587 1831 2615 tam
1854 2585 1911 2615 in-

317 2630 452 2661 sulssus
475 2632 566 2661 esset
590 2640 628 2661 ac
652 2631 760 2660 hebes
784 2631 845 2669 qui
870 2639 943 2661 non
968 2630 1129 2660 cerneret
1145 2628 1366 2659 venerandos
1389 2629 1574 2668 Magistros
1595 2631 1734 2659 nostros
1753 2627 1909 2658 calceum

318 2674 415 2705 hunc
440 2674 629 2711 consuisse,
651 2674 801 2713 probum
819 2683 902 2704 vero
918 2673 1021 2703 illum
1040 2673 1157 2703 virum
1183 2672 1341 2702 induisse
1355 2673 1372 2702 ‘.>
1403 2672 1496 2703 vnde
1520 2682 1593 2702 non
1616 2672 1761 2702 imerito
1785 2671 1911 2703 maiori

318 2717 542 2748 excandescit
555 2717 806 2757 indignatione
819 2727 898 2747 cum
911 2716 1068 2756 egregios
1082 2716 1161 2746 illos
1175 2715 1359 2755 Magistros
1371 2715 1633 2755 aliquantisper
1643 2714 1769 2745 durius
1779 2716 1912 2747 tractas

319 2770 426 2801 quam
451 2770 531 2791 011111
555 2760 777 2800 Scripturam
802 2763 961 2791 sanctam
987 2761 1040 2800 <vt
1064 2759 1118 2789 illi
1135 2759 1278 2798 volunt)
1305 2759 1490 2798 peruertis.
1537 2759 1582 2789 Et
1599 2759 1664 2789 hoc
1680 2758 1767 2789 facit
1783 2759 1913 2789 caritas

320 2805 384 2836 illa
401 2814 473 2835 non
491 2804 572 2834 ficta
587 2813 654 2842 quc
671 2806 734 2834 sub
752 2804 936 2843 religionis
952 2806 986 2834 ct
1003 2803 1195 2833 modestiae
1212 2804 1399 2842 praetextu
1415 2803 1523 2833 etiam
1542 2801 1732 2832 lenonibus
1753 2802 1913 2841 turpiora

321 2848 437 2879 audet.
473 2848 516 2877 Et
533 2850 572 2877 tu
589 2848 704 2877 obiter
722 2848 865 2877 miraris
879 2847 1037 2877 inueniri
1054 2847 1116 2885 qui
1134 2846 1332 2876 insanienti
1352 2846 1489 2886 ‘Euge’
1508 2845 1600 2876 illud
1616 2845 1808 2876 accinant‘?
1832 2854 1912 2876 cum

365 2960 417 2998 48.
442 2959 640 3000 caseorum]
658 2958 709 2989 Cf.
730 2958 792 2998 Ep.
813 2960 886 2997 877.
908 2968 958 2997 23.
1153 2959 1244 2988 1061.
1265 2968 1365 2997 50411.

366 3014 417 3042 59.
446 3001 660 3044 depinxisti]
690 3002 754 3033 See
783 3002 871 3041 Epp.
898 3011 973 3041 993.
1000 3012 1079 3041 3211,
1193 3002 1245 3032 68.
1274 2997 1641 3037 iu1-0sa111]Cf.Pers.
1663 3007 1690 3028 2.
1707 2998 1759 3036 38.
