1990 3353
48 129 171 184 1153]
445 130 514 168 To
554 129 884 169 GODESCALC
921 129 1264 168 ROSEMONDT
1573 132 1654 169 367

47 244 232 282 Rhomae
252 242 486 280 doceantur.
546 241 663 289 Quod
685 241 734 279 ad
755 240 922 280 Nouum
943 241 1255 278 Testamentum
1277 238 1441 287 attinet,
1465 240 1565 278 satis
1591 240 1654 278 illi

48 297 191 336 debuit
223 310 311 335 esse
347 295 453 346 quod
488 296 573 334 Leo
607 295 791 334 decimus
827 297 1014 333 nostram
1052 293 1305 333 industriam
1343 294 1655 344 comprobanit3

48 352 165 390 cuius
203 351 468 389 autoritatem
506 350 599 388 vult
636 350 771 388 valere
808 350 1051 399 plurimum,
1093 349 1254 398 quoties
1291 347 1391 386 facit
1431 348 1481 386 ad
1520 349 1656 397 ipsius

49 406 254 444 affectum.
328 405 373 444 Si
410 405 516 443 leuis
553 406 615 442 est
653 404 718 441 illi
756 403 974 442 Pontificis
1012 403 1214 441 autoritas
1251 401 1297 440 in
1337 402 1655 452 comprobandis

50 460 213 505 nostris,
237 473 309 498 cur
327 459 391 497 illi
413 459 551 508 grauis
576 459 637 496 est
664 457 707 495 in
736 458 972 496 damnando
995 456 1215 495 Luthero‘?
1253 469 1306 494 110
1332 470 1654 495 commemorem

49 515 219 553 interim
258 513 551 552 stultissimam
585 512 853 562 battologiam
886 525 1092 550 nouorum
1127 525 1173 550 ac
1204 513 1408 559 veterum,
1445 512 1496 550 ad
1530 524 1656 561 quam

49 568 234 618 plerique
253 568 384 607 risum
406 570 545 605 tenere
564 580 647 604 non
667 569 906 616 potuerunt.
957 566 1066 604 Nam
1086 565 1157 603 ille
1178 578 1286 604 noua
1305 565 1487 615 appellat
1505 565 1657 615 quibus

50 624 136 673 ipse
160 636 245 661 non
270 622 462 660 assueuit.
523 621 590 658 Ita
617 621 715 659 huic
745 634 881 659 nouus
909 621 989 658 erit
1019 620 1220 663 Hilarius
1243 633 1379 658 nouus
1408 619 1653 670 Cyprianus,

49 690 184 716 nouus
205 677 498 726 Hieronymus,
523 688 659 713 nouus
679 675 807 713 etiam
827 675 1103 724 Augustinus.
1154 673 1272 711 Nihil
1292 676 1411 712 vetus
1430 677 1590 723 praeter
1611 676 1656 713 in

50 731 204 770 scholis
225 731 440 769 decantata
460 730 651 779 dogmata
677 732 718 767 et
743 730 936 768 Glossam
957 729 1220 767 Ordinariam
1243 741 1337 766 cum
1357 729 1653 767 additionibus.

50 786 142 824 Imo
162 785 259 823 huic
280 787 402 823 vetus
421 785 497 822 erit
518 784 624 833 quod
646 797 805 822 nouum
825 785 897 828 est,
918 797 1076 821 nouum
1099 783 1207 833 quod
1229 785 1360 821 vetus.
1412 783 1498 822 Nos
1517 786 1658 821 vetera

49 840 342 887 instauramus,
367 852 474 877 noua
494 851 577 876 non
598 839 822 887 prodimus.
884 838 1090 876 Detestati
1113 839 1212 876 sunt
1230 837 1452 887 impudens
1472 838 1657 876 hominis

50 894 326 942 mendacium,
351 907 444 931 cum
467 893 616 931 diceiet
636 893 869 931 Lutherum
890 893 987 930 hori
990 893 1117 931 endos
1136 892 1230 930 illos
1251 905 1409 930 erlores
1427 893 1616 931 hausisse
1635 906 1657 930 e

50 949 196 995 nouis;
227 961 322 986 cum
343 961 393 985 ex
411 947 588 985 vetustis
607 947 875 997 scriptoribus
899 947 1087 986 hauserit
1113 946 1149 984 si
1177 946 1274 996 quid
1301 946 1450 995 hausit,
1472 949 1519 984 vt
1544 961 1658 1008 prae-

51 1003 191 1041 dicant
211 1003 282 1052 qui
301 1002 416 1040 illius
436 1002 570 1050 legere
590 1001 672 1039 libr
675 1015 730 1040 os.
787 1002 866 1040 Sed
886 1003 949 1040 f01
955 1004 1060 1040 tasse
1079 1001 1246 1051 negabit
1266 1014 1308 1038 se
1329 1001 1465 1038 mihi
1455 1001 1658 1040 iniurium

51 1070 148 1104 esse,
172 1057 243 1107 qui
264 1069 417 1094 nomen
438 1069 578 1094 meum
599 1069 685 1094 non
702 1056 960 1105 expresserit.
1018 1034 1158 1095 Cerote
1155 1056 1207 1093 iis
1227 1055 1339 1093 notis
1358 1055 1595 1104 designauit
1614 1059 1660 1094 vt

51 1125 174 1150 nemo
190 1111 470 1150 studiosorum
487 1123 571 1148 non
588 1114 839 1159 agnosceret.
888 1110 1091 1160 Quicquid
1114 1112 1297 1148 meretur
1311 1110 1533 1154 Lutherus,
1552 1111 1659 1148 mihi

50 1179 135 1204 non
150 1167 285 1216 placet
298 1168 344 1203 vt
361 1165 598 1203 istiusmodi
614 1165 863 1203 clamoribus
879 1165 1057 1214 populus
1077 1165 1127 1203 ad
1149 1165 1393 1203 seditionem
1416 1165 1656 1213 concitetur,

50 1234 145 1259 cum
167 1233 230 1258 res
250 1220 360 1257 inter
377 1220 520 1257 doctos
537 1219 714 1268 transigi
733 1220 877 1269 possit.

107 1275 186 1313 Sed
208 1274 306 1324 quid
329 1275 377 1311 de
397 1274 474 1311 hoc
493 1274 699 1321 statuatis,
722 1277 882 1312 vestrae
902 1274 1146 1323 prudentiae
1166 1272 1368 1323 relinquo.
1430 1273 1587 1312 Verum
1612 1274 1657 1312 in

52 1330 141 1368 loco
161 1342 286 1375 sacro,
308 1328 353 1366 in
374 1327 569 1366 concione
592 1341 716 1375 sacra,
738 1328 846 1378 apud
870 1328 1149 1377 promiscuam
1175 1327 1493 1366 multitudinem
1520 1328 1657 1377 palam

52 1383 224 1421 mentiri
247 1383 297 1420 de
321 1382 489 1420 homine
516 1382 772 1423 immerenti.
791 1385 876 1420 imo
904 1382 1199 1429 benemerenti,
1224 1382 1328 1420 mihi
1357 1382 1521 1420 videtur
1551 1383 1659 1421 nihil

53 1438 167 1477 aliud
187 1450 275 1475 esse
298 1450 423 1487 quam
450 1436 612 1474 eleuare
637 1437 901 1475 autoritatem
929 1449 1066 1475 sacrae
1093 1436 1317 1485 concionis,
1342 1449 1467 1486 quam
1495 1438 1660 1487 expedit

54 1505 138 1530 non
159 1494 300 1530 minus
320 1504 406 1529 esse
426 1504 574 1540 puram
603 1504 726 1540 quam
753 1491 945 1541 synaxim
971 1491 1114 1540 ipsam,
1138 1491 1326 1530 fraudare
1356 1491 1556 1540 populum
1586 1505 1660 1530 suo

51 1547 202 1593 fructu,
236 1549 277 1584 et
309 1545 435 1583 huius
466 1545 714 1583 Academiae
747 1546 996 1595 dignitatem
1030 1545 1258 1585 obscurare.
1326 1546 1520 1584 Arbitror
1553 1546 1660 1584 mihi

53 1614 126 1650 pro
160 1601 267 1638 meis
294 1599 451 1648 vigiliis
481 1600 616 1638 multo
647 1600 759 1638 aliud
791 1599 929 1638 deberi
957 1599 1204 1662 praemium.
1265 1600 1382 1648 Quod
1412 1600 1448 1638 si
1479 1600 1660 1638 maxime

53 1668 186 1694 essem
213 1655 258 1692 in
283 1654 418 1704 aliqua
444 1654 575 1704 culpa,
598 1656 741 1692 tamen
769 1654 967 1704 quoniam
996 1655 1144 1693 adsum
1172 1655 1260 1704 ipse
1289 1657 1330 1693 et
1360 1655 1450 1693 sine
1478 1655 1661 1704 periculo

55 1710 220 1759 coargui
239 1721 423 1759 possum,
446 1722 530 1747 non
557 1708 754 1747 debebam
780 1708 943 1747 traduci
968 1709 1077 1758 apud
1106 1709 1334 1759 populum;
1365 1709 1432 1747 cui
1451 1710 1662 1748 vindictae

54 1764 139 1802 iam
178 1763 359 1802 nimium
395 1763 578 1801 assueuit
615 1763 926 1812 Egmondanus.
986 1764 1110 1802 F01te
1146 1766 1339 1802 narratur
1375 1764 1486 1801 inter
1518 1764 1663 1813 pocula

56 1818 165 1868 quod
188 1818 257 1856 hic
281 1820 352 1856 aut
375 1817 447 1856 ille
471 1817 521 1855 de
547 1817 621 1855 illo
651 1817 812 1856 dixerit.
874 1817 956 1856 Ille
985 1817 1186 1867 postridie
1214 1820 1345 1857 semet
1375 1818 1589 1856 vlciscitur
1618 1819 1662 1857 in

56 1873 252 1911 concione
270 1887 278 1919 ;
302 1885 348 1910 ac
362 1885 506 1910 rursus
520 1871 632 1909 inter
645 1872 790 1922 pocula
805 1872 1035 1910 celebratur
1049 1873 1299 1922 triumphus,
1317 1873 1663 1922 applaudentibus
1682 1887 1696 1907 2
1729 1887 1740 1892 ·

57 1927 260 1976 sympotis
275 1927 436 1976 aliquot
450 1926 634 1964 eiusdem
650 1927 816 1964 farinae.
859 1926 1103 1976 Quanquam
1121 1928 1228 1977 quod
1246 1928 1296 1966 ad
1313 1940 1449 1965 meam
1466 1927 1662 1966 iniuriam

57 1981 218 2029 attinet,
251 1994 334 2019 non
364 1981 589 2018 admodum
620 1993 738 2030 aegre
768 1982 865 2019 fero.
926 1982 1004 2020 Sed
1034 1982 1141 2020 illud
1171 1982 1290 2020 vobis
1319 1982 1663 2020 considerandum

57 2038 132 2082 est,
169 2049 219 2074 an
251 2035 451 2073 conducat
481 2035 668 2073 moribus
699 2036 843 2085 populi
876 2038 922 2074 vt
957 2038 1161 2074 assuescat
1194 2036 1435 2074 huiusmodi
1467 2037 1663 2075 obtrecta-

58 2090 255 2136 tionibus,
291 2103 393 2139 quae
431 2089 635 2138 paulatim
673 2089 802 2128 etiam
842 2090 1085 2128 dulcescunt
1118 2094 1387 2140 posteaquam
1418 2091 1569 2139 serpsit
1599 2105 1663 2129 ve-

61 2157 217 2182 nenum
234 2158 242 2191 ;
272 2157 325 2181 an
344 2143 533 2194 expediat
553 2143 680 2182 huius
699 2144 946 2183 Academiae
966 2145 1153 2194 publicae
1174 2145 1360 2193 vtilitati,
1385 2145 1451 2183 0111
1475 2146 1662 2184 fortassis

59 2199 238 2248 amplius
255 2198 372 2236 faueo
393 2211 518 2248 quam
542 2198 712 2247 quidam
738 2199 810 2248 qui
836 2199 917 2237 sibi
936 2200 1135 2238 videntur
1160 2200 1298 2237 fauere
1327 2199 1517 2237 maxime.
1580 2199 1664 2238 Nec

58 2253 171 2291 enim
193 2251 402 2302 Principis
421 2252 656 2301 benignitas
676 2253 785 2291 hanc
805 2253 989 2292 instituit
1010 2254 1296 2301 Academiam,
1310 2257 1357 2293 vt
1375 2254 1460 2291 illic
1480 2255 1665 2292 suauiter

58 2309 227 2356 agerent
264 2310 347 2345 tres
381 2309 453 2345 aut
486 2309 670 2356 quatuor,
707 2308 775 2345 sed
811 2310 857 2347 vt
891 2308 935 2345 in
969 2309 1097 2346 totius
1131 2309 1302 2346 ditionis
1334 2308 1559 2347 vtilitatem
1594 2309 1663 2347 hic

58 2361 232 2400 floreant
271 2361 413 2400 omnia
449 2361 626 2400 honesta
665 2361 812 2400 studia.
872 2363 1076 2401 Videlicet
1109 2363 1154 2401 in
1188 2363 1365 2412 gratiam
1400 2363 1663 2412 Egmondani

59 2415 243 2454 exulabit
271 2415 544 2477 poetria—sic
568 2415 681 2454 enim
709 2416 780 2454 ille
804 2418 924 2455 vocat
950 2417 1160 2466 poeticen;
1190 2417 1308 2456 cuius
1332 2417 1432 2455 adeo
1458 2417 1575 2456 rudis
1600 2420 1663 2456 est

58 2472 105 2508 vt
125 2483 177 2508 ne
197 2471 413 2508 nominare
433 2469 601 2520 quidem
620 2471 849 2520 possit—et
868 2471 984 2510 100110
1005 2472 1169 2510 dabitur
1189 2472 1516 2522 sycophanticae,
1537 2472 1663 2510 etiam

58 2524 191 2562 dicato
211 2523 391 2574 collegio.

114 2578 194 2616 Sed
216 2591 267 2616 ne
286 2580 327 2616 te
347 2577 640 2627 prolixioribus
661 2592 827 2618 onelem
849 2579 990 2626 literis,
1014 2570 1232 2629 magnifice
1257 2581 1417 2628 Rectoi,
1441 2581 1477 2618 si
1501 2581 1663 2620 stolidis

59 2632 295 2670 istiusmodi
327 2632 576 2671 clamoribus
613 2633 894 2683 imposueritis
932 2635 1161 2681 silentium,
1199 2634 1423 2673 consuletis
1458 2648 1540 2673 non
1575 2638 1661 2673 tam

60 2687 167 2725 mihi
187 2699 311 2736 quam
335 2686 631 2736 tranquillitati
655 2687 843 2737 publicae
869 2688 1116 2736 studiorum,
1139 2702 1262 2739 quam
1289 2689 1476 2728 moribus
1504 2690 1658 2740 populi,
1683 2704 1718 2724 22

578 2796 649 2835 184.
674 2795 806 2827 scholis
822 2796 885 2827 N²:
915 2797 1053 2827 scholas
1070 2796 1151 2828 FNS.

109 2903 180 2940 176.
204 2899 464 2941 compl-obnuit]
482 2899 533 2931 Cf.
554 2900 616 2939 Ep.
637 2901 710 2939 864.
899 2901 990 2932 form
1003 2902 1033 2931 is
1050 2900 1229 2940 similarly
1245 2900 1444 2931 attributed
1456 2901 1490 2930 to
1508 2899 1660 2939 Egmon·

109 2946 181 2984 184.
207 2943 388 2986 Glossam]
405 2944 469 2975 See
484 2943 548 2984 Ep.
572 2953 584 2974 1
595 2953 665 2974 112.
684 2954 763 2984 29n.
901 2945 1016 2975 danus
1032 2945 1069 2975 in
1088 2945 1150 2975 the
1166 2946 1303 2982 Epistola
1319 2947 1354 2974 cle
1371 2946 1531 2981 mayz'stris
1547 2946 1661 2973 nostris

111 2989 180 3020 186.
196 2988 371 3019 Detestati
383 2986 486 3028 sunt]
500 2987 607 3026 sc.qui
621 2987 828 3020 audiebant.
901 2991 1161 3020 Louam'ensibus.
1175 2988 1246 3018 and
1260 2988 1297 3018 in
1309 2988 1370 3018 the
1386 2989 1455 3018 Vita
1469 2990 1500 3017 S.
1515 2989 1637 3017 Nicolai
1653 2996 1660 3016 :

109 3042 182 3071 215.
208 3030 359 3072 poetria]
378 3031 429 3062 Cf.
448 3031 511 3071 Ep.
534 3040 625 3062 1110.
649 3040 724 3070 1511.
759 3031 833 3062 Τ110
901 3033 970 3063 Zw.
992 3031 1044 3062 13².
1064 3042 1121 3072 pp.
1141 3032 1214 3071 384.
1234 3041 1263 3071 2,
1288 3041 1335 3070 11,
1355 3031 1430 3070 398.
1447 3040 1478 3069 9.

1676 254 1734 286 175

1677 516 1737 546 180

1678 789 1735 827 185

1681 1069 1740 1101 190

1680 1343 1739 1374 195

1681 1615 1742 1637 200

1683 2158 1744 2178 210

1683 2430 1743 2461 215
