<?xml version="1.0" encoding="UTF-8"?>
<!DOCTYPE html PUBLIC "-//W3C//DTD XHTML 1.0 Transitional//EN"
    "http://www.w3.org/TR/xhtml1/DTD/xhtml1-transitional.dtd">
<html xmlns="http://www.w3.org/1999/xhtml" xml:lang="en" lang="en">
 <head>
  <title>
</title>
<meta http-equiv="Content-Type" content="text/html;charset=utf-8" />
  <meta name='ocr-system' content='tesseract 3.04.00' />
  <meta name='ocr-capabilities' content='ocr_page ocr_carea ocr_par ocr_line ocrx_word'/>
</head>
<body>
  <div class='ocr_page' id='page_1' title='image "./opusepistolarumd04erasuoft_0611.png"; bbox 0 0 1990 3353; ppageno 0'>
   <div class='ocr_carea' id='block_1_1' title="bbox 108 137 1699 193">
    <p class='ocr_par' dir='ltr' id='par_1_1' title="bbox 108 137 1699 193">
     <span class='ocr_line' id='line_1_1' title="bbox 108 137 1699 193; baseline -0.002 -15"><span class='ocrx_word' id='word_1_1' title='bbox 108 139 228 193; x_wconf 87' lang='lat'>1225]</span> <span class='ocrx_word' id='word_1_2' title='bbox 580 139 651 177; x_wconf 89' lang='grc' dir='ltr'>ΤΟ</span> <span class='ocrx_word' id='word_1_3' title='bbox 690 138 873 178; x_wconf 84' lang='lat' dir='ltr'>PETER</span> <span class='ocrx_word' id='word_1_4' title='bbox 913 137 1232 177; x_wconf 83' lang='lat' dir='ltr'>BARBIRIUS</span> <span class='ocrx_word' id='word_1_5' title='bbox 1622 138 1699 176; x_wconf 79' lang='lat'>561</span> 
     </span>
    </p>
   </div>
   <div class='ocr_carea' id='block_1_2' title="bbox 102 247 1711 1710">
    <p class='ocr_par' dir='ltr' id='par_1_2' title="bbox 102 247 1708 1113">
     <span class='ocr_line' id='line_1_2' title="bbox 102 247 1702 301; baseline -0.003 -12"><span class='ocrx_word' id='word_1_6' title='bbox 102 264 232 301; x_wconf 90' lang='lat' dir='ltr'>aequo</span> <span class='ocrx_word' id='word_1_7' title='bbox 266 250 444 288; x_wconf 88' lang='lat' dir='ltr'>fiderent</span> <span class='ocrx_word' id='word_1_8' title='bbox 476 248 730 295; x_wconf 83' lang='lat' dir='ltr'>ceremoniis,</span> <span class='ocrx_word' id='word_1_9' title='bbox 763 250 804 286; x_wconf 90' lang='lat' dir='ltr'>et</span> <span class='ocrx_word' id='word_1_10' title='bbox 838 247 933 297; x_wconf 91' lang='lat' dir='ltr'>plus</span> <span class='ocrx_word' id='word_1_11' title='bbox 966 247 1166 286; x_wconf 80' lang='lat' dir='ltr'>haberent</span> <span class='ocrx_word' id='word_1_12' title='bbox 1197 247 1402 286; x_wconf 84' lang='lat' dir='ltr'><strong>Iudaismi</strong></span> <span class='ocrx_word' id='word_1_13' title='bbox 1431 260 1555 298; x_wconf 85' lang='lat' dir='ltr'>quam</span> <span class='ocrx_word' id='word_1_14' title='bbox 1587 247 1702 287; x_wconf 88' lang='lat' dir='ltr'>Chri-</span> 
     </span>
     <span class='ocr_line' id='line_1_3' title="bbox 102 301 1702 354; baseline -0.002 -11"><span class='ocrx_word' id='word_1_15' title='bbox 102 305 334 344; x_wconf 88' lang='lat' dir='ltr'>stianismi:</span> <span class='ocrx_word' id='word_1_16' title='bbox 365 304 436 354; x_wconf 90' lang='lat' dir='ltr'>qui</span> <span class='ocrx_word' id='word_1_17' title='bbox 455 305 715 353; x_wconf 90' lang='lat' dir='ltr'>praepostero</span> <span class='ocrx_word' id='word_1_18' title='bbox 736 301 889 340; x_wconf 90' lang='lat' dir='ltr'>iudicio</span> <span class='ocrx_word' id='word_1_19' title='bbox 910 315 956 340; x_wconf 90' lang='lat' dir='ltr'>ea</span> <span class='ocrx_word' id='word_1_20' title='bbox 970 302 1143 352; x_wconf 88' lang='lat' dir='ltr'>plurimi</span> <span class='ocrx_word' id='word_1_21' title='bbox 1162 302 1344 340; x_wconf 85' lang='lat' dir='ltr'>facerent</span> <span class='ocrx_word' id='word_1_22' title='bbox 1356 315 1460 352; x_wconf 89' lang='lat' dir='ltr'>quae</span> <span class='ocrx_word' id='word_1_23' title='bbox 1475 301 1702 340; x_wconf 90' lang='lat' dir='ltr'>minimum</span> 
     </span>
     <span class='ocr_line' id='line_1_4' title="bbox 102 356 1701 406; baseline -0.002 -9"><span class='ocrx_word' id='word_1_24' title='bbox 102 359 257 398; x_wconf 88' lang='lat' dir='ltr'>habent</span> <span class='ocrx_word' id='word_1_25' title='bbox 278 357 493 405; x_wconf 80' lang='lat' dir='ltr'>momenti,</span> <span class='ocrx_word' id='word_1_26' title='bbox 518 356 685 395; x_wconf 87' lang='lat' dir='ltr'>minimi</span> <span class='ocrx_word' id='word_1_27' title='bbox 705 369 807 406; x_wconf 88' lang='lat' dir='ltr'>quae</span> <span class='ocrx_word' id='word_1_28' title='bbox 827 356 1068 405; x_wconf 87' lang='lat' dir='ltr'>plurimum.</span> <span class='ocrx_word' id='word_1_29' title='bbox 1128 356 1380 405; x_wconf 78' lang='lat' dir='ltr'>Frequenter</span> <span class='ocrx_word' id='word_1_30' title='bbox 1407 356 1567 394; x_wconf 88' lang='lat' dir='ltr'>calamo</span> <span class='ocrx_word' id='word_1_31' title='bbox 1587 356 1701 394; x_wconf 91' lang='lat' dir='ltr'>belli-</span> 
     </span>
     <span class='ocr_line' id='line_1_5' title="bbox 102 409 1704 463; baseline -0.002 -12"><span class='ocrx_word' id='word_1_32' title='bbox 102 413 272 463; x_wconf 89' lang='lat' dir='ltr'>gerabar</span> <span class='ocrx_word' id='word_1_33' title='bbox 298 412 497 450; x_wconf 85' lang='lat' dir='ltr'>aduersus</span> <span class='ocrx_word' id='word_1_34' title='bbox 525 411 642 458; x_wconf 90' lang='lat' dir='ltr'>bella,</span> <span class='ocrx_word' id='word_1_35' title='bbox 667 410 817 460; x_wconf 86' lang='lat' dir='ltr'>quibus</span> <span class='ocrx_word' id='word_1_36' title='bbox 847 409 994 448; x_wconf 90' lang='lat' dir='ltr'>multis</span> <span class='ocrx_word' id='word_1_37' title='bbox 1022 410 1107 448; x_wconf 89' lang='lat' dir='ltr'>iam</span> <span class='ocrx_word' id='word_1_38' title='bbox 1136 410 1286 448; x_wconf 90' lang='lat' dir='ltr'>seculis</span> <span class='ocrx_word' id='word_1_39' title='bbox 1314 410 1492 448; x_wconf 86' lang='lat' dir='ltr'>subinde</span> <span class='ocrx_word' id='word_1_40' title='bbox 1519 410 1704 449; x_wconf 93' lang='lat' dir='ltr'>mundus</span> 
     </span>
     <span class='ocr_line' id='line_1_6' title="bbox 103 463 1702 515; baseline -0.003 -9"><span class='ocrx_word' id='word_1_41' title='bbox 103 467 329 515; x_wconf 79' lang='lat' dir='ltr'>colliditur,</span> <span class='ocrx_word' id='word_1_42' title='bbox 362 479 447 504; x_wconf 94' lang='lat' dir='ltr'>non</span> <span class='ocrx_word' id='word_1_43' title='bbox 476 465 638 504; x_wconf 85' lang='lat' dir='ltr'>minore</span> <span class='ocrx_word' id='word_1_44' title='bbox 671 477 837 503; x_wconf 88' lang='lat' dir='ltr'>morum</span> <span class='ocrx_word' id='word_1_45' title='bbox 871 463 1053 514; x_wconf 81' lang='lat' dir='ltr'>pernicie</span> <span class='ocrx_word' id='word_1_46' title='bbox 1084 477 1206 514; x_wconf 89' lang='lat' dir='ltr'>quam</span> <span class='ocrx_word' id='word_1_47' title='bbox 1248 464 1444 503; x_wconf 84' lang='lat' dir='ltr'>dedecore</span> <span class='ocrx_word' id='word_1_48' title='bbox 1475 464 1702 504; x_wconf 83' lang='lat' dir='ltr'>Christiani</span> 
     </span>
     <span class='ocr_line' id='line_1_7' title="bbox 103 517 1703 567; baseline -0.002 -7"><span class='ocrx_word' id='word_1_49' title='bbox 103 521 300 560; x_wconf 89' lang='lat' dir='ltr'>nominis.</span> <span class='ocrx_word' id='word_1_50' title='bbox 361 520 415 558; x_wconf 90' lang='lat' dir='ltr'>Et</span> <span class='ocrx_word' id='word_1_51' title='bbox 434 521 636 558; x_wconf 86' lang='lat' dir='ltr'>hactenus</span> <span class='ocrx_word' id='word_1_52' title='bbox 656 532 779 557; x_wconf 91' lang='lat' dir='ltr'>nemo</span> <span class='ocrx_word' id='word_1_53' title='bbox 799 520 1036 567; x_wconf 89' lang='lat' dir='ltr'>compertus</span> <span class='ocrx_word' id='word_1_54' title='bbox 1056 521 1118 556; x_wconf 86' lang='lat' dir='ltr'>est</span> <span class='ocrx_word' id='word_1_55' title='bbox 1138 518 1209 567; x_wconf 90' lang='lat' dir='ltr'>qui</span> <span class='ocrx_word' id='word_1_56' title='bbox 1229 531 1279 556; x_wconf 83' lang='lat' dir='ltr'>ex</span> <span class='ocrx_word' id='word_1_57' title='bbox 1305 518 1408 557; x_wconf 89' lang='lat' dir='ltr'>meis</span> <span class='ocrx_word' id='word_1_58' title='bbox 1433 517 1551 557; x_wconf 89' lang='lat' dir='ltr'>libris</span> <span class='ocrx_word' id='word_1_59' title='bbox 1571 519 1703 557; x_wconf 85' lang='lat' dir='ltr'>factus</span> 
     </span>
     <span class='ocr_line' id='line_1_8' title="bbox 103 572 1704 625; baseline -0.002 -11"><span class='ocrx_word' id='word_1_60' title='bbox 103 575 159 615; x_wconf 89' lang='lat' dir='ltr'>sit</span> <span class='ocrx_word' id='word_1_61' title='bbox 178 575 264 625; x_wconf 92' lang='lat' dir='ltr'>pilo</span> <span class='ocrx_word' id='word_1_62' title='bbox 284 573 474 612; x_wconf 88' lang='lat' dir='ltr'>deterior.</span> <span class='ocrx_word' id='word_1_63' title='bbox 532 573 657 611; x_wconf 90' lang='lat' dir='ltr'>Multi</span> <span class='ocrx_word' id='word_1_64' title='bbox 682 575 813 622; x_wconf 86' lang='lat' dir='ltr'>agunt</span> <span class='ocrx_word' id='word_1_65' title='bbox 833 572 985 622; x_wconf 81' lang='lat' dir='ltr'>gratias</span> <span class='ocrx_word' id='word_1_66' title='bbox 1006 573 1115 622; x_wconf 92' lang='lat' dir='ltr'>quod</span> <span class='ocrx_word' id='word_1_67' title='bbox 1135 573 1185 610; x_wconf 89' lang='lat' dir='ltr'>ad</span> <span class='ocrx_word' id='word_1_68' title='bbox 1206 575 1376 622; x_wconf 88' lang='lat' dir='ltr'>gustum</span> <span class='ocrx_word' id='word_1_69' title='bbox 1396 586 1518 611; x_wconf 89' lang='lat' dir='ltr'>verae</span> <span class='ocrx_word' id='word_1_70' title='bbox 1537 573 1704 623; x_wconf 83' lang='lat' dir='ltr'>pietatis</span> 
     </span>
     <span class='ocr_line' id='line_1_9' title="bbox 103 626 1704 679; baseline -0.002 -11"><span class='ocrx_word' id='word_1_71' title='bbox 103 629 330 679; x_wconf 83' lang='lat' dir='ltr'>expergisci</span> <span class='ocrx_word' id='word_1_72' title='bbox 352 627 572 677; x_wconf 83' lang='lat' dir='ltr'>coeperint.</span> <span class='ocrx_word' id='word_1_73' title='bbox 631 627 887 666; x_wconf 85' lang='lat' dir='ltr'>Seditionem</span> <span class='ocrx_word' id='word_1_74' title='bbox 915 628 957 664; x_wconf 87' lang='lat' dir='ltr'>et</span> <span class='ocrx_word' id='word_1_75' title='bbox 984 626 1308 665; x_wconf 86' lang='lat' dir='ltr'>obscoenitatem</span> <span class='ocrx_word' id='word_1_76' title='bbox 1336 627 1381 664; x_wconf 90' lang='lat' dir='ltr'>in</span> <span class='ocrx_word' id='word_1_77' title='bbox 1408 627 1573 676; x_wconf 87' lang='lat' dir='ltr'>scriptis</span> <span class='ocrx_word' id='word_1_78' title='bbox 1599 627 1704 665; x_wconf 89' lang='lat' dir='ltr'>meis</span> 
     </span>
     <span class='ocr_line' id='line_1_10' title="bbox 103 681 1706 734; baseline -0.002 -12"><span class='ocrx_word' id='word_1_79' title='bbox 103 697 268 734; x_wconf 89' lang='lat' dir='ltr'>semper</span> <span class='ocrx_word' id='word_1_80' title='bbox 291 682 610 732; x_wconf 82' lang='lat' dir='ltr'>diligentissime</span> <span class='ocrx_word' id='word_1_81' title='bbox 629 682 730 720; x_wconf 90' lang='lat' dir='ltr'>caui.</span> <span class='ocrx_word' id='word_1_82' title='bbox 790 681 857 720; x_wconf 90' lang='lat' dir='ltr'>Ab</span> <span class='ocrx_word' id='word_1_83' title='bbox 876 681 1179 719; x_wconf 86' lang='lat' dir='ltr'>asseueratione</span> <span class='ocrx_word' id='word_1_84' title='bbox 1199 683 1392 730; x_wconf 79' lang='lat' dir='ltr'>tempero,</span> <span class='ocrx_word' id='word_1_85' title='bbox 1417 681 1598 719; x_wconf 84' lang='lat' dir='ltr'>monitor</span> <span class='ocrx_word' id='word_1_86' title='bbox 1617 694 1706 719; x_wconf 88' lang='lat' dir='ltr'>esse</span> 
     </span>
     <span class='ocr_line' id='line_1_11' title="bbox 103 735 1705 787; baseline -0.002 -10"><span class='ocrx_word' id='word_1_87' title='bbox 103 738 266 777; x_wconf 86' lang='lat' dir='ltr'>malens</span> <span class='ocrx_word' id='word_1_88' title='bbox 304 750 427 787; x_wconf 89' lang='lat' dir='ltr'>quam</span> <span class='ocrx_word' id='word_1_89' title='bbox 467 736 748 786; x_wconf 72' lang='lat' dir='ltr'>dogmatistes.</span> <span class='ocrx_word' id='word_1_90' title='bbox 828 735 880 773; x_wconf 94' lang='lat' dir='ltr'>In</span> <span class='ocrx_word' id='word_1_91' title='bbox 918 735 984 773; x_wconf 91' lang='lat' dir='ltr'>his</span> <span class='ocrx_word' id='word_1_92' title='bbox 1025 735 1212 773; x_wconf 83' lang='lat' dir='ltr'>articulis</span> <span class='ocrx_word' id='word_1_93' title='bbox 1251 735 1323 784; x_wconf 89' lang='lat' dir='ltr'>qui</span> <span class='ocrx_word' id='word_1_94' title='bbox 1368 735 1622 773; x_wconf 83' lang='lat' dir='ltr'>damnantur</span> <span class='ocrx_word' id='word_1_95' title='bbox 1660 735 1705 773; x_wconf 91' lang='lat' dir='ltr'>in</span> 
     </span>
     <span class='ocr_line' id='line_1_12' title="bbox 104 788 1706 840; baseline -0.002 -9"><span class='ocrx_word' id='word_1_96' title='bbox 104 791 280 831; x_wconf 91' lang='lat' dir='ltr'>Lutheri</span> <span class='ocrx_word' id='word_1_97' title='bbox 308 791 439 838; x_wconf 91' lang='lat' dir='ltr'>libris,</span> <span class='ocrx_word' id='word_1_98' title='bbox 475 791 585 829; x_wconf 88' lang='lat' dir='ltr'>nihil</span> <span class='ocrx_word' id='word_1_99' title='bbox 617 790 738 828; x_wconf 90' lang='lat' dir='ltr'>video</span> <span class='ocrx_word' id='word_1_100' title='bbox 773 790 882 840; x_wconf 89' lang='lat' dir='ltr'>quod</span> <span class='ocrx_word' id='word_1_101' title='bbox 916 789 980 827; x_wconf 84' lang='lat' dir='ltr'>illi</span> <span class='ocrx_word' id='word_1_102' title='bbox 1013 803 1179 828; x_wconf 90' lang='lat' dir='ltr'>mecum</span> <span class='ocrx_word' id='word_1_103' title='bbox 1217 788 1452 836; x_wconf 86' lang='lat' dir='ltr'>conueniat,</span> <span class='ocrx_word' id='word_1_104' title='bbox 1489 789 1569 828; x_wconf 90' lang='lat' dir='ltr'>nisi</span> <span class='ocrx_word' id='word_1_105' title='bbox 1602 789 1706 827; x_wconf 89' lang='lat' dir='ltr'>forte</span> 
     </span>
     <span class='ocr_line' id='line_1_13' title="bbox 104 843 1702 897; baseline -0.003 -12"><span class='ocrx_word' id='word_1_106' title='bbox 104 847 211 897; x_wconf 89' lang='lat' dir='ltr'>quod</span> <span class='ocrx_word' id='word_1_107' title='bbox 241 860 264 884; x_wconf 91' lang='lat' dir='ltr'>a</span> <span class='ocrx_word' id='word_1_108' title='bbox 292 860 359 884; x_wconf 89' lang='lat' dir='ltr'>me</span> <span class='ocrx_word' id='word_1_109' title='bbox 388 846 596 884; x_wconf 88' lang='lat' dir='ltr'>moderate</span> <span class='ocrx_word' id='word_1_110' title='bbox 630 858 786 894; x_wconf 92' lang='lat' dir='ltr'>suoque</span> <span class='ocrx_word' id='word_1_111' title='bbox 819 844 907 882; x_wconf 93' lang='lat' dir='ltr'>loco</span> <span class='ocrx_word' id='word_1_112' title='bbox 938 844 1097 882; x_wconf 90' lang='lat' dir='ltr'>dictum</span> <span class='ocrx_word' id='word_1_113' title='bbox 1133 846 1204 890; x_wconf 89' lang='lat' dir='ltr'>est,</span> <span class='ocrx_word' id='word_1_114' title='bbox 1239 843 1309 882; x_wconf 88' lang='lat' dir='ltr'>ille</span> <span class='ocrx_word' id='word_1_115' title='bbox 1341 843 1441 882; x_wconf 87' lang='lat' dir='ltr'>dicit</span> <span class='ocrx_word' id='word_1_116' title='bbox 1472 843 1702 882; x_wconf 90' lang='lat' dir='ltr'>immodice.</span> 
     </span>
     <span class='ocr_line' id='line_1_14' title="bbox 105 897 1706 950; baseline -0.002 -11"><span class='ocrx_word' id='word_1_117' title='bbox 105 901 221 950; x_wconf 79' lang='lat' dir='ltr'>Quod</span> <span class='ocrx_word' id='word_1_118' title='bbox 254 913 383 950; x_wconf 87' lang='lat' dir='ltr'>genus</span> <span class='ocrx_word' id='word_1_119' title='bbox 412 901 500 938; x_wconf 88' lang='lat' dir='ltr'>est:</span> <span class='ocrx_word' id='word_1_120' title='bbox 539 899 575 938; x_wconf 90' lang='lat' dir='ltr'>si</span> <span class='ocrx_word' id='word_1_121' title='bbox 603 913 677 949; x_wconf 90' lang='lat' dir='ltr'>ego</span> <span class='ocrx_word' id='word_1_122' title='bbox 706 898 894 937; x_wconf 84' lang='lat' dir='ltr'>fortassis</span> <span class='ocrx_word' id='word_1_123' title='bbox 923 897 1076 936; x_wconf 85' lang='lat' dir='ltr'>alicubi</span> <span class='ocrx_word' id='word_1_124' title='bbox 1109 898 1264 947; x_wconf 83' lang='lat' dir='ltr'>scripsi,</span> <span class='ocrx_word' id='word_1_125' title='bbox 1297 898 1439 936; x_wconf 89' lang='lat' dir='ltr'>minus</span> <span class='ocrx_word' id='word_1_126' title='bbox 1468 899 1627 936; x_wconf 88' lang='lat' dir='ltr'>fructus</span> <span class='ocrx_word' id='word_1_127' title='bbox 1656 911 1706 935; x_wconf 81' lang='lat' dir='ltr'>ex</span> 
     </span>
     <span class='ocr_line' id='line_1_15' title="bbox 105 952 1707 1005; baseline -0.002 -11"><span class='ocrx_word' id='word_1_128' title='bbox 105 955 306 1005; x_wconf 90' lang='lat' dir='ltr'>Dionysio</span> <span class='ocrx_word' id='word_1_129' title='bbox 344 953 484 1004; x_wconf 89' lang='lat' dir='ltr'>colligi</span> <span class='ocrx_word' id='word_1_130' title='bbox 522 967 647 1003; x_wconf 89' lang='lat' dir='ltr'>quam</span> <span class='ocrx_word' id='word_1_131' title='bbox 686 967 736 991; x_wconf 82' lang='lat' dir='ltr'>ex</span> <span class='ocrx_word' id='word_1_132' title='bbox 775 953 951 1002; x_wconf 85' lang='lat' dir='ltr'>Origene</span> <span class='ocrx_word' id='word_1_133' title='bbox 989 955 1062 991; x_wconf 88' lang='lat' dir='ltr'>aut</span> <span class='ocrx_word' id='word_1_134' title='bbox 1094 952 1401 1002; x_wconf 86' lang='lat' dir='ltr'>Chrysostomo,</span> <span class='ocrx_word' id='word_1_135' title='bbox 1442 952 1514 990; x_wconf 91' lang='lat' dir='ltr'>ille</span> <span class='ocrx_word' id='word_1_136' title='bbox 1553 952 1707 990; x_wconf 87' lang='lat' dir='ltr'>scribat</span> 
     </span>
     <span class='ocr_line' id='line_1_16' title="bbox 106 1007 1708 1059; baseline -0.003 -10"><span class='ocrx_word' id='word_1_137' title='bbox 106 1009 354 1059; x_wconf 87' lang='lat' dir='ltr'>Dionysium</span> <span class='ocrx_word' id='word_1_138' title='bbox 384 1009 569 1047; x_wconf 87' lang='lat' dir='ltr'>autorem</span> <span class='ocrx_word' id='word_1_139' title='bbox 598 1021 686 1046; x_wconf 90' lang='lat' dir='ltr'>esse</span> <span class='ocrx_word' id='word_1_140' title='bbox 705 1008 897 1057; x_wconf 89' lang='lat' dir='ltr'>ineptum</span> <span class='ocrx_word' id='word_1_141' title='bbox 930 1020 975 1045; x_wconf 91' lang='lat' dir='ltr'>ac</span> <span class='ocrx_word' id='word_1_142' title='bbox 1005 1007 1283 1056; x_wconf 86' lang='lat' dir='ltr'>pestilentem.</span> <span class='ocrx_word' id='word_1_143' title='bbox 1341 1007 1386 1045; x_wconf 83' lang='lat' dir='ltr'>Si</span> <span class='ocrx_word' id='word_1_144' title='bbox 1419 1007 1497 1045; x_wconf 91' lang='lat' dir='ltr'>hoc</span> <span class='ocrx_word' id='word_1_145' title='bbox 1527 1008 1589 1045; x_wconf 89' lang='lat' dir='ltr'>est</span> <span class='ocrx_word' id='word_1_146' title='bbox 1617 1019 1708 1045; x_wconf 91' lang='lat' dir='ltr'>con·</span> 
     </span>
     <span class='ocr_line' id='line_1_17' title="bbox 105 1063 795 1113; baseline -0.003 -11"><span class='ocrx_word' id='word_1_147' title='bbox 105 1077 260 1113; x_wconf 85' lang='lat' dir='ltr'>gruere,</span> <span class='ocrx_word' id='word_1_148' title='bbox 283 1065 481 1113; x_wconf 87' lang='lat' dir='ltr'>congruet</span> <span class='ocrx_word' id='word_1_149' title='bbox 500 1063 650 1101; x_wconf 88' lang='lat' dir='ltr'>vinum</span> <span class='ocrx_word' id='word_1_150' title='bbox 670 1065 795 1101; x_wconf 90' lang='lat' dir='ltr'>aceto.</span> 
     </span>
    </p>

    <p class='ocr_par' dir='ltr' id='par_1_3' title="bbox 106 1114 1711 1710">
     <span class='ocr_line' id='line_1_18' title="bbox 161 1114 1704 1166; baseline -0.003 -10"><span class='ocrx_word' id='word_1_151' title='bbox 161 1118 239 1157; x_wconf 86' lang='lat' dir='ltr'>Sed</span> <span class='ocrx_word' id='word_1_152' title='bbox 261 1118 383 1165; x_wconf 84' lang='lat' dir='ltr'>dices,</span> <span class='ocrx_word' id='word_1_153' title='bbox 406 1119 415 1136; x_wconf 81' lang='lat'><strong><em>⁴</em></strong></span> <span class='ocrx_word' id='word_1_154' title='bbox 431 1118 649 1156; x_wconf 85' lang='lat' dir='ltr'>Hactenus</span> <span class='ocrx_word' id='word_1_155' title='bbox 664 1130 750 1155; x_wconf 92' lang='lat' dir='ltr'>non</span> <span class='ocrx_word' id='word_1_156' title='bbox 766 1116 967 1165; x_wconf 85' lang='lat' dir='ltr'>scripsisti</span> <span class='ocrx_word' id='word_1_157' title='bbox 983 1115 1206 1166; x_wconf 86' lang='lat' dir='ltr'>quicquam</span> <span class='ocrx_word' id='word_1_158' title='bbox 1221 1115 1419 1154; x_wconf 89' lang='lat' dir='ltr'>aduersus</span> <span class='ocrx_word' id='word_1_159' title='bbox 1433 1114 1668 1153; x_wconf 90' lang='lat' dir='ltr'>Lutherum</span> <span class='ocrx_word' id='word_1_160' title='bbox 1684 1115 1704 1153; x_wconf 78' lang='lat'>⁹.</span> 
     </span>
     <span class='ocr_line' id='line_1_19' title="bbox 107 1169 1706 1223; baseline -0.003 -12"><span class='ocrx_word' id='word_1_161' title='bbox 107 1172 157 1211; x_wconf 91' lang='lat' dir='ltr'>Id</span> <span class='ocrx_word' id='word_1_162' title='bbox 177 1186 259 1223; x_wconf 92' lang='lat' dir='ltr'>quo</span> <span class='ocrx_word' id='word_1_163' title='bbox 279 1172 422 1210; x_wconf 90' lang='lat' dir='ltr'>minus</span> <span class='ocrx_word' id='word_1_164' title='bbox 441 1171 622 1219; x_wconf 87' lang='lat' dir='ltr'>fecerim,</span> <span class='ocrx_word' id='word_1_165' title='bbox 647 1171 730 1210; x_wconf 91' lang='lat' dir='ltr'>duo</span> <span class='ocrx_word' id='word_1_166' title='bbox 759 1170 976 1220; x_wconf 86' lang='lat' dir='ltr'>praecipue</span> <span class='ocrx_word' id='word_1_167' title='bbox 1003 1171 1047 1208; x_wconf 89' lang='lat' dir='ltr'>in</span> <span class='ocrx_word' id='word_1_168' title='bbox 1072 1183 1193 1209; x_wconf 88' lang='lat' dir='ltr'>causa</span> <span class='ocrx_word' id='word_1_169' title='bbox 1216 1170 1397 1217; x_wconf 88' lang='lat' dir='ltr'>fuerunt,</span> <span class='ocrx_word' id='word_1_170' title='bbox 1422 1170 1502 1208; x_wconf 89' lang='lat' dir='ltr'>ocii</span> <span class='ocrx_word' id='word_1_171' title='bbox 1532 1169 1706 1218; x_wconf 90' lang='lat' dir='ltr'>penuria</span> 
     </span>
     <span class='ocr_line' id='line_1_20' title="bbox 106 1223 1707 1277; baseline -0.002 -12"><span class='ocrx_word' id='word_1_172' title='bbox 106 1230 148 1265; x_wconf 87' lang='lat' dir='ltr'>et</span> <span class='ocrx_word' id='word_1_173' title='bbox 167 1227 400 1277; x_wconf 90' lang='lat' dir='ltr'>imperitiae</span> <span class='ocrx_word' id='word_1_174' title='bbox 420 1226 608 1277; x_wconf 91' lang='lat' dir='ltr'>propriae</span> <span class='ocrx_word' id='word_1_175' title='bbox 633 1225 897 1264; x_wconf 90' lang='lat' dir='ltr'>conscientia.</span> <span class='ocrx_word' id='word_1_176' title='bbox 958 1225 1260 1274; x_wconf 87' lang='lat' dir='ltr'>Distorquebar</span> <span class='ocrx_word' id='word_1_177' title='bbox 1288 1223 1439 1263; x_wconf 86' lang='lat' dir='ltr'>studiis</span> <span class='ocrx_word' id='word_1_178' title='bbox 1468 1224 1584 1273; x_wconf 87' lang='lat' dir='ltr'>meis,</span> <span class='ocrx_word' id='word_1_179' title='bbox 1607 1224 1707 1262; x_wconf 89' lang='lat' dir='ltr'>adeo</span> 
     </span>
     <span class='ocr_line' id='line_1_21' title="bbox 106 1278 1706 1331; baseline -0.003 -11"><span class='ocrx_word' id='word_1_180' title='bbox 106 1283 152 1320; x_wconf 87' lang='lat' dir='ltr'>vt</span> <span class='ocrx_word' id='word_1_181' title='bbox 191 1294 485 1331; x_wconf 87' lang='lat' dir='ltr'>saepenumero</span> <span class='ocrx_word' id='word_1_182' title='bbox 524 1280 735 1319; x_wconf 86' lang='lat' dir='ltr'>laboribus</span> <span class='ocrx_word' id='word_1_183' title='bbox 773 1279 1010 1318; x_wconf 84' lang='lat' dir='ltr'>immodicis</span> <span class='ocrx_word' id='word_1_184' title='bbox 1042 1279 1240 1318; x_wconf 88' lang='lat' dir='ltr'>valetudo</span> <span class='ocrx_word' id='word_1_185' title='bbox 1278 1278 1591 1328; x_wconf 85' lang='lat' dir='ltr'>periclitaretur.</span> <span class='ocrx_word' id='word_1_186' title='bbox 1651 1279 1706 1317; x_wconf 91' lang='lat' dir='ltr'>Et</span> 
     </span>
     <span class='ocr_line' id='line_1_22' title="bbox 106 1332 1705 1385; baseline -0.003 -11"><span class='ocrx_word' id='word_1_187' title='bbox 106 1335 300 1375; x_wconf 87' lang='lat' dir='ltr'>videbam</span> <span class='ocrx_word' id='word_1_188' title='bbox 333 1336 457 1385; x_wconf 89' lang='lat' dir='ltr'>longe</span> <span class='ocrx_word' id='word_1_189' title='bbox 485 1335 600 1373; x_wconf 90' lang='lat' dir='ltr'>aliud</span> <span class='ocrx_word' id='word_1_190' title='bbox 629 1347 717 1373; x_wconf 87' lang='lat' dir='ltr'>esse</span> <span class='ocrx_word' id='word_1_191' title='bbox 750 1334 909 1372; x_wconf 88' lang='lat' dir='ltr'>hortari</span> <span class='ocrx_word' id='word_1_192' title='bbox 941 1335 990 1372; x_wconf 91' lang='lat' dir='ltr'>ad</span> <span class='ocrx_word' id='word_1_193' title='bbox 1022 1334 1208 1373; x_wconf 84' lang='lat' dir='ltr'>studium</span> <span class='ocrx_word' id='word_1_194' title='bbox 1242 1333 1457 1372; x_wconf 89' lang='lat' dir='ltr'>literarum</span> <span class='ocrx_word' id='word_1_195' title='bbox 1490 1332 1705 1381; x_wconf 85' lang='lat' dir='ltr'>bonarum,</span> 
     </span>
     <span class='ocr_line' id='line_1_23' title="bbox 106 1387 1708 1437; baseline -0.001 -9"><span class='ocrx_word' id='word_1_196' title='bbox 106 1390 288 1429; x_wconf 86' lang='lat' dir='ltr'>inuitare</span> <span class='ocrx_word' id='word_1_197' title='bbox 327 1390 377 1428; x_wconf 88' lang='lat' dir='ltr'>ad</span> <span class='ocrx_word' id='word_1_198' title='bbox 417 1390 548 1428; x_wconf 88' lang='lat' dir='ltr'>bonos</span> <span class='ocrx_word' id='word_1_199' title='bbox 586 1402 734 1436; x_wconf 88' lang='lat' dir='ltr'>mores,</span> <span class='ocrx_word' id='word_1_200' title='bbox 767 1390 966 1427; x_wconf 88' lang='lat' dir='ltr'>annotare</span> <span class='ocrx_word' id='word_1_201' title='bbox 1005 1388 1164 1437; x_wconf 84' lang='lat' dir='ltr'>aliquid</span> <span class='ocrx_word' id='word_1_202' title='bbox 1202 1389 1245 1426; x_wconf 91' lang='lat' dir='ltr'>in</span> <span class='ocrx_word' id='word_1_203' title='bbox 1286 1387 1463 1426; x_wconf 91' lang='lat' dir='ltr'>lectione</span> <span class='ocrx_word' id='word_1_204' title='bbox 1499 1400 1708 1426; x_wconf 87' lang='lat' dir='ltr'>sacrorum</span> 
     </span>
     <span class='ocr_line' id='line_1_24' title="bbox 106 1441 1709 1492; baseline -0.002 -9"><span class='ocrx_word' id='word_1_205' title='bbox 106 1444 401 1492; x_wconf 90' lang='lat' dir='ltr'>voluminum;</span> <span class='ocrx_word' id='word_1_206' title='bbox 430 1447 472 1482; x_wconf 93' lang='lat' dir='ltr'>et</span> <span class='ocrx_word' id='word_1_207' title='bbox 494 1457 581 1482; x_wconf 88' lang='lat' dir='ltr'>rem</span> <span class='ocrx_word' id='word_1_208' title='bbox 602 1443 699 1481; x_wconf 89' lang='lat' dir='ltr'>fidei</span> <span class='ocrx_word' id='word_1_209' title='bbox 719 1443 763 1481; x_wconf 90' lang='lat' dir='ltr'>in</span> <span class='ocrx_word' id='word_1_210' title='bbox 785 1443 897 1481; x_wconf 85' lang='lat' dir='ltr'>orbis</span> <span class='ocrx_word' id='word_1_211' title='bbox 918 1442 1045 1481; x_wconf 86' lang='lat' dir='ltr'>totius</span> <span class='ocrx_word' id='word_1_212' title='bbox 1070 1444 1232 1481; x_wconf 85' lang='lat' dir='ltr'>theatro</span> <span class='ocrx_word' id='word_1_213' title='bbox 1258 1444 1444 1480; x_wconf 85' lang='lat' dir='ltr'>tractare.</span> <span class='ocrx_word' id='word_1_214' title='bbox 1503 1441 1709 1480; x_wconf 87' lang='lat' dir='ltr'>Videbam</span> 
     </span>
     <span class='ocr_line' id='line_1_25' title="bbox 107 1496 1710 1549; baseline -0.001 -12"><span class='ocrx_word' id='word_1_215' title='bbox 107 1499 302 1549; x_wconf 78' lang='lat' dir='ltr'>vti-inque</span> <span class='ocrx_word' id='word_1_216' title='bbox 336 1501 474 1548; x_wconf 87' lang='lat' dir='ltr'>partes</span> <span class='ocrx_word' id='word_1_217' title='bbox 507 1498 564 1536; x_wconf 90' lang='lat' dir='ltr'>sic</span> <span class='ocrx_word' id='word_1_218' title='bbox 598 1510 790 1536; x_wconf 87' lang='lat' dir='ltr'>accensas</span> <span class='ocrx_word' id='word_1_219' title='bbox 823 1497 973 1535; x_wconf 84' lang='lat' dir='ltr'>studiis</span> <span class='ocrx_word' id='word_1_220' title='bbox 1006 1499 1053 1535; x_wconf 84' lang='lat' dir='ltr'>vt</span> <span class='ocrx_word' id='word_1_221' title='bbox 1087 1497 1208 1535; x_wconf 88' lang='lat' dir='ltr'>alteri</span> <span class='ocrx_word' id='word_1_222' title='bbox 1247 1496 1329 1534; x_wconf 90' lang='lat' dir='ltr'>nisi</span> <span class='ocrx_word' id='word_1_223' title='bbox 1368 1496 1533 1545; x_wconf 89' lang='lat' dir='ltr'>magnis</span> <span class='ocrx_word' id='word_1_224' title='bbox 1566 1496 1710 1535; x_wconf 89' lang='lat' dir='ltr'>vocife-</span> 
     </span>
     <span class='ocr_line' id='line_1_26' title="bbox 108 1550 1711 1602; baseline -0.002 -10"><span class='ocrx_word' id='word_1_225' title='bbox 108 1553 339 1592; x_wconf 86' lang='lat' dir='ltr'>rationibus</span> <span class='ocrx_word' id='word_1_226' title='bbox 358 1553 554 1592; x_wconf 88' lang='lat' dir='ltr'>satisfieri</span> <span class='ocrx_word' id='word_1_227' title='bbox 576 1565 662 1590; x_wconf 92' lang='lat' dir='ltr'>non</span> <span class='ocrx_word' id='word_1_228' title='bbox 685 1555 850 1602; x_wconf 88' lang='lat' dir='ltr'>posset;</span> <span class='ocrx_word' id='word_1_229' title='bbox 880 1552 1054 1590; x_wconf 84' lang='lat' dir='ltr'>alteram</span> <span class='ocrx_word' id='word_1_230' title='bbox 1082 1552 1140 1590; x_wconf 90' lang='lat' dir='ltr'>sic</span> <span class='ocrx_word' id='word_1_231' title='bbox 1167 1551 1414 1589; x_wconf 87' lang='lat' dir='ltr'>instructam</span> <span class='ocrx_word' id='word_1_232' title='bbox 1441 1553 1482 1588; x_wconf 89' lang='lat' dir='ltr'>et</span> <span class='ocrx_word' id='word_1_233' title='bbox 1511 1550 1640 1599; x_wconf 89' lang='lat' dir='ltr'>copiis</span> <span class='ocrx_word' id='word_1_234' title='bbox 1670 1554 1711 1589; x_wconf 90' lang='lat' dir='ltr'>et</span> 
     </span>
     <span class='ocr_line' id='line_1_27' title="bbox 109 1605 1710 1655; baseline -0.002 -9"><span class='ocrx_word' id='word_1_235' title='bbox 109 1607 291 1646; x_wconf 87' lang='lat' dir='ltr'>dentatis</span> <span class='ocrx_word' id='word_1_236' title='bbox 321 1607 486 1655; x_wconf 87' lang='lat' dir='ltr'>libellis,</span> <span class='ocrx_word' id='word_1_237' title='bbox 519 1610 565 1645; x_wconf 88' lang='lat' dir='ltr'>vt</span> <span class='ocrx_word' id='word_1_238' title='bbox 600 1606 745 1645; x_wconf 89' lang='lat' dir='ltr'>malim</span> <span class='ocrx_word' id='word_1_239' title='bbox 778 1606 1040 1644; x_wconf 86' lang='lat' dir='ltr'>Eluetiorum</span> <span class='ocrx_word' id='word_1_240' title='bbox 1072 1606 1227 1644; x_wconf 82' lang='lat' dir='ltr'>lanceis</span> <span class='ocrx_word' id='word_1_241' title='bbox 1257 1605 1376 1644; x_wconf 87' lang='lat' dir='ltr'>obiici</span> <span class='ocrx_word' id='word_1_242' title='bbox 1406 1618 1530 1654; x_wconf 86' lang='lat' dir='ltr'>quam</span> <span class='ocrx_word' id='word_1_243' title='bbox 1559 1605 1710 1643; x_wconf 90' lang='lat' dir='ltr'>horum</span> 
     </span>
     <span class='ocr_line' id='line_1_28' title="bbox 108 1659 1709 1710; baseline -0.002 -9"><span class='ocrx_word' id='word_1_244' title='bbox 108 1662 217 1701; x_wconf 88' lang='lat' dir='ltr'>stilis</span> <span class='ocrx_word' id='word_1_245' title='bbox 237 1662 411 1702; x_wconf 86' lang='lat' dir='ltr'>confodi.</span> <span class='ocrx_word' id='word_1_246' title='bbox 470 1661 642 1700; x_wconf 88' lang='lat' dir='ltr'>Habent</span> <span class='ocrx_word' id='word_1_247' title='bbox 668 1661 781 1699; x_wconf 85' lang='lat' dir='ltr'>enim</span> <span class='ocrx_word' id='word_1_248' title='bbox 807 1660 964 1699; x_wconf 86' lang='lat' dir='ltr'>multos</span> <span class='ocrx_word' id='word_1_249' title='bbox 986 1673 1163 1710; x_wconf 90' lang='lat' dir='ltr'>quorum</span> <span class='ocrx_word' id='word_1_250' title='bbox 1192 1659 1332 1698; x_wconf 88' lang='lat' dir='ltr'>literae</span> <span class='ocrx_word' id='word_1_251' title='bbox 1353 1659 1574 1698; x_wconf 86' lang='lat' dir='ltr'>videantur</span> <span class='ocrx_word' id='word_1_252' title='bbox 1600 1660 1709 1709; x_wconf 88' lang='lat' dir='ltr'>apud</span> 
     </span>
    </p>
   </div>
   <div class='ocr_carea' id='block_1_3' title="bbox 109 1713 1769 1766">
    <p class='ocr_par' dir='ltr' id='par_1_4' title="bbox 109 1713 1769 1766">
     <span class='ocr_line' id='line_1_29' title="bbox 109 1713 1769 1766; baseline -0.004 -11"><span class='ocrx_word' id='word_1_253' title='bbox 109 1720 296 1766; x_wconf 89' lang='lat' dir='ltr'>posteros</span> <span class='ocrx_word' id='word_1_254' title='bbox 334 1717 531 1755; x_wconf 88' lang='lat' dir='ltr'>victurae.</span> <span class='ocrx_word' id='word_1_255' title='bbox 599 1715 654 1754; x_wconf 89' lang='lat' dir='ltr'>Et</span> <span class='ocrx_word' id='word_1_256' title='bbox 691 1719 830 1754; x_wconf 88' lang='lat' dir='ltr'>tamen</span> <span class='ocrx_word' id='word_1_257' title='bbox 872 1716 1002 1753; x_wconf 84' lang='lat' dir='ltr'>fateor</span> <span class='ocrx_word' id='word_1_258' title='bbox 1039 1715 1084 1753; x_wconf 91' lang='lat' dir='ltr'>in</span> <span class='ocrx_word' id='word_1_259' title='bbox 1124 1728 1244 1754; x_wconf 82' lang='lat' dir='ltr'>causa</span> <span class='ocrx_word' id='word_1_260' title='bbox 1283 1714 1380 1752; x_wconf 90' lang='lat' dir='ltr'>fidei</span> <span class='ocrx_word' id='word_1_261' title='bbox 1414 1713 1546 1752; x_wconf 87' lang='lat' dir='ltr'>vitam</span> <span class='ocrx_word' id='word_1_262' title='bbox 1585 1714 1710 1752; x_wconf 86' lang='lat' dir='ltr'>etiam</span> <span class='ocrx_word' id='word_1_263' title='bbox 1734 1728 1769 1758; x_wconf 72' lang='lat'>25</span> 
     </span>
    </p>
   </div>
   <div class='ocr_carea' id='block_1_4' title="bbox 110 1768 1714 2420">
    <p class='ocr_par' dir='ltr' id='par_1_5' title="bbox 110 1768 1714 2420">
     <span class='ocr_line' id='line_1_30' title="bbox 110 1768 1712 1821; baseline -0.001 -12"><span class='ocrx_word' id='word_1_264' title='bbox 110 1771 411 1821; x_wconf 88' lang='lat' dir='ltr'>negligendam,</span> <span class='ocrx_word' id='word_1_265' title='bbox 453 1771 489 1809; x_wconf 89' lang='lat' dir='ltr'>si</span> <span class='ocrx_word' id='word_1_266' title='bbox 527 1771 650 1808; x_wconf 90' lang='lat' dir='ltr'>modo</span> <span class='ocrx_word' id='word_1_267' title='bbox 689 1769 863 1809; x_wconf 88' lang='lat' dir='ltr'>facultas</span> <span class='ocrx_word' id='word_1_268' title='bbox 910 1769 1191 1819; x_wconf 86' lang='lat' dir='ltr'>respondisset</span> <span class='ocrx_word' id='word_1_269' title='bbox 1237 1768 1389 1807; x_wconf 82' lang='lat' dir='ltr'>animo.</span> <span class='ocrx_word' id='word_1_270' title='bbox 1462 1768 1581 1807; x_wconf 83' lang='lat' dir='ltr'>Certe</span> <span class='ocrx_word' id='word_1_271' title='bbox 1628 1782 1712 1807; x_wconf 75' lang='lat' dir='ltr'>non</span> 
     </span>
     <span class='ocr_line' id='line_1_31' title="bbox 110 1823 1712 1874; baseline -0.002 -10"><span class='ocrx_word' id='word_1_272' title='bbox 110 1826 288 1864; x_wconf 87' lang='lat' dir='ltr'>concedo</span> <span class='ocrx_word' id='word_1_273' title='bbox 309 1826 484 1864; x_wconf 90' lang='lat' dir='ltr'>Latomo</span> <span class='ocrx_word' id='word_1_274' title='bbox 504 1827 550 1864; x_wconf 89' lang='lat' dir='ltr'>vt</span> <span class='ocrx_word' id='word_1_275' title='bbox 569 1824 634 1862; x_wconf 91' lang='lat' dir='ltr'>illi</span> <span class='ocrx_word' id='word_1_276' title='bbox 659 1824 793 1874; x_wconf 88' lang='lat' dir='ltr'>magis</span> <span class='ocrx_word' id='word_1_277' title='bbox 813 1824 1073 1874; x_wconf 89' lang='lat' dir='ltr'>displicuerit</span> <span class='ocrx_word' id='word_1_278' title='bbox 1104 1825 1181 1862; x_wconf 90' lang='lat' dir='ltr'>hoc</span> <span class='ocrx_word' id='word_1_279' title='bbox 1209 1823 1320 1862; x_wconf 90' lang='lat' dir='ltr'>orbis</span> <span class='ocrx_word' id='word_1_280' title='bbox 1345 1823 1566 1862; x_wconf 88' lang='lat' dir='ltr'>dissidium</span> <span class='ocrx_word' id='word_1_281' title='bbox 1587 1837 1712 1873; x_wconf 88' lang='lat' dir='ltr'>quam</span> 
     </span>
     <span class='ocr_line' id='line_1_32' title="bbox 110 1877 1712 1930; baseline -0.002 -12"><span class='ocrx_word' id='word_1_282' title='bbox 110 1880 240 1919; x_wconf 90' lang='lat' dir='ltr'>mihi:</span> <span class='ocrx_word' id='word_1_283' title='bbox 270 1880 514 1930; x_wconf 88' lang='lat' dir='ltr'>praesertim</span> <span class='ocrx_word' id='word_1_284' title='bbox 535 1893 666 1929; x_wconf 91' lang='lat' dir='ltr'>quum</span> <span class='ocrx_word' id='word_1_285' title='bbox 686 1879 764 1917; x_wconf 93' lang='lat' dir='ltr'>hoc</span> <span class='ocrx_word' id='word_1_286' title='bbox 783 1879 991 1917; x_wconf 89' lang='lat' dir='ltr'>fermento</span> <span class='ocrx_word' id='word_1_287' title='bbox 1010 1878 1160 1917; x_wconf 89' lang='lat' dir='ltr'>viciata</span> <span class='ocrx_word' id='word_1_288' title='bbox 1188 1877 1242 1916; x_wconf 90' lang='lat' dir='ltr'>sit</span> <span class='ocrx_word' id='word_1_289' title='bbox 1263 1878 1414 1927; x_wconf 90' lang='lat' dir='ltr'>vbique</span> <span class='ocrx_word' id='word_1_290' title='bbox 1435 1878 1519 1916; x_wconf 89' lang='lat' dir='ltr'>fere</span> <span class='ocrx_word' id='word_1_291' title='bbox 1540 1878 1712 1916; x_wconf 88' lang='lat' dir='ltr'>dulcedo</span> 
     </span>
     <span class='ocr_line' id='line_1_33' title="bbox 111 1932 1712 1983; baseline -0.002 -10"><span class='ocrx_word' id='word_1_292' title='bbox 111 1934 358 1973; x_wconf 87' lang='lat' dir='ltr'>studiorum.</span> <span class='ocrx_word' id='word_1_293' title='bbox 421 1933 476 1973; x_wconf 89' lang='lat' dir='ltr'>Vt</span> <span class='ocrx_word' id='word_1_294' title='bbox 506 1935 701 1972; x_wconf 87' lang='lat' dir='ltr'>insanum</span> <span class='ocrx_word' id='word_1_295' title='bbox 735 1934 790 1972; x_wconf 89' lang='lat' dir='ltr'>sit</span> <span class='ocrx_word' id='word_1_296' title='bbox 818 1932 989 1983; x_wconf 86' lang='lat' dir='ltr'>probare</span> <span class='ocrx_word' id='word_1_297' title='bbox 1023 1933 1164 1971; x_wconf 86' lang='lat' dir='ltr'>onmia</span> <span class='ocrx_word' id='word_1_298' title='bbox 1194 1946 1294 1982; x_wconf 88' lang='lat' dir='ltr'>quae</span> <span class='ocrx_word' id='word_1_299' title='bbox 1324 1932 1490 1981; x_wconf 89' lang='lat' dir='ltr'>scripsit</span> <span class='ocrx_word' id='word_1_300' title='bbox 1518 1934 1590 1970; x_wconf 87' lang='lat' dir='ltr'>aut</span> <span class='ocrx_word' id='word_1_301' title='bbox 1619 1932 1712 1970; x_wconf 91' lang='lat' dir='ltr'>scri-</span> 
     </span>
     <span class='ocr_line' id='line_1_34' title="bbox 110 1986 1714 2039; baseline -0.001 -12"><span class='ocrx_word' id='word_1_302' title='bbox 110 1990 260 2039; x_wconf 91' lang='lat' dir='ltr'>pturus</span> <span class='ocrx_word' id='word_1_303' title='bbox 288 1988 344 2027; x_wconf 88' lang='lat' dir='ltr'>sit</span> <span class='ocrx_word' id='word_1_304' title='bbox 364 1988 585 2037; x_wconf 89' lang='lat' dir='ltr'>Lutherus,</span> <span class='ocrx_word' id='word_1_305' title='bbox 609 1988 667 2026; x_wconf 89' lang='lat' dir='ltr'>ita</span> <span class='ocrx_word' id='word_1_306' title='bbox 695 2001 780 2026; x_wconf 89' lang='lat' dir='ltr'>non</span> <span class='ocrx_word' id='word_1_307' title='bbox 809 1987 942 2037; x_wconf 88' lang='lat' dir='ltr'>placet</span> <span class='ocrx_word' id='word_1_308' title='bbox 970 1986 1127 2026; x_wconf 87' lang='lat' dir='ltr'>autoris</span> <span class='ocrx_word' id='word_1_309' title='bbox 1157 1987 1250 2025; x_wconf 91' lang='lat' dir='ltr'>odio</span> <span class='ocrx_word' id='word_1_310' title='bbox 1278 1987 1474 2025; x_wconf 89' lang='lat' dir='ltr'>damnare</span> <span class='ocrx_word' id='word_1_311' title='bbox 1495 2000 1597 2036; x_wconf 86' lang='lat' dir='ltr'>quae</span> <span class='ocrx_word' id='word_1_312' title='bbox 1616 2000 1714 2025; x_wconf 90' lang='lat' dir='ltr'>vera</span> 
     </span>
     <span class='ocr_line' id='line_1_35' title="bbox 111 2040 1713 2093; baseline -0.002 -11"><span class='ocrx_word' id='word_1_313' title='bbox 111 2045 224 2090; x_wconf 88' lang='lat' dir='ltr'>sunt,</span> <span class='ocrx_word' id='word_1_314' title='bbox 247 2056 294 2082; x_wconf 88' lang='lat' dir='ltr'>ea</span> <span class='ocrx_word' id='word_1_315' title='bbox 317 2043 540 2093; x_wconf 88' lang='lat' dir='ltr'>deprauare</span> <span class='ocrx_word' id='word_1_316' title='bbox 568 2056 671 2092; x_wconf 90' lang='lat' dir='ltr'>quae</span> <span class='ocrx_word' id='word_1_317' title='bbox 701 2044 811 2081; x_wconf 88' lang='lat' dir='ltr'>recta</span> <span class='ocrx_word' id='word_1_318' title='bbox 839 2044 949 2080; x_wconf 89' lang='lat' dir='ltr'>sunt.</span> <span class='ocrx_word' id='word_1_319' title='bbox 1008 2041 1052 2080; x_wconf 75' lang='lat' dir='ltr'>Si</span> <span class='ocrx_word' id='word_1_320' title='bbox 1078 2042 1220 2080; x_wconf 79' lang='lat' dir='ltr'>scribit</span> <span class='ocrx_word' id='word_1_321' title='bbox 1249 2041 1449 2079; x_wconf 88' lang='lat' dir='ltr'>aduersus</span> <span class='ocrx_word' id='word_1_322' title='bbox 1479 2040 1713 2079; x_wconf 88' lang='lat' dir='ltr'>Lutherum</span> 
     </span>
     <span class='ocr_line' id='line_1_36' title="bbox 113 2095 1709 2148; baseline -0.002 -12"><span class='ocrx_word' id='word_1_323' title='bbox 113 2097 184 2148; x_wconf 89' lang='lat' dir='ltr'>qui</span> <span class='ocrx_word' id='word_1_324' title='bbox 212 2097 390 2136; x_wconf 90' lang='lat' dir='ltr'>subinde</span> <span class='ocrx_word' id='word_1_325' title='bbox 418 2100 537 2137; x_wconf 81' lang='lat' dir='ltr'>vocat</span> <span class='ocrx_word' id='word_1_326' title='bbox 564 2097 690 2135; x_wconf 90' lang='lat' dir='ltr'>illum</span> <span class='ocrx_word' id='word_1_327' title='bbox 715 2097 893 2142; x_wconf 86' lang='lat' dir='ltr'>asinum,</span> <span class='ocrx_word' id='word_1_328' title='bbox 921 2095 1120 2145; x_wconf 88' lang='lat' dir='ltr'>stipitem,</span> <span class='ocrx_word' id='word_1_329' title='bbox 1146 2096 1335 2143; x_wconf 87' lang='lat' dir='ltr'>bestiam,</span> <span class='ocrx_word' id='word_1_330' title='bbox 1358 2095 1709 2141; x_wconf 86' lang='lat' dir='ltr'>cacodaemonem,</span> 
     </span>
     <span class='ocr_line' id='line_1_37' title="bbox 111 2149 1713 2200; baseline -0.001 -10"><span class='ocrx_word' id='word_1_331' title='bbox 111 2151 434 2200; x_wconf 89' lang='lat' dir='ltr'>Antichristum,</span> <span class='ocrx_word' id='word_1_332' title='bbox 466 2151 574 2190; x_wconf 92' lang='lat' dir='ltr'>nihil</span> <span class='ocrx_word' id='word_1_333' title='bbox 608 2154 695 2190; x_wconf 89' lang='lat' dir='ltr'>erat</span> <span class='ocrx_word' id='word_1_334' title='bbox 723 2151 890 2190; x_wconf 89' lang='lat' dir='ltr'>facilius</span> <span class='ocrx_word' id='word_1_335' title='bbox 919 2164 1043 2200; x_wconf 88' lang='lat' dir='ltr'>quam</span> <span class='ocrx_word' id='word_1_336' title='bbox 1075 2151 1118 2188; x_wconf 93' lang='lat' dir='ltr'>in</span> <span class='ocrx_word' id='word_1_337' title='bbox 1148 2150 1267 2188; x_wconf 89' lang='lat' dir='ltr'>illum</span> <span class='ocrx_word' id='word_1_338' title='bbox 1298 2149 1487 2188; x_wconf 90' lang='lat' dir='ltr'>scribere.</span> <span class='ocrx_word' id='word_1_339' title='bbox 1547 2150 1635 2200; x_wconf 87' lang='lat' dir='ltr'>Ego</span> <span class='ocrx_word' id='word_1_340' title='bbox 1663 2162 1713 2188; x_wconf 78' lang='lat' dir='ltr'>ex</span> 
     </span>
     <span class='ocr_line' id='line_1_38' title="bbox 113 2204 1714 2254; baseline -0.002 -10"><span class='ocrx_word' id='word_1_341' title='bbox 113 2206 306 2245; x_wconf 87' lang='lat' dir='ltr'>omnibus</span> <span class='ocrx_word' id='word_1_342' title='bbox 334 2206 448 2244; x_wconf 85' lang='lat' dir='ltr'>illius</span> <span class='ocrx_word' id='word_1_343' title='bbox 475 2205 835 2245; x_wconf 87' lang='lat' dir='ltr'>lucubrationibus</span> <span class='ocrx_word' id='word_1_344' title='bbox 863 2205 933 2243; x_wconf 77' lang='lat' dir='ltr'>vix</span> <span class='ocrx_word' id='word_1_345' title='bbox 966 2205 1184 2244; x_wconf 87' lang='lat' dir='ltr'>duodecim</span> <span class='ocrx_word' id='word_1_346' title='bbox 1218 2204 1300 2254; x_wconf 89' lang='lat' dir='ltr'>legi</span> <span class='ocrx_word' id='word_1_347' title='bbox 1334 2204 1539 2254; x_wconf 88' lang='lat' dir='ltr'>pagellas:</span> <span class='ocrx_word' id='word_1_348' title='bbox 1580 2218 1714 2254; x_wconf 91' lang='lat' dir='ltr'>neque</span> 
     </span>
     <span class='ocr_line' id='line_1_39' title="bbox 113 2258 1713 2308; baseline -0.001 -9"><span class='ocrx_word' id='word_1_349' title='bbox 113 2261 227 2299; x_wconf 80' lang='lat' dir='ltr'>enim</span> <span class='ocrx_word' id='word_1_350' title='bbox 261 2262 389 2307; x_wconf 88' lang='lat' dir='ltr'>vacat,</span> <span class='ocrx_word' id='word_1_351' title='bbox 426 2263 468 2299; x_wconf 88' lang='lat' dir='ltr'>et</span> <span class='ocrx_word' id='word_1_352' title='bbox 505 2261 541 2299; x_wconf 89' lang='lat' dir='ltr'>si</span> <span class='ocrx_word' id='word_1_353' title='bbox 577 2261 751 2308; x_wconf 86' lang='lat' dir='ltr'>vacaret,</span> <span class='ocrx_word' id='word_1_354' title='bbox 787 2260 934 2298; x_wconf 89' lang='lat' dir='ltr'>malim</span> <span class='ocrx_word' id='word_1_355' title='bbox 973 2260 1049 2298; x_wconf 89' lang='lat' dir='ltr'>hoc</span> <span class='ocrx_word' id='word_1_356' title='bbox 1089 2259 1167 2297; x_wconf 90' lang='lat' dir='ltr'>ocii</span> <span class='ocrx_word' id='word_1_357' title='bbox 1204 2259 1249 2297; x_wconf 90' lang='lat' dir='ltr'>in</span> <span class='ocrx_word' id='word_1_358' title='bbox 1282 2258 1462 2297; x_wconf 88' lang='lat' dir='ltr'>vetustis</span> <span class='ocrx_word' id='word_1_359' title='bbox 1500 2259 1713 2297; x_wconf 86' lang='lat' dir='ltr'>autoribus</span> 
     </span>
     <span class='ocr_line' id='line_1_40' title="bbox 113 2313 1713 2365; baseline -0.001 -12"><span class='ocrx_word' id='word_1_360' title='bbox 113 2315 324 2354; x_wconf 87' lang='lat' dir='ltr'>collocare.</span> <span class='ocrx_word' id='word_1_361' title='bbox 385 2315 439 2354; x_wconf 85' lang='lat' dir='ltr'>Et</span> <span class='ocrx_word' id='word_1_362' title='bbox 473 2317 616 2354; x_wconf 86' lang='lat' dir='ltr'>tamen</span> <span class='ocrx_word' id='word_1_363' title='bbox 649 2315 721 2353; x_wconf 83' lang='lat' dir='ltr'>vix</span> <span class='ocrx_word' id='word_1_364' title='bbox 753 2327 989 2365; x_wconf 88' lang='lat' dir='ltr'>quenquam</span> <span class='ocrx_word' id='word_1_365' title='bbox 1028 2314 1163 2352; x_wconf 86' lang='lat' dir='ltr'>adhuc</span> <span class='ocrx_word' id='word_1_366' title='bbox 1202 2313 1374 2362; x_wconf 89' lang='lat' dir='ltr'>repperi,</span> <span class='ocrx_word' id='word_1_367' title='bbox 1415 2313 1485 2362; x_wconf 92' lang='lat' dir='ltr'>qui</span> <span class='ocrx_word' id='word_1_368' title='bbox 1525 2326 1567 2351; x_wconf 89' lang='lat' dir='ltr'>se</span> <span class='ocrx_word' id='word_1_369' title='bbox 1605 2313 1713 2351; x_wconf 89' lang='lat' dir='ltr'>dicat</span> 
     </span>
     <span class='ocr_line' id='line_1_41' title="bbox 114 2367 1402 2420; baseline -0.002 -11"><span class='ocrx_word' id='word_1_370' title='bbox 114 2370 324 2420; x_wconf 90' lang='lat' dir='ltr'>poenitere</span> <span class='ocrx_word' id='word_1_371' title='bbox 345 2369 494 2420; x_wconf 82' lang='lat' dir='ltr'>legisse</span> <span class='ocrx_word' id='word_1_372' title='bbox 514 2369 641 2408; x_wconf 88' lang='lat' dir='ltr'>libros</span> <span class='ocrx_word' id='word_1_373' title='bbox 659 2369 787 2417; x_wconf 83' lang='lat' dir='ltr'>illius,</span> <span class='ocrx_word' id='word_1_374' title='bbox 807 2368 969 2408; x_wconf 88' lang='lat' dir='ltr'>etiamsi</span> <span class='ocrx_word' id='word_1_375' title='bbox 990 2368 1125 2407; x_wconf 89' lang='lat' dir='ltr'>multa</span> <span class='ocrx_word' id='word_1_376' title='bbox 1145 2367 1402 2417; x_wconf 87' lang='lat' dir='ltr'>displiceant.</span> 
     </span>
    </p>
   </div>
   <div class='ocr_carea' id='block_1_5' title="bbox 116 2517 1716 2644">
    <p class='ocr_par' dir='ltr' id='par_1_6' title="bbox 116 2517 1716 2644">
     <span class='ocr_line' id='line_1_42' title="bbox 160 2517 1713 2557; baseline 0.001 -9"><span class='ocrx_word' id='word_1_377' title='bbox 160 2526 234 2556; x_wconf 86' lang='lat'>227.</span> <span class='ocrx_word' id='word_1_378' title='bbox 258 2517 416 2557; x_wconf 86' lang='lat' dir='ltr'>pernicie</span> <span class='ocrx_word' id='word_1_379' title='bbox 434 2527 573 2548; x_wconf 90' lang='lat' dir='ltr'>morum</span> <span class='ocrx_word' id='word_1_380' title='bbox 591 2521 628 2549; x_wconf 89' lang='lat' dir='ltr'>F.</span> <span class='ocrx_word' id='word_1_381' title='bbox 718 2527 791 2556; x_wconf 87' lang='lat'>229.</span> <span class='ocrx_word' id='word_1_382' title='bbox 817 2518 950 2557; x_wconf 82' lang='lat' dir='ltr'>gratias</span> <span class='ocrx_word' id='word_1_383' title='bbox 966 2519 1077 2557; x_wconf 84' lang='lat' dir='ltr'>agunt</span> <span class='ocrx_word' id='word_1_384' title='bbox 1094 2519 1128 2547; x_wconf 87' lang='lat' dir='ltr'>F.</span> <span class='ocrx_word' id='word_1_385' title='bbox 1228 2527 1301 2556; x_wconf 84' lang='lat'>230.</span> <span class='ocrx_word' id='word_1_386' title='bbox 1327 2518 1416 2548; x_wconf 90' lang='lat' dir='ltr'>meis</span> <span class='ocrx_word' id='word_1_387' title='bbox 1432 2527 1490 2549; x_wconf 79' lang='lat' dir='ltr'>om.</span> <span class='ocrx_word' id='word_1_388' title='bbox 1504 2520 1538 2549; x_wconf 88' lang='lat' dir='ltr'>F.</span> <span class='ocrx_word' id='word_1_389' title='bbox 1638 2527 1713 2556; x_wconf 85' lang='lat'>231.</span> 
     </span>
     <span class='ocr_line' id='line_1_43' title="bbox 116 2561 1714 2600; baseline 0.001 -9"><span class='ocrx_word' id='word_1_390' title='bbox 116 2561 377 2592; x_wconf 79' lang='lat' dir='ltr'>asseuerationc</span> <span class='ocrx_word' id='word_1_391' title='bbox 390 2563 436 2591; x_wconf 85' lang='lat' dir='ltr'>F:</span> <span class='ocrx_word' id='word_1_392' title='bbox 460 2562 705 2592; x_wconf 83' lang='lat' dir='ltr'>assentacione</span> <span class='ocrx_word' id='word_1_393' title='bbox 717 2572 747 2592; x_wconf 91' lang='grc' dir='ltr'>α.</span> <span class='ocrx_word' id='word_1_394' title='bbox 839 2570 912 2600; x_wconf 88' lang='grc'><strong>233.</strong></span> <span class='ocrx_word' id='word_1_395' title='bbox 937 2561 1033 2600; x_wconf 90' lang='lat' dir='ltr'>quod</span> <span class='ocrx_word' id='word_1_396' title='bbox 1046 2563 1092 2592; x_wconf 87' lang='lat' dir='ltr'>F:</span> <span class='ocrx_word' id='word_1_397' title='bbox 1116 2561 1247 2600; x_wconf 82' lang='lat' dir='ltr'>quida.</span> <span class='ocrx_word' id='word_1_398' title='bbox 1340 2562 1413 2600; x_wconf 88' lang='grc'><strong>236.</strong></span> <span class='ocrx_word' id='word_1_399' title='bbox 1439 2564 1486 2592; x_wconf 84' lang='lat' dir='ltr'>F:</span> <span class='ocrx_word' id='word_1_400' title='bbox 1510 2562 1672 2592; x_wconf 88' lang='lat' dir='ltr'>Dionisio</span> <span class='ocrx_word' id='word_1_401' title='bbox 1685 2573 1714 2592; x_wconf 87' lang='grc' dir='ltr'>α.</span> 
     </span>
     <span class='ocr_line' id='line_1_44' title="bbox 117 2604 1716 2644; baseline 0 -9"><span class='ocrx_word' id='word_1_402' title='bbox 117 2605 242 2636; x_wconf 86' lang='lat' dir='ltr'>scribit</span> <span class='ocrx_word' id='word_1_403' title='bbox 256 2607 291 2635; x_wconf 86' lang='lat' dir='ltr'>F.</span> <span class='ocrx_word' id='word_1_404' title='bbox 404 2614 478 2644; x_wconf 86' lang='lat'>237.</span> <span class='ocrx_word' id='word_1_405' title='bbox 504 2607 551 2635; x_wconf 81' lang='lat' dir='ltr'>F:</span> <span class='ocrx_word' id='word_1_406' title='bbox 576 2605 780 2635; x_wconf 86' lang='lat' dir='ltr'>Dionisium</span> <span class='ocrx_word' id='word_1_407' title='bbox 798 2616 827 2635; x_wconf 86' lang='grc' dir='ltr'>α.</span> <span class='ocrx_word' id='word_1_408' title='bbox 935 2615 1008 2642; x_wconf 84' lang='grc'><strong>240.</strong></span> <span class='ocrx_word' id='word_1_409' title='bbox 1035 2604 1181 2635; x_wconf 84' lang='lat' dir='ltr'>fuerunt</span> <span class='ocrx_word' id='word_1_410' title='bbox 1199 2606 1236 2636; x_wconf 91' lang='lat' dir='ltr'>in</span> <span class='ocrx_word' id='word_1_411' title='bbox 1254 2615 1358 2636; x_wconf 83' lang='lat' dir='ltr'>causa</span> <span class='ocrx_word' id='word_1_412' title='bbox 1375 2608 1410 2635; x_wconf 85' lang='lat' dir='ltr'>F.</span> <span class='ocrx_word' id='word_1_413' title='bbox 1528 2614 1601 2643; x_wconf 87' lang='lat'>241.</span> <span class='ocrx_word' id='word_1_414' title='bbox 1626 2606 1716 2635; x_wconf 81' lang='lat' dir='ltr'>meis</span> 
     </span>
    </p>
   </div>
   <div class='ocr_carea' id='block_1_6' title="bbox 117 2648 1716 2688">
    <p class='ocr_par' dir='ltr' id='par_1_7' title="bbox 117 2648 1716 2688">
     <span class='ocr_line' id='line_1_45' title="bbox 117 2648 1716 2688; baseline -0.001 -9"><span class='ocrx_word' id='word_1_415' title='bbox 117 2648 247 2679; x_wconf 79' lang='lat' dir='ltr'>studiis</span> <span class='ocrx_word' id='word_1_416' title='bbox 264 2650 299 2679; x_wconf 82' lang='lat' dir='ltr'>F.</span> <span class='ocrx_word' id='word_1_417' title='bbox 401 2658 476 2687; x_wconf 80' lang='lat'>242.</span> <span class='ocrx_word' id='word_1_418' title='bbox 499 2648 669 2679; x_wconf 83' lang='lat' dir='ltr'>valetudo</span> <span class='ocrx_word' id='word_1_419' title='bbox 686 2648 866 2679; x_wconf 86' lang='lat' dir='ltr'>laboribus</span> <span class='ocrx_word' id='word_1_420' title='bbox 883 2648 1087 2679; x_wconf 85' lang='lat' dir='ltr'>immodicis</span> <span class='ocrx_word' id='word_1_421' title='bbox 1103 2651 1138 2679; x_wconf 89' lang='lat' dir='ltr'>F.</span> <span class='ocrx_word' id='word_1_422' title='bbox 1239 2658 1312 2688; x_wconf 85' lang='lat'>243.</span> <span class='ocrx_word' id='word_1_423' title='bbox 1338 2649 1511 2679; x_wconf 86' lang='lat' dir='ltr'>bonarum</span> <span class='ocrx_word' id='word_1_424' title='bbox 1529 2648 1716 2679; x_wconf 85' lang='lat' dir='ltr'>literarum</span> 
     </span>
    </p>
   </div>
   <div class='ocr_carea' id='block_1_7' title="bbox 116 2691 1717 2775">
    <p class='ocr_par' dir='ltr' id='par_1_8' title="bbox 116 2691 1717 2775">
     <span class='ocr_line' id='line_1_46' title="bbox 116 2691 1717 2767; baseline 0.001 -45"><span class='ocrx_word' id='word_1_425' title='bbox 116 2694 183 2767; x_wconf 85' lang='lat' dir='ltr'>F.6</span> <span class='ocrx_word' id='word_1_426' title='bbox 243 2696 437 2766; x_wconf 45' lang='lat' dir='ltr'>24Zde2&#39;a:</span> <span class='ocrx_word' id='word_1_427' title='bbox 462 2691 562 2723; x_wconf 86' lang='lat' dir='ltr'>aliud</span> <span class='ocrx_word' id='word_1_428' title='bbox 577 2694 620 2724; x_wconf 90' lang='lat' dir='ltr'>H.</span> <span class='ocrx_word' id='word_1_429' title='bbox 721 2692 794 2732; x_wconf 88' lang='lat'>248.</span> <span class='ocrx_word' id='word_1_430' title='bbox 819 2695 864 2723; x_wconf 87' lang='lat' dir='ltr'>F:</span> <span class='ocrx_word' id='word_1_431' title='bbox 892 2691 1144 2723; x_wconf 72' lang='lat' dir='ltr'>Heluetiorum</span> <span class='ocrx_word' id='word_1_432' title='bbox 1161 2704 1190 2723; x_wconf 89' lang='grc' dir='ltr'>α.</span> <span class='ocrx_word' id='word_1_433' title='bbox 1281 2701 1354 2731; x_wconf 85' lang='lat'>254.</span> <span class='ocrx_word' id='word_1_434' title='bbox 1382 2693 1502 2723; x_wconf 78' lang='lat' dir='ltr'>omnia</span> <span class='ocrx_word' id='word_1_435' title='bbox 1519 2692 1664 2732; x_wconf 86' lang='lat' dir='ltr'>probare</span> <span class='ocrx_word' id='word_1_436' title='bbox 1681 2695 1717 2723; x_wconf 87' lang='lat' dir='ltr'>F.</span> 
     </span>
     <span class='ocr_line' id='line_1_47' title="bbox 118 2745 404 2775; baseline 0.003 -9"><span class='ocrx_word' id='word_1_437' title='bbox 118 2745 159 2775; x_wconf 88' lang='lat'>25</span> <span class='ocrx_word' id='word_1_438' title='bbox 185 2758 193 2766; x_wconf 93' lang='lat'>.</span> <span class='ocrx_word' id='word_1_439' title='bbox 219 2745 259 2767; x_wconf 88' lang='lat' dir='ltr'>ea</span> <span class='ocrx_word' id='word_1_440' title='bbox 275 2746 294 2766; x_wconf 86' lang='lat' dir='ltr'>a</span> <span class='ocrx_word' id='word_1_441' title='bbox 340 2759 348 2766; x_wconf 93' lang='lat'>.</span> <span class='ocrx_word' id='word_1_442' title='bbox 397 2760 404 2767; x_wconf 97' lang='lat'>.</span> 
     </span>
    </p>
   </div>
   <div class='ocr_carea' id='block_1_8' title="bbox 119 2879 1715 3008">
    <p class='ocr_par' dir='ltr' id='par_1_9' title="bbox 119 2879 1715 3008">
     <span class='ocr_line' id='line_1_48' title="bbox 165 2879 1715 2920; baseline -0.001 -10"><span class='ocrx_word' id='word_1_443' title='bbox 165 2888 238 2918; x_wconf 88' lang='grc'><strong>223.</strong></span> <span class='ocrx_word' id='word_1_444' title='bbox 265 2879 492 2920; x_wconf 77' lang='lat' dir='ltr'>ceremoniis]</span> <span class='ocrx_word' id='word_1_445' title='bbox 517 2879 802 2920; x_wconf 78' lang='lat' dir='ltr'>Cf.Ep.858.445</span> <span class='ocrx_word' id='word_1_446' title='bbox 814 2891 885 2919; x_wconf 83' lang='lat' dir='ltr'>seq.</span> <span class='ocrx_word' id='word_1_447' title='bbox 996 2881 1070 2919; x_wconf 85' lang='lat'>236.</span> <span class='ocrx_word' id='word_1_448' title='bbox 1099 2879 1287 2920; x_wconf 87' lang='lat' dir='ltr'>Dionysio]</span> <span class='ocrx_word' id='word_1_449' title='bbox 1313 2879 1365 2911; x_wconf 79' lang='lat' dir='ltr'>Cf.</span> <span class='ocrx_word' id='word_1_450' title='bbox 1397 2880 1461 2920; x_wconf 82' lang='lat' dir='ltr'>Ep.</span> <span class='ocrx_word' id='word_1_451' title='bbox 1489 2889 1579 2909; x_wconf 86' lang='lat'>1202.</span> <span class='ocrx_word' id='word_1_452' title='bbox 1598 2880 1715 2916; x_wconf 88' lang='lat'>224-6.</span> 
     </span>
     <span class='ocr_line' id='line_1_49' title="bbox 165 2923 1658 2964; baseline -0.001 -11"><span class='ocrx_word' id='word_1_453' title='bbox 165 2924 237 2953; x_wconf 88' lang='lat'>226.</span> <span class='ocrx_word' id='word_1_454' title='bbox 265 2923 438 2955; x_wconf 83' lang='lat' dir='ltr'>aduersus</span> <span class='ocrx_word' id='word_1_455' title='bbox 469 2923 577 2964; x_wconf 84' lang='lat' dir='ltr'>bella]</span> <span class='ocrx_word' id='word_1_456' title='bbox 610 2923 662 2956; x_wconf 84' lang='lat' dir='ltr'>Cf.</span> <span class='ocrx_word' id='word_1_457' title='bbox 697 2924 759 2964; x_wconf 90' lang='lat' dir='ltr'>Ep.</span> <span class='ocrx_word' id='word_1_458' title='bbox 796 2933 889 2963; x_wconf 85' lang='lat'>¹219·</span> <span class='ocrx_word' id='word_1_459' title='bbox 994 2924 1066 2961; x_wconf 81' lang='lat'>248.</span> <span class='ocrx_word' id='word_1_460' title='bbox 1095 2923 1334 2964; x_wconf 85' lang='lat' dir='ltr'>Eluetiorum]</span> <span class='ocrx_word' id='word_1_461' title='bbox 1353 2923 1404 2955; x_wconf 90' lang='lat' dir='ltr'>Cf.</span> <span class='ocrx_word' id='word_1_462' title='bbox 1424 2924 1486 2963; x_wconf 86' lang='lat' dir='ltr'>Ep.</span> <span class='ocrx_word' id='word_1_463' title='bbox 1511 2932 1582 2961; x_wconf 85' lang='lat'>134.</span> <span class='ocrx_word' id='word_1_464' title='bbox 1603 2932 1658 2961; x_wconf 83' lang='lat'>3¹¹·</span> 
     </span>
     <span class='ocr_line' id='line_1_50' title="bbox 119 2967 1713 3008; baseline -0.001 -11"><span class='ocrx_word' id='word_1_465' title='bbox 119 2976 200 3005; x_wconf 72' lang='lat'>411¹.</span> <span class='ocrx_word' id='word_1_466' title='bbox 996 2977 1070 3006; x_wconf 84' lang='lat'>259.</span> <span class='ocrx_word' id='word_1_467' title='bbox 1098 2968 1158 2996; x_wconf 79' lang='lat' dir='ltr'>vix</span> <span class='ocrx_word' id='word_1_468' title='bbox 1183 2967 1389 3008; x_wconf 76' lang='lat' dir='ltr'>duodecim]</span> <span class='ocrx_word' id='word_1_469' title='bbox 1423 2967 1476 2998; x_wconf 73' lang='lat' dir='ltr'>Cf.</span> <span class='ocrx_word' id='word_1_470' title='bbox 1504 2967 1591 3006; x_wconf 79' lang='lat' dir='ltr'>Epp.</span> <span class='ocrx_word' id='word_1_471' title='bbox 1623 2967 1713 3004; x_wconf 86' lang='lat'>1167.</span> 
     </span>
    </p>
   </div>
   <div class='ocr_carea' id='block_1_9' title="bbox 165 3009 1281 3106">
    <p class='ocr_par' dir='ltr' id='par_1_10' title="bbox 165 3009 1281 3106">
     <span class='ocr_line' id='line_1_51' title="bbox 165 3009 1281 3053; baseline 0.001 -13"><span class='ocrx_word' id='word_1_472' title='bbox 165 3020 238 3049; x_wconf 86' lang='lat'>232.</span> <span class='ocrx_word' id='word_1_473' title='bbox 263 3009 501 3053; x_wconf 79' lang='lat' dir='ltr'>damnantur]</span> <span class='ocrx_word' id='word_1_474' title='bbox 519 3011 572 3042; x_wconf 83' lang='lat' dir='ltr'>Of.</span> <span class='ocrx_word' id='word_1_475' title='bbox 591 3011 653 3052; x_wconf 90' lang='lat' dir='ltr'>Ep.</span> <span class='ocrx_word' id='word_1_476' title='bbox 677 3021 770 3043; x_wconf 88' lang='lat'>1202.</span> <span class='ocrx_word' id='word_1_477' title='bbox 787 3020 888 3042; x_wconf 82' lang='lat'>22011.</span> <span class='ocrx_word' id='word_1_478' title='bbox 954 3020 1028 3049; x_wconf 87' lang='lat'>124,</span> <span class='ocrx_word' id='word_1_479' title='bbox 1051 3011 1143 3049; x_wconf 85' lang='lat'>1236.</span> <span class='ocrx_word' id='word_1_480' title='bbox 1168 3013 1281 3050; x_wconf 84' lang='lat'>135-6.</span> 
     </span>
     <span class='ocr_line' id='line_1_52' title="bbox 185 3077 944 3106; baseline 0.003 -9"><span class='ocrx_word' id='word_1_481' title='bbox 185 3077 262 3098; x_wconf 52' lang='lat'>⁴⁵24</span> <span class='ocrx_word' id='word_1_482' title='bbox 877 3080 901 3106; x_wconf 91' lang='lat'>0</span> <span class='ocrx_word' id='word_1_483' title='bbox 922 3081 944 3106; x_wconf 93' lang='lat'>0</span> 
     </span>
    </p>
   </div>
   <div class='ocr_carea' id='block_1_10' title="bbox 1725 371 1786 404">
    <p class='ocr_par' dir='ltr' id='par_1_11' title="bbox 1725 371 1786 404">
     <span class='ocr_line' id='line_1_53' title="bbox 1725 371 1786 404; baseline 0.016 -12"><span class='ocrx_word' id='word_1_484' title='bbox 1725 371 1786 404; x_wconf 76' lang='lat'>225</span> 
     </span>
    </p>
   </div>
   <div class='ocr_carea' id='block_1_11' title="bbox 1725 639 1788 670">
    <p class='ocr_par' dir='ltr' id='par_1_12' title="bbox 1725 639 1788 670">
     <span class='ocr_line' id='line_1_54' title="bbox 1725 639 1788 670; baseline 0 -9"><span class='ocrx_word' id='word_1_485' title='bbox 1725 639 1788 670; x_wconf 81' lang='lat'>230</span> 
     </span>
    </p>
   </div>
   <div class='ocr_carea' id='block_1_12' title="bbox 1727 911 1787 944">
    <p class='ocr_par' dir='ltr' id='par_1_13' title="bbox 1727 911 1787 944">
     <span class='ocr_line' id='line_1_55' title="bbox 1727 911 1787 944; baseline 0.033 -2"><span class='ocrx_word' id='word_1_486' title='bbox 1727 911 1787 944; x_wconf 83' lang='lat'>235</span> 
     </span>
    </p>
   </div>
   <div class='ocr_carea' id='block_1_13' title="bbox 1729 1184 1792 1216">
    <p class='ocr_par' dir='ltr' id='par_1_14' title="bbox 1729 1184 1792 1216">
     <span class='ocr_line' id='line_1_56' title="bbox 1729 1184 1792 1216; baseline 0 -11"><span class='ocrx_word' id='word_1_487' title='bbox 1729 1184 1792 1216; x_wconf 78' lang='lat'>240</span> 
     </span>
    </p>
   </div>
   <div class='ocr_carea' id='block_1_14' title="bbox 1732 1455 1792 1486">
    <p class='ocr_par' dir='ltr' id='par_1_15' title="bbox 1732 1455 1792 1486">
     <span class='ocr_line' id='line_1_57' title="bbox 1732 1455 1792 1486; baseline 0 0"><span class='ocrx_word' id='word_1_488' title='bbox 1732 1455 1792 1486; x_wconf 81' lang='lat'>245</span> 
     </span>
    </p>
   </div>
   <div class='ocr_carea' id='block_1_15' title="bbox 1735 1997 1796 2030">
    <p class='ocr_par' dir='ltr' id='par_1_16' title="bbox 1735 1997 1796 2030">
     <span class='ocr_line' id='line_1_58' title="bbox 1735 1997 1796 2030; baseline -0.016 0"><span class='ocrx_word' id='word_1_489' title='bbox 1735 1997 1796 2030; x_wconf 89' lang='lat'>255</span> 
     </span>
    </p>
   </div>
   <div class='ocr_carea' id='block_1_16' title="bbox 1736 2259 1798 2293">
    <p class='ocr_par' dir='ltr' id='par_1_17' title="bbox 1736 2259 1798 2293">
     <span class='ocr_line' id='line_1_59' title="bbox 1736 2259 1798 2293; baseline 0 -1"><span class='ocrx_word' id='word_1_490' title='bbox 1736 2259 1798 2293; x_wconf 86' lang='lat'>260</span> 
     </span>
    </p>
   </div>
  </div>
 </body>
</html>
