1990 3353
348 144 400 182 50
816 145 1067 185 LETTERS
1106 145 1176 184 OF
1214 146 1479 186 ERASMUS
1817 145 1945 200 [1519

348 254 610 294 Eucharistia
630 255 685 294 sit
704 258 1011 294 sacramentum
1025 258 1045 295 ‘?
1100 270 1152 295 an
1174 257 1390 295 fornicatio
1410 257 1587 306 simplex
1617 257 1672 296 sit
1700 258 1947 306 peccatum?

265 318 327 351 270
350 309 514 347 Leuiter
534 311 673 347 autem
703 323 770 348 me
796 312 936 348 mouet
957 311 1064 360 quod
1092 311 1214 349 initio
1239 311 1532 360 disputationis
1558 311 1693 350 obiter
1718 325 1784 350 me
1814 313 1944 358 taxas,

346 363 454 410 quod
476 376 497 401 e
518 364 649 413 capite
669 364 869 402 Matthaei
888 365 1160 403 decimonono
1181 364 1418 413 scripserim
1446 365 1581 414 legem
1601 366 1815 404 inductam
1835 366 1944 415 apud

345 417 603 456 Christianos
642 431 693 455 ne
727 418 981 456 dirimantur
1015 418 1305 457 matrimonia:
1354 419 1418 457 bis
1450 419 1646 458 videlicet
1683 423 1755 458 tuo
1792 419 1944 459 iudicio

344 483 526 520 peccans,
562 474 602 509 et
633 472 738 521 quod
774 473 972 511 senserim
1008 473 1097 522 lege
1129 473 1315 511 humana
1347 473 1564 511 inductum
1603 488 1656 512 ne
1694 475 1944 512 dirimantur

331 523 624 574 ’111011111110111117
650 528 691 563 et
719 526 828 576 quod
858 527 1041 576 putarim
1070 541 1120 565 ex
1149 541 1195 565 eo
1225 527 1314 565 loco
1343 530 1570 577 sumptum,
1597 542 1693 566 cum
1722 542 1771 566 ex
1796 528 1943 578 quinto

263 592 324 624 275
345 580 531 618 eiusdem
563 580 851 629 Euangelistae
881 582 1015 630 capite
1043 581 1184 631 potius
1212 583 1429 631 sumptum
1463 586 1665 630 appareat.
1723 584 1863 631 Atque
1895 584 1944 621 vt

344 636 601 683 praepostere
632 635 910 684 respondeam,
934 635 968 672 si
988 635 1204 685 vtriusque
1229 635 1304 673 loci
1335 636 1479 673 eadem
1509 639 1571 674 est
1598 637 1820 683 sententia,
1842 637 1941 686 quid

345 688 467 726 refert
486 702 535 726 ex
555 690 650 727 vtro
670 691 887 738 sumptum
908 689 1098 728 dicat-ur?
1127 690 1212 728 imo
1233 689 1487 738 probabilius
1506 691 1584 727 erit
1603 704 1654 729 ex
1669 691 1942 729 decimonono

343 744 572 792 sumptum,
608 743 679 781 vbi
712 743 964 782 nominatim
1002 746 1203 783 tractatur
1240 744 1456 793 negocium
1489 744 1670 791 diuortii,
1704 758 1943 795 quanquam

342 809 415 845 ego
454 810 537 834 non
569 796 654 835 dixi
686 797 824 836 locum
858 811 952 836 eum
986 799 1058 847 qui
1092 800 1153 836 est
1186 798 1229 836 in
1263 798 1410 844 codice,
1443 799 1512 836 sed
1548 800 1684 837 totum
1716 799 1794 838 hoc
1826 812 1942 848 argu-

261 857 322 887 280
343 853 545 894 mentum,
569 851 804 901 vbicunque
832 854 1042 901 tractetur,
1073 853 1210 890 locum
1240 853 1410 890 vocaui:
1443 852 1599 901 alioqui
1625 866 1699 891 1100
1725 866 1774 890 ex
1795 853 1940 903 quinto

342 917 416 942 nec
437 918 484 943 ex
505 905 777 944 decimonono
798 906 931 956 capite
951 909 1166 956 sumptum
1183 906 1402 947 videbitur,
1419 907 1488 944 sed
1512 908 1648 955 potius
1668 921 1718 945 ex
1739 908 1940 946 Paulinae

341 959 538 1008 epistolae
558 960 605 998 ad
630 960 868 998 Corinthios
886 961 1038 1010 prioris
1058 961 1190 1010 capite
1216 962 1405 1010 septimo.
1466 961 1575 999 Nam
1602 961 1688 999 illic
1718 962 1940 1000 mulierem

342 1026 445 1061 quae
484 1014 666 1063 digressa
702 1028 726 1053 a
762 1015 999 1055 vironolit
1036 1015 1304 1061 reconciliari,
1344 1014 1458 1053 iubet
1497 1028 1665 1053 manere
1704 1015 1936 1065 innuptam.

341 1067 503 1106 Rursus
526 1068 594 1106 hic
613 1067 685 1106 vbi
711 1069 917 1118 excipitur
944 1069 1170 1116 fornicatio,
1194 1083 1279 1108 non
1299 1068 1465 1108 videtur
1484 1069 1528 1106 in
1556 1071 1691 1107 totum
1720 1070 1849 1108 adimi
1873 1071 1939 1109 ius

260 1129 318 1169 285
340 1121 520 1170 diuortii,
563 1123 633 1160 sed
671 1123 848 1173 astringi
886 1123 1028 1174 magis,
1071 1125 1179 1174 quod
1217 1125 1326 1173 apud
1365 1123 1539 1161 Iudaeos
1577 1137 1708 1173 aequo
1745 1124 1938 1163 licentius

338 1178 434 1215 erat.

393 1230 553 1268 Deinde
587 1231 728 1280 negari
759 1245 843 1270 non
877 1234 1013 1281 potest
1046 1234 1184 1270 extare
1216 1231 1473 1270 Pontificum
1507 1232 1630 1281 leges,
1663 1246 1766 1282 quae
1796 1235 1940 1272 vetent

339 1284 519 1322 diuortio
540 1285 727 1323 (1111111505
746 1286 841 1324 aliis
868 1287 986 1336 iungi
1015 1286 1296 1334 matrimonio,
1320 1287 1355 1324 si
1386 1287 1509 1324 modo
1541 1287 1774 1325 constiterit
1792 1300 1938 1326 verum

338 1338 654 1378 matrimonium
675 1340 966 1379 intercessisse.
1030 1341 1111 1379 Eas
1131 1341 1167 1378 si
1185 1341 1418 1379 hauserunt
1437 1354 1487 1378 ex
1508 1340 1772 1390 Euangelicis
1791 1341 1936 1389 literis,

258 1404 319 1435 290
338 1405 423 1430 non
443 1393 564 1431 video
584 1407 656 1432 cur
682 1395 761 1432 sim
782 1395 1144 1444 reprehendendus
1171 1395 1206 1432 si
1226 1394 1373 1444 scripsi
1393 1395 1527 1444 legem
1549 1397 1686 1433 extare
1702 1408 1804 1445 quae
1822 1397 1939 1434 vetat

338 1447 479 1485 dirimi
510 1448 792 1487 matrimonia.
864 1450 1006 1499 Atque
1036 1449 1102 1487 his
1140 1450 1268 1487 etiam
1301 1449 1437 1487 leuius
1472 1451 1546 1495 est,
1583 1450 1690 1499 quod
1730 1449 1938 1488 cauillaris

338 1501 444 1539 mihi
464 1515 611 1551 parum
634 1503 797 1552 proprie
817 1503 979 1541 dictum
999 1503 1142 1542 Mosen
1165 1503 1332 1542 Iudaeis
1359 1503 1606 1541 concessisse
1627 1503 1869 1549 diuortium,
1891 1504 1937 1542 in

338 1558 423 1593 tam
445 1557 585 1605 paucis
607 1557 743 1595 verbis
772 1557 989 1607 geminum
1017 1571 1199 1596 errorem
1228 1557 1430 1595 indicans.
1493 1557 1715 1595 ‘Permisit
1732 1558 1751 1605 ’,
1784 1558 1936 1608 inquis,

342 1612 449 1647 ‘non
469 1612 718 1659 concessit';
749 1612 865 1661 quasi
885 1612 1105 1661 quicquam
1127 1612 1291 1650 intersit
1317 1612 1426 1649 inter
1452 1613 1693 1661 permittere
1723 1614 1765 1650 et
1793 1625 1935 1651 conce-

257 1672 316 1704 295
338 1664 444 1711 dere,
477 1664 558 1703 nisi
589 1665 697 1715 quod
733 1666 938 1715 permittit
970 1667 1040 1715 qui
1073 1679 1320 1716 quocunque
1354 1666 1476 1703 modo
1510 1666 1575 1711 ius
1603 1666 1712 1713 facit,
1747 1666 1936 1705 concedit
1988 1667 1990 1696 ἓ

338 1718 410 1767 qui
440 1718 489 1756 de
517 1719 608 1757 iure
638 1733 712 1758 suo
742 1721 921 1758 remittit
950 1721 1127 1770 aliquid:
1160 1721 1269 1758 vnde
1299 1720 1347 1758 fit
1366 1723 1412 1758 vt
1442 1721 1647 1769 posterius
1677 1720 1850 1759 verbum
1879 1721 1935 1759 sit

337 1773 387 1810 ad
408 1772 520 1811 1111110
540 1786 709 1812 5011511111
735 1775 1096 1813 accommodatius.
1155 1775 1314 1813 Deinde
1337 1774 1582 1812 ‘Permisit'
1601 1774 1741 1823 inquis
1763 1776 1771 1792 ⁴
1788 1775 1931 1822 Moses,

337 1827 405 1864 sed
445 1830 588 1865 autore
627 1828 856 1873 Domino';
905 1829 1022 1878 quasi
1061 1829 1169 1878 quod
1214 1829 1347 1867 Moses
1393 1828 1506 1867 iussu
1547 1829 1624 1867 Dei
1671 1829 1935 1878 praescripsit

337 1880 501 1930 populo,
539 1895 623 1920 non
661 1885 769 1921 recte
809 1883 968 1921 dicatur
1004 1883 1184 1931 iussisse,
1222 1885 1294 1921 aut
1328 1883 1436 1932 quod
1474 1896 1524 1921 ex
1557 1883 1744 1921 doctrina
1778 1882 1934 1922 Christi

252 1944 317 1974 300
338 1934 478 1974 docuit
500 1937 743 1982 Matthaeus,
767 1938 992 1987 improprie
1012 1939 1173 1976 dicatur
1192 1937 1388 1975 docuisse.

391 1989 436 2027 Si
463 1990 609 2028 stilum
635 2004 824 2029 exercere
854 1992 979 2041 cupis,
1003 1992 1111 2042 quod
1142 1992 1249 2030 mihi
1278 2005 1375 2030 sane
1406 2004 1490 2029 non
1520 1991 1642 2040 paulo
1671 1991 1824 2029 rectius
1844 2004 1932 2029 esse

336 2043 501 2082 videtur
529 2058 653 2095 quam
682 2046 789 2095 quod
820 2046 990 2095 quidam
1019 2046 1186 2091 faciunt,
1217 2046 1353 2084 alieno
1383 2045 1538 2083 calamo
1567 2045 1753 2094 scribere,
1785 2045 1932 2084 malim

336 2100 376 2136 te
396 2099 440 2137 in
461 2099 528 2136 his
553 2100 811 2148 argumentis
831 2100 985 2138 versari
1006 2114 1109 2150 quae
1136 2100 1277 2138 minus
1305 2100 1485 2138 habeant
1511 2100 1606 2147 odii,
1631 2099 1727 2149 plus
1756 2100 1927 2138 fructus.

335 2153 424 2191 Aut
451 2153 486 2191 si
510 2166 575 2191 res
601 2155 731 2202 poscit
758 2154 997 2193 huiusmodi
1031 2157 1207 2193 tractare
1227 2154 1496 2203 quaestiones,
1527 2154 1585 2192 ita
1615 2154 1744 2192 totius
1775 2153 1931 2203 negocii

250 2221 313 2251 305
336 2207 519 2254 phrasim
549 2208 823 2258 habitumque
855 2209 1091 2256 modereris,
1126 2211 1172 2247 vt
1200 2222 1286 2247 non
1319 2208 1455 2246 solum
1484 2208 1737 2257 applaudant
1771 2208 1930 2257 aliquot

337 2262 494 2300 ordinis
514 2263 575 2300 tui
595 2262 766 2309 sodales,
789 2263 858 2301 sed
881 2263 1188 2301 eruditissimus
1208 2263 1380 2312 quisque
1401 2264 1442 2300 et
1461 2262 1770 2300 cordatissimus
1790 2262 1928 2310 lector,

335 2318 457 2365 atque
480 2316 568 2365 ipsa
593 2316 718 2354 etiam
746 2317 973 2365 posteritas,
1007 2318 1200 2366 agnoscat
1227 2319 1370 2366 pectus
1396 2329 1492 2354 vero
1521 2316 1713 2364 theologo
1743 2315 1929 2365 dignum.

336 2370 380 2407 Si
402 2384 520 2408 causa
539 2371 802 2409 seueritatem
824 2371 1060 2420 postulabit,
1077 2371 1186 2409 absit
1201 2373 1340 2408 tamen
1358 2371 1509 2420 vbique
1528 2370 1725 2418 saeuitia;
1750 2370 1929 2408 maxime

335 2437 433 2462 vero
460 2425 679 2463 vitandum
710 2425 858 2463 necubi
887 2425 1075 2463 suboleat
1103 2425 1347 2464 ambitionis
1379 2427 1452 2462 aut
1479 2424 1676 2462 auaritiae
1705 2437 1926 2471 venenum,

250 2493 314 2522 310
334 2479 467 2516 multo
488 2479 621 2527 magis
641 2479 883 2527 hypocrisis.
943 2479 1082 2517 Habet
1096 2492 1193 2517 vera
1211 2479 1340 2528 pietas
1360 2478 1579 2528 aliquoties
1596 2478 1928 2527 indignationem

335 2546 464 2580 suam,
480 2533 551 2570 sed
573 2532 785 2571 charitatis
802 2533 969 2571 dulcore
985 2536 1269 2582 temperatam.
1308 2533 1402 2570 Non
1423 2534 1483 2570 est
1504 2532 1744 2570 consultum
1764 2532 1928 2570 irritare

334 2586 482 2634 (7111111115
504 2587 634 2635 possis
654 2587 822 2634 mederi,
843 2601 917 2625 nec
936 2587 1143 2625 alienandi
1162 2589 1261 2625 sunt
1276 2600 1376 2636 quos
1392 2587 1523 2636 possis
1539 2586 1708 2624 lenitate
1724 2599 1924 2626 reuocare.

336 2641 497 2678 Nomen
526 2640 736 2679 haereseos
767 2655 847 2691 quo
876 2642 1009 2691 magis
1037 2644 1098 2679 est
1127 2642 1326 2688 inuisum,
1355 2655 1402 2679 eo
1433 2640 1563 2689 magis
1592 2640 1642 2678 ab
1671 2641 1745 2678 hoc
1774 2643 1926 2690 tempe-

333 2695 510 2732 randum
531 2695 665 2744 quoad
692 2695 797 2733 licet.
861 2695 981 2733 Nunc
1010 2695 1117 2733 nihil
1143 2695 1275 2744 magis
1303 2697 1365 2732 est
1390 2694 1434 2732 in
1462 2708 1529 2732 ore
1549 2694 1806 2743 quibusdam.
1866 2696 1927 2733 At

249 2765 311 2795 315
333 2750 439 2786 recte
469 2749 635 2798 quidem
664 2749 886 2799 distinguit
914 2752 985 2788 tua
1015 2750 1234 2799 prudentia
1266 2749 1516 2787 haereticum
1547 2749 1597 2786 ab
1626 2748 1798 2798 haeresi,
1835 2750 1925 2786 tum
1974 2750 1975 2775 Τ

375 2894 448 2922 270.
478 2884 585 2914 initio
645 2883 915 2923 disputationis]
995 2885 1094 2913 [πεῖν.
1163 2883 1250 2913 with
1272 2883 1332 2912 the
1350 2882 1407 2912 aid
1435 2881 1473 2911 of
1498 2882 1667 2918 Gratius:
1692 2890 1747 2911 see
1764 2880 1827 2920 Ep.
1847 2881 1921 2918 526.
1972 2888 1973 2891 ’

334 2931 450 2965 Gabale,
471 2929 510 2958 1⁰.
530 2928 576 2957 dd
594 2930 655 2966 v⁰;
681 2928 723 2958 cf.
744 2927 765 2956 l.
795 2929 891 2965 15611.
1161 2926 1220 2956 811.
1270 2926 1304 2956 It
1329 2935 1477 2964 appears
1501 2926 1591 2955 from
1609 2924 1632 2955 1.
1652 2925 1693 2962 76
1717 2925 1827 2954 above
1845 2924 1924 2954 that

377 2982 450 3011 293.
476 2971 613 3011 inquis]
640 2971 725 3001 ibid.
745 2972 784 3001 ῘὮ.
805 2971 869 3000 (1113
885 2973 933 3000 v0.
957 2979 1070 3008 14—15.
1162 2969 1330 2999 Erasmus
1347 2968 1532 3008 suspected
1552 2968 1747 2999 Hoclistrat
1765 2967 1803 2998 of
1816 2967 1924 3006 doing

375 3025 449 3054 302.
478 3015 594 3045 alieno
619 3014 768 3054 calamo]
800 3014 849 3044 As
875 3013 1092 3044 I'fcfl'erlmrn
1162 3013 1222 3042 1110
1239 3022 1346 3043 same.
