1990 3353
345 137 426 175 222
814 137 1065 177 LETTERS
1104 138 1173 177 OF
1210 138 1478 178 ERASMUS
1821 138 1946 192 [1520

264 260 324 293 195
344 247 614 294 occasionem,
643 248 866 298 impegisse
894 247 1007 295 falsa,
1038 248 1158 286 litem
1186 246 1274 287 esse
1303 248 1540 296 iudicatam,
1572 247 1658 287 imo
1687 251 1943 299 peremptam

343 304 465 352 atque
484 303 681 341 abolitam
700 302 936 341 foederibus
953 302 1140 351 publicis

397 357 474 395 Sed
513 359 553 395 et
591 357 668 395 hoc
704 359 915 407 praetereo
951 356 1260 406 turpissimum,
1298 357 1424 406 quod,
1463 370 1594 406 quum
1632 356 1797 406 publice
1833 357 1945 407 prior

342 410 516 459 laeserit,
542 410 740 460 priuatim
766 424 853 449 sese
878 411 937 449 sic
960 411 1164 448 offensum
1189 410 1386 460 queritur.
1446 410 1672 458 Quomodo,
1699 424 1784 450 non
1810 413 1943 460 potest

342 465 506 504 docere:
536 465 606 503 sed
628 465 737 504 diras
756 466 797 503 et
815 465 1095 503 execrationes
1109 464 1154 502 in
1169 478 1212 503 se
1227 464 1410 514 ingestas
1430 479 1454 503 a
1472 478 1540 502 me
1559 464 1648 515 ipse
1667 478 1691 503 a
1708 478 1751 503 se
1771 465 1943 504 finxisse

261 531 323 552 200
342 518 618 558 conuincitur.
678 519 955 567 Quamobrem
979 532 1075 557 cum
1101 518 1213 568 prior
1241 519 1451 568 scripserit
1478 518 1523 556 in
1554 531 1640 567 nOS,
1667 533 1794 568 eaque
1817 520 1942 558 etiam

342 573 453 619 salsa,
477 586 571 612 cum
591 586 665 622 ego
685 575 851 612 tantum
870 573 1167 622 epigrammata
1187 575 1340 621 contra,
1364 573 1407 610 in
1429 573 1582 622 quibus
1601 586 1649 611 ea
1671 573 1939 623 scripsissem,

342 640 446 676 quae
461 627 497 665 si
511 630 633 677 neget
648 640 736 666 esse
747 641 854 675 vera,
870 627 980 665 nihil
993 629 1233 676 assequetur
1246 627 1359 666 aliud
1376 641 1502 676 quam
1519 629 1564 665 vt
1585 640 1681 665 eum
1701 627 1941 678 intelligant

341 694 486 719 omnes
517 681 582 719 bis
614 681 744 720 fuisse
777 682 1031 728 mentitum;
1075 694 1157 719 non
1189 681 1328 720 solum
1360 681 1495 730 potuit
1528 681 1700 720 honeste
1733 681 1938 728 desistere,

340 748 489 775 verum
527 735 702 774 debebat
738 735 876 774 etiam.
936 737 1077 785 Atque
1115 736 1215 774 adeo
1251 735 1423 780 fecisset,
1464 735 1558 783 scio,
1599 735 1682 774 nisi
1720 736 1941 774 maluisset

261 801 321 833 205
341 789 538 828 omnibus
566 790 772 829 declarare
798 803 922 839 quam
951 789 1174 839 insigniter
1201 792 1309 828 esset
1336 789 1582 839 impudens:
1621 790 1691 840 qui
1721 803 1825 840 quae
1853 804 1941 840 pec-

342 846 471 882 casset
493 846 604 889 ante,
626 857 756 894 quum
783 844 927 882 donari
953 844 1019 882 vel
1046 844 1238 882 iuuentae
1267 843 1355 882 eius
1381 843 1625 893 potuissent,
1649 844 1713 883 vel
1743 845 1942 894 imputari

342 897 609 947 temporibus,
632 911 745 937 nunc
764 900 825 937 tot
844 898 965 936 annis
986 898 1145 948 elapsis,
1169 897 1213 935 in
1233 899 1350 936 tanta
1372 911 1481 947 pace,
1504 898 1549 936 in
1570 900 1685 936 tanta
1711 898 1939 939 concordia.

340 954 462 1002 atque
500 953 542 990 in
581 953 670 1001 ipso
706 953 836 991 ferme
875 952 1052 990 duorum
1091 952 1335 1001 Principum
1373 952 1552 1002 hospitio
1591 953 1706 1002 (nam
1744 951 1787 990 id
1829 966 1941 991 nunc

340 1006 557 1055 adornant)
585 1007 800 1057 deintegro
830 1008 1000 1045 renouet
1029 1007 1184 1054 onmia,
1213 1008 1254 1044 et
1283 1006 1583 1055 epigrammata
1611 1019 1739 1056 pauca
1767 1020 1869 1056 quae
1896 1007 1941 1045 in

261 1073 322 1095 210
339 1060 456 1099 illius
487 1061 643 1099 librum
678 1061 867 1109 lusimus,
899 1060 1230 1100 virulentissimo
1263 1060 1405 1098 libello
1439 1060 1622 1099 retaliat:
1662 1061 1707 1098 in
1737 1074 1816 1110 quo
1845 1074 1940 1099 cum

340 1114 447 1153 nihil
467 1115 678 1153 inueniret
697 1116 803 1165 quod
826 1115 1071 1165 respondere
1091 1117 1228 1164 posset
1248 1128 1322 1164 pro
1342 1128 1397 1163 se,
1414 1117 1527 1153 totus
1547 1115 1592 1152 in
1613 1128 1680 1152 me
1701 1128 1936 1162 conuersus,

341 1168 448 1206 nihil
483 1170 663 1208 effundit
690 1169 804 1208 aliud
835 1171 995 1219 praeter
1024 1182 1158 1207 meras
1187 1169 1413 1207 calumnias
1442 1171 1483 1207 et
1512 1168 1607 1218 plus
1635 1182 1758 1219 quam
1787 1169 1941 1208 furiosa

338 1222 531 1261 conuitia.

379 1277 582 1325 Primum,
605 1277 801 1327 quicquid
820 1291 994 1327 vsquam
1013 1277 1098 1316 fere
1117 1278 1183 1316 vel
1203 1278 1408 1315 cessatum
1428 1279 1489 1315 est
1509 1277 1559 1316 ab
1580 1277 1714 1326 operis
1733 1277 1937 1324 Frobenii,

258 1343 318 1374 215
338 1332 406 1370 vel
425 1331 478 1370 ab
498 1332 586 1381 ipso
606 1332 793 1382 quisquis
812 1332 1027 1381 exscripsit
1046 1331 1267 1381 exemplar,
1285 1331 1327 1369 id
1344 1345 1467 1370 omne
1488 1331 1627 1370 obiicit
1647 1331 1779 1379 mihi3
1809 1344 1939 1381 quum

338 1385 476 1424 videat
501 1386 667 1424 nullum
686 1400 872 1436 vnquam
898 1386 1053 1425 librum
1080 1388 1167 1425 tam
1194 1384 1393 1424 foeliciter
1420 1398 1617 1424 excusum
1645 1399 1732 1424 esse
1757 1387 1804 1423 vt
1831 1385 1938 1424 nihil

339 1440 440 1478 insit
460 1440 599 1489 errati,
620 1443 663 1479 et
683 1441 770 1479 illic
796 1440 962 1479 nullum
985 1440 1097 1490 legat
1124 1442 1354 1479 erratorum
1384 1440 1577 1478 indicem.
1637 1440 1691 1478 Et
1719 1442 1861 1478 tamen
1890 1441 1935 1478 in

339 1494 425 1532 illis
459 1494 562 1543 ipsis
593 1495 824 1544 plerunque
854 1495 1043 1533 foelicius
1072 1496 1265 1533 errarunt
1298 1494 1362 1532 illi
1396 1507 1520 1544 quam
1552 1495 1727 1544 castigat
1756 1493 1937 1532 Brixius.

340 1549 469 1596 Quam
493 1548 684 1587 seditiose
707 1549 984 1587 calumniatur
1006 1562 1073 1587 me
1098 1549 1273 1587 lacerare
1300 1551 1516 1598 parentem
1546 1548 1779 1597 Principis!
1809 1561 1938 1598 quum

259 1613 321 1635 220
339 1602 425 1652 ipse
458 1605 625 1641 tantum
659 1616 979 1641 commemorem
1009 1616 1113 1652 quae
1142 1603 1251 1641 mala
1280 1602 1492 1652 Princeps,
1525 1602 1626 1640 dum
1659 1602 1939 1652 auspicaretur

338 1657 573 1706 imperium,
596 1657 954 1708 incomparabili,3
933 1657 1062 1696 olm-ia
1081 1657 1315 1705 conexerit,
1339 1656 1490 1706 quibus
1508 1656 1666 1706 aliquot
1686 1658 1781 1694 ante
1808 1669 1940 1695 annos

339 1711 615 1749 afflictabatur
653 1711 911 1761 respublica;
931 1688 1250 1750 ”nonnullorum
1280 1711 1450 1760 perfidia
1483 1710 1631 1773 quibus
1661 1710 1786 1749 huius
1815 1711 1938 1760 Regis

338 1778 483 1814 parens
522 1765 702 1804 nimium
741 1766 991 1814 credidisset,
1030 1766 1167 1815 impar
1202 1765 1440 1815 aliquandiu
1480 1766 1566 1814 ipse
1603 1764 1725 1803 rebus
1764 1765 1938 1803 admini-

338 1819 519 1858 strandis
551 1833 623 1869 per
655 1820 874 1858 aduersam
902 1820 1198 1867 valetudinem,
1231 1820 1384 1868 alioqui
1413 1819 1477 1857 vir
1510 1820 1700 1858 omnium
1735 1820 1936 1868 regnandi

258 1885 319 1916 225
338 1873 699 1923 prudentissimus.
758 1873 813 1912 Et
845 1876 988 1912 tamen
1020 1874 1199 1922 Brixius,
1238 1887 1368 1923 quum
1402 1887 1450 1911 ea
1482 1874 1592 1912 mala
1625 1887 1726 1922 quae
1761 1873 1935 1911 aliorum

338 1928 546 1977 contigere
585 1928 759 1975 malicia,
802 1928 887 1977 ipse
923 1929 1112 1976 improbe
1150 1929 1283 1966 vertat
1320 1928 1364 1966 in
1403 1928 1568 1977 Regem,
1610 1928 1766 1965 mirum
1811 1940 1935 1977 quam

338 1981 568 2020 virulenter
596 1982 655 2020 ibi
684 1982 956 2020 debacchatur
984 1983 1028 2020 in
1058 1996 1149 2020 me:
1180 1986 1227 2020 vt
1252 1995 1421 2032 pugnos,
1445 1984 1491 2020 vt
1517 1982 1720 2030 colaphos,
1741 1983 1787 2019 vt
1816 1981 1938 2019 exilia

339 2036 546 2085 congerit!
602 2036 659 2074 Et
695 2038 893 2086 tanquam
930 2036 1043 2075 velut
1082 2050 1239 2075 carcere
1276 2036 1547 2085 stringeretur
1584 2037 1727 2081 metro,
1764 2048 1816 2074 119
1849 2038 1935 2074 tam

337 2090 466 2128 libere
504 2104 627 2141 quam
664 2090 820 2129 libebat
856 2091 996 2129 liceret
1027 2104 1253 2138 excurrere,
1290 2090 1451 2128 addidit
1480 2090 1665 2139 vipereas
1700 2090 1856 2139 glossas
1893 2091 1934 2127 in

258 2157 320 2187 230
339 2145 537 2194 margine,
561 2145 711 2194 quibus
730 2145 776 2182 in
800 2158 848 2183 ea
871 2145 958 2183 loca
984 2145 1203 2183 duceretur
1233 2145 1370 2192 lector,
1396 2145 1431 2182 si
1455 2145 1547 2193 quis
1574 2144 1760 2182 fortassis
1789 2157 1932 2194 parum

337 2201 445 2237 esset
463 2201 650 2237 attentus
669 2199 719 2237 ad
740 2199 932 2237 carmina.

389 2254 529 2302 Atque
549 2253 626 2291 hoc
646 2255 764 2302 pacto
784 2266 880 2292 cum
900 2253 1156 2292 demonstret
1174 2252 1394 2302 insigniter
1413 2252 1523 2290 nihil
1543 2252 1621 2290 sibi
1636 2253 1685 2290 ad
1702 2252 1934 2290 nocendum

338 2307 516 2344 defuisse
537 2310 697 2356 praeter
715 2308 825 2347 vires
844 2321 961 2357 pares
976 2307 1236 2353 virulentiae,
1254 2309 1395 2344 tamen
1410 2307 1534 2344 homo
1555 2306 1717 2355 lepidus
1736 2305 1936 2355 gloriatur

339 2373 381 2398 se
415 2361 565 2399 dixisse
598 2362 736 2410 facete,
770 2362 871 2400 dum
903 2362 1034 2400 risum
1067 2361 1176 2399 ridet
1203 2360 1354 2399 Aiacis.
1417 2360 1524 2398 Nam
1554 2362 1598 2398 vt
1627 2360 1664 2398 is
1691 2359 1936 2398 abiudicatis

258 2426 318 2459 235
338 2415 464 2453 armis
493 2415 717 2463 insaniens,
754 2429 848 2453 cum
881 2429 1079 2465 appensas
1112 2415 1345 2454 verberaret
1378 2415 1564 2464 pecudes,
1597 2415 1726 2452 effuse
1755 2414 1848 2452 risit-
1877 2414 1935 2452 in—

338 2469 472 2514 terim,
494 2471 537 2507 et
555 2482 697 2508 earum
717 2470 876 2520 gemitu
895 2471 999 2508 mire
1019 2469 1169 2518 plausit
1188 2469 1277 2516 sibi,
1300 2471 1346 2506 vt
1365 2469 1429 2506 cui
1451 2469 1565 2506 furor
1591 2470 1844 2517 persuaserat
1868 2481 1936 2506 eas

337 2525 698 2572 Agamemnonem
736 2536 822 2561 esse
855 2527 978 2573 atque
1006 2524 1213 2573 Vlyssem,
1246 2523 1290 2560 in
1324 2536 1427 2572 quos
1460 2522 1648 2572 cupiebat
1676 2522 1842 2561 vlcisci:
1879 2521 1936 2560 sic

339 2576 507 2615 Brixius
527 2577 763 2626 improbum
782 2577 1197 2627 interpretamentum
1216 2590 1339 2615 suum
1355 2577 1573 2625 insectans,
1588 2579 1630 2614 et
1645 2577 1693 2614 ad
1711 2576 1935 2625 perniciem

338 2643 467 2679 vsque
496 2631 718 2680 exagitans,
748 2632 931 2670 suauiter
956 2632 1108 2670 arridet
1136 2631 1225 2679 sibi,
1249 2632 1349 2669 dum
1377 2644 1470 2680 prae
1501 2630 1655 2669 mentis
1682 2631 1823 2680 inopia
1851 2643 1935 2669 11011

383 2762 455 2791 208.
482 2761 654 2801 hospitio]
681 2762 743 2791 See
761 2761 821 2800 Ep.
846 2762 938 2793 1106.
957 2771 1035 2800 931¹·
1171 2759 1327 2798 actually
1344 2759 1530 2798 presented
1548 2761 1583 2789 to
1601 2759 1738 2799 Henry,
1758 2760 1788 2789 is
1807 2768 1935 2798 among

382 2814 454 2834 220.
483 2803 776 2843 commemorem]
805 2804 851 2835 In
876 2815 896 2835 a
919 2806 1103 2844 congratu-
1173 2803 1234 2834 the
1248 2803 1378 2834 Cotton
1391 2803 1486 2833 MSS.
1499 2804 1535 2833 at
1547 2803 1608 2833 the
1619 2802 1758 2833 British
1771 2803 1933 2834 Museunl

339 2848 452 2886 latory
470 2848 535 2878 ode
559 2847 751 2878 addressod
772 2849 807 2878 to
832 2848 959 2887 Henry
974 2857 1041 2879 vnI
1058 2858 1103 2878 on
1171 2847 1255 2886 (Tit.
1284 2846 1325 2876 D.
1351 2848 1416 2886 1v).
1464 2847 1532 2876 For
1555 2846 1712 2876 Brixius’
1739 2847 1934 2877 treatment

339 2891 397 2921 his
427 2891 646 2930 coronation,
679 2901 720 2930 24
746 2892 839 2921 June
872 2901 955 2930 1509
982 2894 1102 2930 <Epi9n
1172 2890 1210 2921 of
1238 2890 1267 2920 it
1298 2890 1336 2919 in
1365 2891 1425 2920 the
1450 2892 1645 2929 Antimorus,
1675 2889 1715 2920 f0.
1746 2888 1790 2920 Β8
1815 2891 1864 2928 v⁰‚
1889 2888 1931 2920 ef.

339 2944 371 2973 p.
408 2934 494 2974 185).
544 2935 562 2965 I
590 2937 724 2964 cannot
754 2934 830 2965 find
862 2936 941 2965 that
972 2935 1002 2966 it
1034 2944 1103 2965 was
1173 2934 1257 2973 Epp.
1279 2942 1495 2972 1117‚1133:
1520 2933 1577 2963 his
1598 2933 1774 2972 marginal
1797 2934 1882 2963 note
1904 2933 1934 2963 is

339 2978 485 3016 printed
522 2980 559 3008 at
597 2978 659 3008 the
698 2978 808 3009 time:
849 2979 913 3008 but
944 2988 989 3008 an
1020 2978 1101 3008 illu·
1174 2977 1284 3007 ‘Mori
1303 2977 1638 3016 inipudentia‚dum
1655 2976 1771 3007 filium
1788 2975 1933 3007 laudare

338 3020 500 3052 niinated
517 3031 579 3052 ms.
595 3032 691 3061 copy,
704 3022 857 3061 perhaps
875 3022 936 3052 the
952 3022 1102 3061 original
1172 3021 1346 3060 instituit,
1365 3022 1501 3060 patrem
1519 3020 1762 3059 vituperantis
1775 3020 1794 3051 '-
