1990 3353
83 175 99 199 1
108 175 155 199 02
167 159 206 215 1]
566 158 720 197 FROM
757 155 910 196 JOHN
951 154 1212 194 SLECHTA
1626 155 1681 192 85

76 270 281 315 diuorum,
301 269 473 307 inuenta
491 281 578 307 esse
600 268 833 306 ociosorum
854 266 1062 305 affirmant
1078 280 1087 305 :
1107 266 1196 305 dies
1211 267 1352 303 tamen
1367 263 1621 311 Dominicos,
1640 266 1682 302 et

76 325 230 363 festum
251 322 412 362 Natalis
432 322 656 371 Dominici,
679 321 862 360 Paschae
883 323 924 359 et
944 322 1213 360 Pentecostes
1234 318 1454 358 celebrant.

131 379 264 417 Multa
297 379 436 416 essent
468 377 546 415 alia
577 376 747 415 illorum
780 377 1072 426 portentorum
1101 373 1326 424 pernitiosa
1355 373 1547 423 dogmata
1576 385 1682 410 com-

78 431 358 479 memoranda,
383 432 419 470 si
438 445 522 469 non
545 430 751 469 rationem
771 430 992 468 meliorum
1012 430 1054 467 et
1073 429 1313 479 grauiorum
1338 426 1574 466 studiorum
1596 427 1683 464 tuo·
1703 437 1765 468 230

78 501 172 525 rum
206 486 412 525 haberem.
474 485 519 523 Si
548 488 689 523 tamen
720 485 953 533 superiores
980 484 1083 522 duae
1112 483 1311 521 factiones
1340 481 1390 520 ad
1421 481 1681 519 concordiam

79 541 383 587 reducerentur,
415 541 553 590 posset
582 541 622 577 et
646 539 727 577 ista
757 538 956 588 nepharia
979 539 1090 577 secta
1119 536 1330 587 (quamuis
1355 535 1439 574 iam
1472 535 1527 573 sit
1557 534 1682 585 pluri-

78 609 198 634 mum
221 597 352 642 aucta,
376 594 559 632 maxime
585 607 684 632 vero
707 596 878 643 propter
903 593 1036 631 vitam
1061 592 1322 630 sacerdotum
1347 590 1530 628 nimium
1557 589 1682 627 disso-

79 649 225 696 lutam)
245 649 475 699 opitulante
495 649 606 697 Rege
626 647 897 686 exterminari
916 647 983 685 vel
1003 647 1048 684 in
1069 646 1284 685 meliorem
1300 644 1397 683 fidei
1413 646 1454 683 et
1469 643 1684 693 religionis

77 705 254 742 formam
275 703 426 741 reduci.
1704 709 1765 741 235

132 758 212 797 Sed
233 759 283 796 de
303 758 369 796 his
385 758 469 796 iam
485 757 556 795 diu
573 769 776 806 superque
795 756 909 795 satis.
969 755 1086 805 Rogo
1101 754 1206 793 velis
1222 753 1403 804 aequiori
1418 753 1557 791 animo
1577 752 1685 790 ferre

77 813 184 851 hanc
214 825 351 850 meam
380 814 469 850 tam
499 810 818 849 immoderatam
848 810 1153 860 loquacitatem,
1188 822 1269 859 qua
1297 821 1393 857 erga
1421 809 1462 845 te
1491 820 1579 845 non
1605 806 1685 845 alia

79 880 199 906 eausa
218 880 318 905 vsus
338 879 443 914 sum,
467 866 549 904 nisi
568 869 613 904 vt
636 866 866 904 factionum
890 867 1131 903 nostrarum
1155 862 1454 913 multiplicium
1475 875 1617 900 veram
1643 863 1685 899 et

78 924 233 960 certam
254 921 458 959 rationem
479 921 694 970 acciperes.
754 919 916 958 Literae
931 920 1034 957 istae
1050 919 1188 957 citone
1202 920 1244 956 te
1259 917 1505 966 contingent
1516 928 1686 966 prorsus

78 976 226 1024 nescio,
257 989 351 1014 cum
376 975 549 1025 Mysnae
574 974 657 1013 tela
679 974 903 1024 Apollinea
932 973 1087 1022 passim
1110 972 1287 1011 volitare
1312 972 1514 1010 dicantur.
1573 970 1686 1018 Quae
1707 978 1770 1010 240

78 1032 184 1069 :forte
208 1030 386 1069 Iodocus
412 1031 561 1076 noster,
585 1031 717 1067 rector
736 1028 1017 1067 Achademiae
1038 1026 1326 1073 Erfordiensis‚
1349 1026 1505 1064 euitare
1524 1024 1682 1072 volens,

78 1085 128 1124 ad
149 1084 350 1136 quaedam
372 1097 459 1122 sese
479 1084 567 1122 loca
586 1084 809 1122 remotiora
823 1083 1044 1133 receperit:
1075 1095 1174 1120 nain
1190 1084 1231 1120 et
1246 1081 1391 1119 literae
1411 1082 1505 1118 tuae
1527 1091 1628 1129 quas
1648 1079 1686 1116 ei

77 1140 128 1178 ad
147 1152 215 1178 me
231 1138 458 1177 mittendas
474 1138 713 1186 tradideras,
731 1138 782 1176 ad
803 1140 980 1188 quatuor
991 1150 1156 1175 menses
1172 1135 1281 1187 apud
1292 1148 1390 1174 eum
1406 1136 1590 1173 retentae
1602 1133 1687 1171 fue-

78 1195 188 1242 runt,
213 1207 297 1232 non
318 1195 460 1232 tamen
481 1193 562 1231 alia
581 1205 702 1231 causa
731 1205 857 1242 quam
886 1191 995 1242 quod
1027 1191 1190 1230 fidelem
1215 1189 1480 1229 tabellarium
1505 1189 1578 1237 qui
1604 1188 1686 1226 huc

77 1248 273 1288 transiret
288 1261 372 1286 non
388 1247 547 1286 habuit.
586 1246 718 1296 Cupio
731 1249 784 1295 te,
805 1246 937 1285 amice
958 1245 1212 1293 charissime,
1229 1244 1301 1283 diu
1321 1245 1363 1282 et
1382 1243 1538 1293 optime
1552 1243 1687 1281 valere
1708 1253 1770 1285 245

77 1316 239 1353 meque,
254 1304 301 1342 vt
317 1301 499 1351 coepisti,
515 1301 696 1351 diligere,
720 1303 762 1340 et
781 1314 876 1340 cum
898 1300 977 1339 tibi
997 1302 1282 1350 opportunum
1302 1298 1392 1345 erit,
1416 1297 1609 1336 nonnihil
1630 1310 1687 1335 re·

79 1357 256 1396 scribere
273 1371 282 1405 ;
313 1356 421 1406 quod
442 1358 484 1394 et
505 1369 580 1405 ego
600 1369 667 1393 me
686 1355 895 1394 facturum
918 1355 1085 1404 recipio.
1145 1354 1286 1392 Etiam
1306 1353 1409 1391 vale.

133 1412 196 1450 Ex
220 1412 327 1449 Arce
347 1412 491 1449 nostra
517 1410 807 1449 Kostelecensi
833 1424 869 1448 x.
894 1409 1035 1449 Octob.
1085 1410 1212 1447 Anno
1237 1407 1478 1446 Dominicae
1503 1407 1686 1444 incarna-

78 1466 217 1506 tionis.
278 1477 459 1503 111.1).Χ1Χ.

524 1631 648 1672 1022.
709 1630 772 1671 To
805 1629 989 1670 ORTUIN
1022 1625 1242 1667 GRATIUS.

123 1723 274 1760 Vienna
291 1721 369 1757 MS.
386 1721 466 1757 Pal.
484 1730 576 1766 9737
596 1731 625 1755 c.
1327 1711 1559 1758 <Louvain.>

126 1780 313 1818 Horawitz
333 1780 357 1816 i.
381 1791 409 1815 1.
1246 1780 1284 1816 15
1307 1768 1518 1817 (October)
1542 1778 1643 1816 1519.

123 1864 213 1906 [The
231 1860 456 1900 manuscript
473 1860 503 1890 is
519 1868 566 1890 an
582 1856 746 1897 original,
767 1856 807 1887 in
822 1855 885 1886 the
902 1853 1074 1894 Imperial
1097 1853 1248 1891 Library
1266 1853 1303 1882 at
1319 1851 1471 1890 Vienna,
1491 1849 1688 1889 autograph

78 1907 299 1947 throughout
313 1916 321 1937 ι
346 1902 623 1942 unfortunately
638 1902 668 1932 it
684 1900 749 1931 has
766 1899 920 1931 suffered
937 1907 1023 1937 very
1038 1896 1148 1928 much
1165 1896 1272 1936 along
1288 1897 1335 1926 its
1352 1894 1519 1926 lefthand
1536 1894 1688 1933 margin.

78 1953 110 1983 A
126 1951 354 1988 satisfactory
370 1946 597 1979 monthaeiate
614 1946 645 1976 is
661 1945 769 1984 given
784 1944 832 1983 by
845 1942 908 1973 the
924 1942 1038 1982 single
1052 1941 1161 1972 letter
1174 1940 1211 1970 of
1223 1940 1252 1970 it
1268 1940 1391 1971 which
1408 1938 1568 1969 survives
1582 1948 1590 1977 3
1616 1937 1688 1968 and

78 1996 173 2026 from
189 1995 252 2025 the
269 1991 573 2032 correspondence
590 1989 628 2020 of
640 1989 716 2020 this
730 1986 855 2028 period
871 1996 981 2026 many
998 1985 1037 2016 of
1049 1985 1112 2016 the
1129 1994 1215 2024 gaps
1231 1993 1316 2023 may
1333 1984 1373 2014 be
1391 1982 1502 2013 filled.

122 2040 190 2070 For
204 2038 267 2069 the
284 2037 566 2068 circumstances
581 2033 620 2064 of
631 2033 706 2063 this
723 2031 829 2062 letter
844 2040 900 2061 see
916 2040 951 2070 p.
971 2028 1041 2070 42]

133 2117 172 2156 S.
196 2116 284 2155 IAM
303 2112 492 2163 pridem>
514 2111 560 2150 in
580 2110 722 2150 animo
743 2107 848 2147 mihi
870 2107 950 2145 fuit
969 2106 1192 2145 admonere
1213 2107 1253 2144 te

78 2174 124 2210 vt
143 2171 194 2210 ab
213 2167 517 2217 amarulen>tis
536 2163 878 2204 contentionibus
898 2163 1079 2200 verteres
1099 2160 1318 2210 ingenium

78 2226 130 2265 ad
151 2238 198 2264 ea
217 2237 295 2274 que
316 2220 571 2271 institu>isti
591 2218 738 2258 studia.
799 2217 907 2256 Nam
927 2216 1051 2254 stilus
1072 2217 1170 2254 tuus

79 2279 262 2319 ostendit
281 2277 398 2323 e>sse
418 2278 479 2314 sat
500 2275 631 2313 bonae
651 2273 748 2324 spei,
772 2272 807 2310 si
827 2270 949 2309 malis

79 2337 245 2373 tantum
266 2331 509 2381 m>oderato
528 2328 680 2368 iudicio
700 2326 795 2365 duci
815 2338 940 2376 quam
962 2323 1085 2363 serui·
1704 2344 1722 2376 5

78 2402 122 2427 re
141 2387 254 2436 rixis,
278 2385 416 2436 m>ihi
436 2384 564 2432 crede,
588 2396 662 2421 nec
683 2380 836 2420 litteris
856 2393 931 2418 nec

79 2442 315 2483 Christiano
335 2439 537 2489 homi>ne
557 2437 706 2487 dignis.
765 2435 864 2474 Alia
883 2434 962 2481 via,
985 2432 1082 2483 plus
1102 2445 1166 2470 ve—

78 2510 170 2537 reor
189 2510 242 2535 ne
262 2507 326 2534 res
346 2494 391 2533 in
410 2492 633 2532 dissidium
652 2490 881 2540 traha>tur.
941 2487 1268 2527 Contentionum
1290 2498 1401 2523 nunc

78 2552 189 2600 satis,
216 2549 327 2589 vnde
347 2547 454 2587 mihi
472 2560 547 2586 nec
567 2544 766 2594 metitur>
790 2556 864 2583 nec
884 2542 1044 2581 seritur.
1103 2541 1187 2580 Vbi
1205 2540 1375 2579 interim

124 2655 220 2686 1021.
246 2663 318 2693 232.
346 2653 394 2683 sit
424 2663 483 2684 om.
512 2654 556 2683 H.
704 2651 779 2688 236.
807 2649 865 2679 his
892 2651 938 2678 F:
976 2647 1049 2677 hiis
1073 2648 1112 2676 N.
1271 2644 1344 2683 238.
1373 2641 1620 2683 multiplicum
1638 2644 1680 2671 H.

78 2710 152 2738 240.
181 2698 321 2730 Misnae
337 2698 376 2727 N.
491 2696 565 2734 246.
592 2694 659 2725 tibi
677 2704 736 2724 om.
757 2696 799 2723 H.
916 2691 1011 2722 1022.
1038 2700 1067 2722 2.
1092 2687 1345 2728 amarulentis]
1372 2689 1415 2724 Cf.
1432 2689 1491 2723 Ep.
1515 2696 1607 2724 1007.
1628 2686 1680 2723 86,

77 2753 145 2783 93:
179 2743 218 2772 vt
244 2741 287 2772 ab
313 2740 393 2771 istis
423 2742 502 2771 coni.
530 2741 700 2769 Horawz'tz.
860 2745 887 2773 7.
915 2734 1124 2766 Christiano
1157 2731 1321 2772 homine]
1347 2733 1392 2768 Cf.
1418 2733 1478 2767 Ep.
1508 2731 1600 2760 1006.
1628 2729 1681 2767 58.

78 2788 109 2818 8.
137 2783 348 2824 dissidium]
367 2785 410 2820 Cs.
428 2786 506 2820 ΕΜ).
528 2792 622 2820 1007.
643 2791 714 2819 102,
738 2790 830 2817 1041.
852 2790 902 2817 44.
995 2788 1026 2817 9.
1055 2787 1121 2808 nec
1139 2773 1307 2815 metitur]
1328 2774 1381 2807 Cf.
1397 2773 1460 2814 Ep.
1484 2782 1578 2813 1057.
1599 2783 1650 2811 14.

122 2906 198 2934 240.
224 2895 298 2926 tela
325 2892 535 2934 Apollinea]
553 2892 606 2923 Cf.
624 2891 730 2922 Hom.
750 2893 791 2921 Il.
815 2900 841 2920 1.
915 2890 953 2919 in
970 2888 1053 2918 aula
1068 2885 1260 2926 episcopali
1274 2886 1294 2916 ⁷.

78 2950 120 2978 42
136 2948 207 2978 seq.
257 2938 407 2969 Lotter's
424 2936 580 2968 Meissen
597 2935 782 2973 Breviary,
805 2943 842 2971 14
957 2941 1031 2970 241.
1058 2929 1225 2970 Iodocus]
1237 2929 1365 2960 Jonas:
1384 2938 1441 2959 see
1454 2927 1517 2967 Ep.
1532 2927 1597 2966 876
1609 2926 1680 2956 and

79 2983 159 3014 Feb.
184 2991 267 3021 1520
285 2981 447 3023 (Proctor
466 2979 599 3019 11984),
611 2979 642 3009 is
658 2977 843 3009 described
913 2976 956 3006 cf.
974 2975 1037 3014 Ep.
1053 2975 1129 3014 963.
1144 2983 1198 3004 1n.
1234 2973 1301 3003 For
1313 2972 1371 3003 his
1387 2971 1613 3002 enthusiasm
1627 2970 1681 3000 for

79 3036 117 3058 as
133 3026 279 3067 printed
305 3025 406 3056 there
436 3032 443 3041 ·
457 3026 616 3062 tempore
633 3021 843 3061 pestilitatis
860 3033 869 3046 ο
914 3020 1085 3050 Erasmus
1095 3020 1132 3048 at
1144 3017 1219 3048 this
1229 3017 1317 3047 time
1328 3025 1385 3047 see
1395 3014 1458 3045 JE.
1473 3015 1571 3053 2743,
1583 3023 1678 3052 30-3.
