1990 3353
90 130 212 184 1125]
424 132 494 170 TO
533 132 693 171 DUKE
733 131 960 170 GEORGE
1000 132 1069 170 OF
1107 130 1340 169 SAXONY
1606 129 1687 169 309

141 242 318 282 Prorsus
337 243 562 281 iudicarem
582 242 823 281 felicissima
842 242 990 287 studia,
1015 241 1097 279 nisi
1123 240 1329 279 discordia
1354 238 1550 278 nonnihil
1573 239 1689 278 vitia·
1709 252 1749 284 35

87 299 243 336 rentur.
286 297 353 336 Ita
371 297 511 337 visum
527 299 590 335 est
604 296 712 343 fatis,
732 310 785 335 ne
800 296 900 346 quid
916 296 970 334 sit
986 295 1031 333 in
1047 295 1171 334 rebus
1186 294 1386 333 humanis
1400 296 1487 332 tam
1504 293 1688 343 Vndique

87 350 188 390 felix
207 354 254 389 vt
274 364 361 390 non
380 351 519 401 aliquo
536 365 644 390 neuo
664 350 987 389 contaminetur.
1029 350 1233 400 Vtrinque
1256 349 1375 387 video
1394 348 1565 398 peccari.
1608 347 1689 396 Qui

87 408 272 444 veterem
297 406 532 445 studiorum
559 405 764 443 rationem
789 405 1000 443 mordicus
1025 406 1184 450 tenent,
1207 417 1355 453 parum
1383 403 1558 441 comiter
1586 402 1690 441 exci-

87 461 210 510 piunt
237 461 337 499 haec
365 473 474 498 noua
492 459 639 505 studia,
671 461 714 498 et
746 473 820 509 pro
853 459 1043 497 hostibus
1079 459 1238 497 ducunt
1269 471 1339 496 eos
1375 458 1446 507 qui
1479 470 1690 495 summam

85 514 282 554 adferunt
300 514 538 554 vtilitatem.
577 514 736 552 Rursus
754 515 947 552 veterum
967 513 1187 551 literarum
1205 512 1505 551 instauratores
1524 512 1690 550 malunt
1707 525 1750 556 40

87 569 328 618 irrumpere,
349 569 466 607 velut
485 569 626 607 omnia
649 568 952 618 depopulaturi,
978 580 1103 617 quam
1132 566 1335 605 ciuilitate
1364 579 1452 605 sese
1481 566 1526 604 in
1555 566 1690 615 hospi-

86 623 195 662 tium
231 626 272 662 et
304 623 537 662 amiciciam
565 623 789 661 insinuare.
851 622 930 661 Sed
959 625 1006 660 vt
1035 623 1232 671 vtrosque
1260 634 1427 671 peccare
1455 621 1598 669 fateor,
1630 620 1691 659 ita

86 678 224 716 multo
258 678 472 716 inciuilius
502 679 633 727 agunt
668 677 741 726 qui
773 677 934 715 rabiose
964 675 1181 725 depellunt
1214 675 1385 714 meliora
1416 675 1564 722 studia,
1603 675 1691 714 suis

87 732 275 782 ipsorum
313 732 542 770 commodis
588 732 852 779 inuidentes;
900 744 1035 781 neque
1073 730 1297 780 quicquam
1338 730 1495 768 habent
1529 729 1575 767 in
1622 743 1691 768 ore

85 788 251 836 praeter
279 787 479 834 haereses,
508 786 732 825 schismata
758 788 799 824 et
825 785 1121 831 Antichristos,
1145 786 1189 822 in
1216 784 1340 835 nugis
1359 786 1516 822 atroces
1536 785 1691 834 tragoe-
1709 797 1750 829 45

84 841 177 879 dias
204 842 442 879 excitantes.
502 840 593 879 Erit
622 840 751 890 igitur
779 840 856 878 hoc
887 853 1050 890 quoque
1079 841 1176 878 tuae
1204 839 1461 888 prudentiae,
1490 838 1692 888 Princeps

85 895 384 943 illustrissime,
425 895 503 933 hoc
542 895 776 933 studiorum
816 894 1037 933 dissidium
1071 895 1144 932 tua
1178 892 1399 944 prudentia
1430 906 1687 942 componere.

85 949 137 989 Id
176 950 249 988 fiet
287 950 322 988 si
360 963 479 989 suam
526 949 702 1000 quisque
748 949 1049 1000 professionem
1097 951 1214 987 ornet
1252 947 1356 986 citra
1394 947 1691 986 contumeliam

83 1004 254 1043 alienae.

142 1059 352 1097 Hem-icus
371 1059 422 1097 ab
436 1058 701 1108 Eppendorff,
720 1071 811 1098 rara
827 1058 969 1097 indole
989 1058 1165 1105 iuuenis,
1184 1056 1369 1095 reddidit
1382 1056 1489 1094 mihi
1509 1069 1690 1096 massam
1711 1070 1752 1101 50

84 1114 248 1163 argenti
277 1113 423 1152 rudem
453 1127 474 1151 e
503 1113 588 1151 tuis
616 1113 799 1152 metallis
825 1113 1028 1159 effossam,
1053 1126 1157 1162 quae
1186 1112 1294 1150 mihi
1322 1124 1407 1149 non
1437 1111 1583 1150 minus
1612 1111 1691 1149 fuit

83 1170 201 1217 grata
221 1181 346 1218 quam
367 1168 402 1206 si
422 1167 529 1205 mihi
548 1167 755 1206 talentum
770 1168 962 1206 Atticum
982 1167 1072 1206 auri
1092 1166 1298 1205 misisses:
1327 1179 1564 1216 quanquam
1584 1165 1691 1204 mihi

86 1222 195 1260 nihil
214 1236 299 1261 non
320 1225 408 1261 erat
427 1221 779 1271 preciosissimum
795 1222 985 1261 futurum
1007 1222 1114 1271 quod
1135 1235 1159 1259 a
1178 1221 1255 1259 tali
1274 1221 1470 1269 Principe
1490 1220 1686 1259 venisset.

86 1276 236 1315 Enitar
256 1290 308 1315 ne
328 1290 453 1326 penes
472 1276 688 1314 hominem
711 1277 922 1326 ingratum
949 1277 1027 1315 hoc
1046 1275 1237 1314 beneficii
1258 1275 1477 1313 collocasse
1496 1274 1686 1313 videaris.

84 1331 390 1370 celsitudinem
415 1333 531 1369 tuam
552 1343 677 1380 quam
697 1331 933 1370 diutissime
952 1331 1171 1369 florentem
1193 1329 1314 1368 nobis
1333 1343 1378 1368 ac
1398 1329 1520 1368 bonis
1540 1329 1690 1369 studiis
1710 1343 1750 1378 55

85 1388 225 1424 seruet
245 1386 439 1424 Christus
460 1386 552 1434 Opt.
576 1398 685 1424 max.

141 1440 327 1479 Louanii.
388 1440 532 1478 Pridie
552 1440 718 1479 Calend.
741 1440 939 1489 Augusti.
997 1441 1124 1478 Anno
1145 1451 1306 1477 M.D.xx.

479 1681 681 1723 11091126.
742 1681 807 1723 To
844 1681 1088 1724 HERMANN
1120 1683 1292 1724 BuscH.

134 1810 329 1856 Epistolae
345 1809 392 1844 ad
410 1809 578 1845 diuersos
595 1822 630 1854 p.
651 1811 734 1854 483.
1417 1806 1597 1843 Louvain.

133 1869 231 1906 HN:
259 1869 373 1905 Lond.
393 1869 458 1905 xii.
478 1878 545 1914 15:
572 1868 645 1905 LB.
667 1870 743 1914 516.
1342 1890 1344 1893 ψ
1369 1876 1409 1911 31
1432 1866 1522 1912 July
1544 1875 1644 1911 1520.

395 1996 604 2026 ERASMVS
635 1996 734 2028 ROT.
766 1995 1028 2025 HERMANNO
1060 1994 1257 2025 BVSCHIO
1289 1995 1319 2023 S.
1343 1993 1385 2022 D.

140 2111 331 2150 MISERET
349 2124 417 2150 me
437 2111 512 2158 tui,
535 2109 776 2149 doctissime
796 2109 967 2157 Buschi,
987 2109 1059 2158 qui
1078 2108 1207 2146 bonas
1220 2107 1341 2144 horas
1356 2106 1401 2144 in
1415 2105 1488 2144 Lei
1503 2105 1693 2154 meisque

86 2167 214 2216 nugis
234 2166 342 2204 male
364 2164 622 2204 contriueris.
681 2164 803 2202 Inter
818 2165 881 2202 tot
895 2163 1040 2202 futiles
1054 2161 1221 2200 libellos
1234 2173 1337 2211 quos
1353 2160 1474 2198 nobis
1491 2160 1693 2198 euomunt

87 2221 442 2271 typographorum
462 2219 660 2267 officinae,
684 2219 915 2267 dispeream
937 2218 973 2256 si
993 2216 1216 2267 quicquam
1244 2214 1378 2253 adhuc
1406 2215 1560 2264 prodiit
1579 2213 1693 2252 indo·

87 2275 193 2314 ctius
213 2278 285 2314 aut
304 2274 430 2313 etiam
451 2273 659 2321 stolidius,
678 2272 856 2322 denique
876 2271 1140 2310 virulentius.
1185 2270 1341 2308 Rident
1361 2269 1579 2307 hominem
1596 2281 1694 2306 cum

88 2342 163 2368 suo
190 2329 369 2379 glorioso
393 2329 547 2378 diuque
575 2328 725 2366 iactato
752 2326 899 2365 libello
928 2326 1039 2365 docti
1065 2338 1239 2372 omnes3
1269 2325 1486 2361 execratur
1508 2324 1695 2372 optimus
1713 2334 1731 2365 5

88 2384 262 2434 quisque
278 2384 404 2422 etiam
424 2383 532 2433 apud
548 2382 714 2431 Anglos
733 2396 742 2430 ;
772 2395 849 2420 nec
868 2381 971 2431 ipsis
985 2380 1205 2429 germanis,
1225 2391 1329 2429 quos
1343 2378 1469 2416 habet
1483 2378 1696 2427 eleganter

89 2438 286 2486 eruditos,
319 2438 526 2488 probatur.
587 2436 792 2486 Displicet
829 2436 956 2474 etiam
988 2435 1055 2473 his
1086 2447 1265 2483 quorum
1300 2433 1434 2482 gratia
1463 2432 1572 2470 hanc
1609 2431 1696 2481 agit

88 2492 282 2543 fabulam.
343 2491 601 2530 Exsibilatur
638 2491 691 2529 ab
734 2490 929 2529 vniuerso
967 2489 1157 2536 theatr03
1198 2490 1241 2526 et
1274 2489 1417 2526 tamen
1451 2486 1576 2525 homo
1613 2486 1695 2525 sibi

89 2545 417 2596 pertinacissime
449 2546 595 2594 placet,
629 2558 738 2584 vnus
772 2545 853 2583 sibi
887 2543 1062 2593 plaudit,
1100 2543 1186 2580 imo
1217 2544 1333 2591 putat
1364 2542 1499 2580 aleam
1522 2540 1695 2591 pulchre

87 2600 298 2647 cecidisse,
321 2600 431 2650 quod
452 2613 547 2638 cum
568 2599 744 2638 Erasmo
759 2599 815 2637 sit
830 2611 1087 2648 congressus,
1108 2597 1217 2647 quod
1234 2596 1367 2635 doctis
1386 2609 1432 2634 ac
1450 2596 1574 2634 bonis
1592 2594 1696 2634 viris
1719 2608 1758 2629 10

88 2655 354 2693 stomachum
383 2654 575 2702 mouerit,
609 2654 717 2704 quod
752 2653 892 2692 subito
924 2652 1111 2691 innotuit
1144 2651 1245 2689 orbi.
1306 2650 1446 2689 Habet
1484 2649 1695 2689 Abbatem

135 2791 231 2821 1125.
251 2798 304 2828 39.
331 2799 389 2819 eos
401 2791 474 2820 aelel.
489 2791 530 2819 H.
622 2797 674 2826 50.
700 2788 742 2818 ab
762 2787 983 2827 Eppendorff
996 2789 1042 2816 F:
1069 2784 1370 2825 Epphcndorpius
1386 2787 1428 2815 II.
1521 2792 1574 2822 52.
1603 2783 1694 2813 mihi

89 2843 147 2865 om.
163 2837 207 2865 H.
325 2833 419 2863 1126.
442 2833 472 2863 6.
501 2841 589 2872 quos
606 2831 649 2862 N¹
662 2834 758 2863 Loml.
773 2842 783 2862 z
808 2831 901 2870 quod
918 2829 1002 2862 FN3.

137 2955 231 2985 1125.
248 2963 300 2992 52.
328 2953 506 2984 talentum
519 2952 699 2993 Atticum]
714 2953 777 2983 See
792 2953 855 2993 Ep.
923 2961 1023 2991 13011.

94 3006 185 3036 1119.
203 3009 234 3036 4.
967 3006 1017 3026 11.
1046 2992 1237 3033 Abbatem]
1271 2993 1334 3024 See
1364 2993 1452 3032 Epp.
1492 2992 1585 3022 1061.
1621 2999 1692 3030 150,

137 3041 232 3072 1126.
264 3042 293 3071 6.
334 3040 530 3082 germanis]
571 3040 626 3071 Cf.
660 3040 724 3079 Ep.
762 3050 855 3079 1053.
922 3048 1046 3078 152nn,
1071 3047 1164 3076 1074.
1183 3037 1264 3067 6011.
