1990 3353
82 123 202 185 1171]
511 133 581 172 ΤΟ
619 132 923 171 MAT'PHEW
960 133 1253 172 SOHINNER
1601 134 1681 172 417

77 243 214 281 faueat
234 241 305 280 ille
326 242 398 291 qui
421 241 500 280 sibi
521 242 644 279 diffisi
664 241 716 280 ab
736 241 826 291 ipso
846 241 1072 291 pendeant:
1106 242 1193 280 Deo
1219 242 1351 280 facere
1377 241 1586 290 iniuriam,
1612 243 1683 291 qui

79 296 328 335 condemnat
355 309 400 334 ac
427 296 583 334 iudicat
607 296 869 345 proximum:
901 296 1135 335 Euanidam
1164 309 1209 334 ac
1237 296 1426 346 fugacem
1456 309 1543 334 esse
1572 309 1683 345 prae-

78 350 210 389 sentis
231 350 341 389 vitae
363 350 628 389 felicitatem:
658 350 858 388 Potentes
879 350 1030 400 quibus
1050 351 1116 388 hic
1136 350 1310 400 impune
1333 350 1428 388 licet
1455 349 1680 399 quodlibet,
1703 362 1743 392 30

77 407 171 454 post
199 405 485 443 acerbissimas
516 405 684 443 daturos
714 417 889 453 poenas:
930 404 1169 443 Vindictam
1200 405 1408 443 malorum
1434 405 1520 442 Deo
1547 404 1684 443 Iudici

79 458 394 508 relinquendam
413 471 524 496 esse:
554 459 702 496 Preces
727 459 891 508 piorum
918 458 1138 496 hominum
1165 459 1396 508 plurimum
1415 459 1548 497 valere
1575 458 1683 507 apud

81 513 239 551 Deum:
272 513 364 551 Hoc
384 513 514 551 officio
536 513 718 550 maxime
742 513 854 551 flecti
879 513 1015 550 Deum
1034 515 1081 551 vt
1104 513 1260 551 nostris
1285 513 1461 562 peccatis
1486 513 1681 564 ignoscat,

80 568 116 605 si
137 580 214 605 nos
234 568 352 606 fratri
374 568 419 605 in
444 580 519 605 nos
545 568 731 616 peccanti
758 567 1055 615 condonemus,
1078 570 1120 605 et
1146 568 1181 605 si
1208 567 1469 606 aberrantem
1495 570 1686 605 amanter

79 621 124 659 in
146 622 259 660 viam
279 634 519 660 reuocemus
536 635 546 668 ;
574 620 737 670 aliaque
760 621 802 659 id
817 633 956 671 genUS,
974 622 1019 659 in
1035 622 1188 671 quibus
1203 635 1289 659 non
1305 623 1439 671 potest
1458 622 1685 660 admodum
1705 633 1745 665 35

80 689 169 714 esse
189 676 374 715 multum
399 675 655 714 difficultatis
682 676 728 713 in
755 675 1010 724 explicando,
1037 689 1132 714 cum
1160 676 1391 726 plurimum
1418 676 1473 714 sit
1501 677 1546 714 in
1575 689 1686 725 prae·

80 730 258 777 stando;
300 733 342 768 et
375 732 517 768 tamen
550 730 743 768 incidunt
771 730 862 768 loca
890 731 1092 779 quaedam
1120 730 1164 768 in
1195 730 1346 780 quibus
1375 733 1462 768 erat
1491 730 1685 768 nonnihil

79 784 337 831 luctandum,
356 784 472 822 velut
491 784 537 822 in
556 784 631 822 illo
650 784 696 822 in
716 798 796 834 quo
812 784 953 822 haeret
967 785 1240 834 Augustinus,
1258 784 1452 834 Quisquis
1467 785 1687 822 offenderit

82 839 127 877 in
158 852 255 887 vn0,
290 839 423 877 factus
454 841 516 877 est
550 839 742 877 omnium
773 852 878 877 reus.
940 838 1067 886 Item,
1098 839 1207 888 quod
1238 841 1364 889 negat
1394 838 1519 876 fidem
1550 839 1686 876 valere

79 893 233 942 absque
261 893 413 939 factis3
452 906 549 931 cum
579 893 737 932 Paulus
769 907 819 932 ex
849 893 1022 931 aduerso
1051 893 1272 931 contendat
1301 893 1494 931 Abrahae
1523 906 1606 931 non
1637 906 1687 930 ex
1705 907 1747 938 40

79 948 200 986 factis
219 947 292 986 sed
313 960 364 999 ex
384 947 465 985 fide
485 948 706 997 contigisse
720 950 767 987 vt
787 949 920 986 iustus
941 948 1164 986 haberetur
1183 948 1290 997 apud
1314 948 1448 985 Deum
1468 949 1509 985 et
1528 947 1688 985 amicus

81 1002 158 1040 Dei
178 1001 393 1040 diceretur.
442 1001 535 1039 Iam
555 1003 755 1052 quaedam
775 1003 902 1041 etiam
921 1002 1033 1040 hiare
1049 1002 1255 1050 videntur,
1275 1004 1322 1040 vt
1342 1002 1386 1039 in
1407 1002 1687 1040 connectendo

81 1055 275 1094 nonnihil
296 1056 422 1094 fuerit
443 1057 615 1106 negocii.

134 1110 213 1148 Sed
234 1111 333 1148 haec
352 1113 563 1160 vtcunque
582 1111 750 1158 habent,
774 1125 869 1150 cum
888 1112 1073 1161 primum
1098 1111 1204 1149 hanc
1229 1124 1393 1160 operam
1421 1110 1682 1160 susciperem,

82 1178 167 1203 non
183 1167 270 1203 erat
284 1165 449 1203 animus
464 1165 541 1203 hoc
557 1166 730 1204 honoris
746 1166 996 1215 impendere,
1015 1166 1096 1203 nisi
1111 1166 1274 1203 duobus
1289 1166 1375 1203 illis
1388 1165 1687 1214 Apostolorum
1706 1174 1747 1206 45

81 1221 124 1257 et
143 1219 418 1269 Euangelicae
439 1220 724 1269 philosophiae
743 1220 1012 1270 principibus,
1034 1219 1167 1258 Paulo
1187 1222 1227 1258 et
1246 1221 1383 1258 Petro.
1430 1220 1484 1258 Et
1499 1232 1589 1257 ecce
1603 1219 1688 1257 iam

83 1276 238 1312 metam
270 1274 522 1323 amplexum,
554 1275 638 1313 iam
669 1276 921 1324 spectantem
952 1274 1101 1320 ocium,
1134 1277 1206 1313 tua
1235 1288 1316 1312 vox
1346 1288 1413 1312 me
1442 1276 1606 1312 reuocat
1637 1274 1687 1310 ad

81 1328 278 1374 stadium,
295 1329 423 1366 etiam
439 1331 563 1379 atque
582 1329 708 1367 etiam
728 1330 900 1367 hortans
921 1341 973 1366 ne
993 1342 1117 1378 quam
1137 1329 1262 1367 huius
1281 1329 1436 1367 laboris
1456 1328 1687 1377 portionem

82 1383 176 1420 aliis
197 1384 456 1433 relinquam:
486 1397 571 1422 non
591 1384 728 1422 solum
752 1384 803 1422 ob
831 1384 921 1430 hoc,
943 1384 1053 1433 quod
1081 1383 1282 1421 iudicares
1308 1383 1497 1421 studium
1524 1383 1601 1420 hoc
1622 1383 1689 1420 vel

82 1437 347 1486 praecipuam
363 1437 589 1476 vtilitatem
610 1438 837 1476 allaturum
856 1438 1129 1487 Euangelicae
1146 1437 1431 1487 philosophiae
1447 1437 1687 1484 candidatis,
1709 1453 1750 1484 50

83 1491 357 1529 verumetiam
393 1493 500 1541 quod
537 1506 632 1530 cum
667 1493 733 1530 his
766 1492 1024 1541 temporibus
1059 1506 1162 1541 pene
1195 1492 1304 1530 nihil
1338 1493 1395 1530 sit
1429 1493 1633 1529 intactum
1668 1504 1691 1528 a

84 1547 434 1595 sycophantarum
473 1547 690 1593 morsibus,
732 1550 872 1585 tamen
919 1547 994 1585 hoc
1032 1560 1164 1585 vnum
1211 1559 1314 1595 opus
1359 1546 1494 1585 adhuc
1539 1546 1692 1583 Momis

87 1600 283 1638 omnibus
303 1599 467 1650 ἄμωμον,
486 1603 531 1639 vt
550 1601 605 1639 ita
623 1601 779 1651 loquar,
799 1601 933 1639 fuerit.
979 1600 1135 1650 Sequor
1150 1614 1231 1650 quo
1251 1604 1323 1639 tua
1337 1602 1456 1639 vocat
1475 1599 1688 1645 autoritas,

84 1655 425 1693 reuerendissime
441 1656 490 1694 D.
538 1656 632 1694 Non
648 1669 716 1694 me
736 1656 842 1694 clam
863 1658 927 1693 est
948 1668 1072 1705 quam
1092 1669 1140 1693 ex
1161 1656 1302 1693 animo
1321 1655 1461 1693 faueas
1482 1654 1691 1692 doctrinae

84 1722 181 1747 vere
207 1709 480 1758 Christianae,
504 1710 550 1747 in
576 1724 657 1760 qua
683 1714 728 1749 tu
757 1724 842 1748 non
869 1723 1021 1759 paucos
1050 1723 1183 1748 annos
1205 1710 1381 1748 feliciter
1410 1723 1452 1747 es
1476 1711 1690 1754 versatus3
1711 1721 1749 1752 55

87 1777 212 1813 quam
241 1777 326 1802 non
354 1763 448 1802 ficte
476 1765 615 1803 faueas
644 1765 826 1812 Erasmo,
859 1778 982 1814 quam
1011 1764 1068 1802 sis
1096 1764 1265 1814 ingenio
1295 1764 1532 1813 perspicaci,
1567 1777 1691 1813 quam

85 1822 206 1865 certo,
249 1831 372 1867 quam
414 1832 497 1856 non
535 1820 701 1869 vulgari
738 1819 901 1858 iudicio.
980 1818 1130 1867 Quales
1176 1820 1211 1856 si
1254 1819 1486 1868 complures
1524 1818 1693 1856 haberet

86 1871 270 1911 Ecclesia
309 1873 520 1920 catholica,
562 1874 698 1912 multo
735 1874 996 1912 florentiores
1040 1877 1080 1911 et
1125 1873 1340 1922 aliquanto
1384 1872 1693 1922 tranquilliores

84 1931 222 1964 essent
251 1941 315 1965 res
343 1927 614 1966 Christianae.

140 1981 240 2029 Quis
261 1985 400 2019 autem
421 1982 592 2031 spiritus
612 1983 740 2032 agitet
767 1983 881 2029 istos,
906 1983 978 2031 qui
1005 1996 1102 2020 suae
1129 1995 1291 2032 quoque
1318 1983 1453 2019 famae
1480 1983 1520 2018 et
1547 1981 1693 2018 autori·
1712 1984 1754 2015 60

86 2037 185 2073 tatis
215 2035 444 2085 dispendio,
468 2049 563 2074 cum
593 2037 744 2075 iniuria
773 2050 980 2075 sacrarum
1010 2036 1136 2074 etiam
1167 2037 1422 2082 concionum,
1456 2038 1545 2073 tam
1574 2035 1693 2084 perti-

87 2090 259 2128 nacibus
282 2091 433 2129 studiis
460 2094 663 2129 conantur
681 2095 728 2129 vt
753 2105 775 2129 e
802 2091 955 2130 nostris
981 2090 1341 2129 lucubrationibus
1368 2090 1508 2127 minus
1535 2090 1694 2127 fructus

89 2144 230 2182 redeat
249 2145 299 2183 ad
320 2144 541 2193 studiosos,
555 2146 636 2195 ipsi
651 2146 845 2184 viderint.
893 2146 960 2184 Me
976 2146 1109 2194 magis
1123 2147 1265 2183 mouet
1279 2145 1458 2182 aliorum
1478 2144 1694 2191 iudicium,

90 2212 192 2247 quos
213 2202 253 2237 et
274 2199 451 2237 eruditio
468 2213 553 2237 non
568 2201 754 2250 vulgaris
775 2202 817 2238 et
838 2213 1003 2239 morum
1024 2200 1239 2249 integritas
1259 2199 1309 2236 ab
1331 2199 1446 2236 omni
1467 2198 1693 2247 suspitione

88 2253 233 2290 liuoris
270 2266 315 2291 ac
353 2254 670 2293 maleuolentiae
708 2255 904 2293 vindicat.
969 2255 1057 2303 Ego
1096 2254 1252 2292 nullius
1291 2254 1464 2291 obscuro
1504 2253 1691 2302 gloriam,
1714 2256 1754 2297 65

90 2307 303 2345 neminem
341 2321 363 2345 e
401 2308 594 2347 cathedra
633 2322 706 2347 sua
744 2309 916 2358 depello,
959 2308 1120 2347 nullius
1157 2308 1349 2356 obstrepo
1387 2307 1562 2354 studiis3
1611 2320 1695 2344 non

89 2362 226 2399 ambio
253 2362 489 2411 dignitates,
514 2376 597 2400 non
622 2377 750 2401 venor
776 2366 1006 2413 quaestum,
1031 2363 1101 2401 sed
1130 2362 1415 2412 qualecunque
1440 2361 1694 2399 talentulum

90 2429 233 2454 meum
268 2416 310 2454 in
344 2430 565 2455 commune
598 2419 770 2467 profero.
845 2418 922 2456 Cui
956 2430 1049 2455 mea
1083 2430 1167 2455 non
1202 2416 1379 2466 placent,
1417 2416 1596 2454 liberum
1635 2418 1697 2453 est

89 2470 319 2509 abstinere:
360 2484 436 2509 nos
469 2471 567 2510 haec
600 2472 729 2521 gratis
763 2472 975 2521 largimur.
1037 2472 1080 2510 Si
1115 2471 1208 2521 quis
1236 2471 1348 2509 volet
1382 2471 1477 2508 dare
1512 2469 1695 2512 meliora,

89 2524 322 2562 fauebimus
355 2526 529 2575 vtroque
562 2526 721 2575 pollice.
794 2526 911 2564 Nulli
946 2539 1012 2564 me
1046 2526 1213 2563 factioni
1248 2537 1434 2574 vnquam
1467 2523 1668 2562 admiscui
1686 2539 1694 2572 ;
1716 2538 1758 2569 70

89 2591 212 2616 nemo
243 2578 346 2617 meis
375 2580 541 2629 scriptis
570 2580 637 2618 vel
666 2580 750 2629 pilo
777 2581 910 2618 factus
939 2583 1002 2618 est
1032 2580 1196 2629 nigrior.

144 2632 271 2671 Nullo
303 2634 441 2672 seculo
476 2647 558 2672 non
592 2634 711 2673 licuit
744 2635 895 2673 alicubi
931 2635 1149 2673 dissentire
1187 2648 1209 2672 a
1243 2633 1474 2683 quamlibet
1512 2632 1695 2682 probatis

481 2744 533 2775 28.
558 2744 621 2775 ille
638 2747 712 2776 add.
730 2755 754 2775 ε.
1092 2745 1253 2784 pendent
1270 2756 1296 2775 ε,

135 2845 188 2884 38.
215 2845 400 2888 Quisquis]
417 2848 539 2878 James
555 2857 584 2879 2.
604 2858 651 2880 10.
688 2848 859 2879 Erasmus
928 2849 1081 2887 quently
1093 2849 1121 2880 it
1133 2858 1204 2879 was
1216 2851 1254 2879 at
1264 2849 1473 2880 Schinner’s
1484 2849 1693 2888 instigatio„

91 2891 217 2928 quotes
235 2890 291 2920 his
307 2899 387 2920 own
405 2890 631 2922 translation.
928 2893 1009 2922 that
1048 2892 1218 2922 Erasmus
1257 2893 1453 2932 proceeded
1498 2893 1588 2923 from
1635 2892 1694 2922 tho

134 2943 187 2971 40.
215 2932 362 2975 Paulus]
381 2933 480 2965 Rom.
500 2945 529 2973 4.
545 2944 565 2973 3
581 2944 652 2974 seq.
930 2935 1085 2975 Epistles
1109 2937 1145 2966 to
1169 2936 1231 2966 the
1256 2936 1428 2976 Gospels:
1453 2937 1495 2967 cs.
1516 2936 1577 2975 Ep.
1603 2936 1694 2973 1248.

135 2986 187 3014 47.
206 2978 269 3006 tua
279 2977 364 3019 vox]
377 2978 552 3017 Probably
563 2988 607 3008 on
620 2978 682 3009 the
696 2979 857 3009 occasion
935 2989 1009 3017 14n.

92 3020 300 3051 mentioned
334 3021 370 3051 in
405 3021 467 3061 Ep.
503 3030 594 3061 1155.
614 3031 685 3054 1-2.
734 3022 860 3053 Subse-
975 3033 1025 3061 71.
1054 3022 1205 3063 nigrior]
1224 3023 1276 3054 Cf.
1297 3023 1358 3063 Ep.
1382 3033 1473 3061 1007.
1489 3023 1568 3053 81n.

158 3085 232 3107 4ο2·4
862 3090 884 3114 Ε
904 3090 926 3115 e
