1990 3353
147 125 269 180 1110]

643 126 714 165 TO
750 126 904 164 JOHN
944 125 1192 165 SAPIDUS

1669 126 1746 164 279

144 237 355 277 doctrinae
384 237 617 288 portionem
641 237 791 276 stolide
817 239 1091 275 contemnant
1119 235 1306 286 quidam,
1335 236 1343 253 ⁶
1358 234 1584 284 poetriam’
1614 236 1747 285 appel·
1774 249 1808 280 15

143 292 281 332 lantes
302 293 496 343 quicquid
519 292 570 331 ad
591 294 801 331 vetustam
819 304 866 329 ac
887 290 1123 341 politiorem
1150 289 1412 328 literaturam
1436 289 1627 338 pertinet.

1688 289 1749 327 Hi

144 360 241 386 cum
273 347 382 386 mihi
414 360 542 397 puero
572 347 672 385 satis
701 346 841 384 odiose
868 345 1116 384 facesserent
1148 344 1380 394 negocium,
1414 356 1562 393 meque
1590 356 1614 382 a
1643 344 1749 381 meis

144 402 358 440 amoribus
384 401 651 451 depellerent,
680 400 946 438 institueram
970 399 1116 437 vlcisci
1142 412 1209 437 me
1229 398 1417 444 calamo:
1447 397 1504 436 sic
1533 399 1676 436 tamen
1701 400 1749 436 vt-

145 456 308 494 nullius
327 469 483 495 nomen
504 455 839 505 perstringerem.

199 511 399 549 Nondum
418 523 577 548 annum
597 509 848 559 vigesimum
868 508 1091 558 attigeram
1107 520 1203 546 cum
1222 507 1299 546 hoc
1320 506 1455 556 operis
1475 520 1570 545 sum
1590 519 1748 556 aggros
1766 519 1810 539 20

144 577 226 603 SUS-

283 565 482 603 Pauculis
514 564 663 602 deinde
693 565 786 613 post
819 562 943 601 annis
970 562 1111 601 visum
1140 564 1203 600 est
1234 561 1347 599 idem
1375 563 1673 611 argumentum
1702 561 1748 599 in

145 619 358 669 dialogum
381 621 575 667 retexere,
592 631 673 668 quo
691 618 815 656 lectio
835 617 977 656 minus
992 617 1165 655 haberet
1183 616 1324 654 taedii.
1376 616 1524 665 Operis
1538 628 1748 654 summam

144 673 190 712 in
210 676 388 724 quatuor
406 673 535 712 libros
554 673 817 723 digesseram.
876 672 1049 710 Primus
1068 670 1283 709 refellebat
1297 683 1344 708 ea
1359 683 1464 720 quae
1484 670 1663 720 quidam,
1682 669 1749 708 vel

144 727 426 777 superstitiosi
456 728 524 766 vel
555 727 795 778 hypocritae
825 725 1035 776 religionis
1065 725 1205 763 verius
1231 737 1357 775 quam
1387 724 1582 773 religiosi,
1614 724 1748 762 solent

144 782 266 820 nobis
295 781 342 820 in
372 795 418 821 os
450 782 592 820 iacere.

144 836 368 875 Platonem
410 837 576 884 Glauco,
627 835 806 875 summis
853 834 1114 885 eloquentiae
1160 833 1322 872 viribus
1364 833 1627 883 vituperabat
1669 833 1750 871 elo-

145 890 376 940 quentiam,
409 893 625 941 totamque
656 890 886 929 rhetorices
917 889 1155 939 panopliam
1196 901 1246 927 ex
1280 887 1447 926 intimis
1475 887 1591 927 illius
1620 901 1750 926 arma-

144 945 220 983 riis
265 945 442 995 petitam
490 945 535 983 in
581 945 713 995 ipsam
768 945 1003 983 rhetoricen
1057 942 1329 992 expediebat:
1376 943 1477 981 adeo
1524 944 1571 981 vt
1618 942 1750 981 felicis

144 1000 369 1038 memoriae
404 999 585 1038 Ioannes
617 999 796 1046 Coletus,
829 998 1082 1049 simulatque
1116 997 1274 1036 librum
1303 1010 1398 1035 eum
1430 997 1613 1047 legisset,
1641 999 1750 1035 serio

145 1053 253 1092 mihi
291 1054 440 1092 dixerit
478 1054 524 1092 in
563 1054 759 1092 familiari
797 1053 1012 1103 colloquio.
1058 1052 1213 1090 ‘Plane
1250 1051 1356 1090 liber
1393 1054 1490 1090 tuus
1524 1052 1635 1090 mihi
1661 1065 1750 1101 per-
1770 1066 1810 1096 30

146 1108 277 1147 suasit
325 1109 562 1158 neglectum
615 1107 875 1158 eloquentiae
891 1111 912 1147 ⁹.

981 1108 1170 1156 Cumque
1216 1119 1432 1145 monerem
1480 1106 1752 1156 suspenderet

145 1163 403 1202 sententiam
428 1163 556 1202 donec
579 1162 741 1201 audiret
768 1162 1028 1212 eloquentiae
1054 1161 1398 1211 patrocinantem,
1426 1160 1604 1210 negabat
1632 1175 1656 1200 a
1682 1173 1750 1198 me

146 1230 266 1267 posse
307 1217 413 1256 dilui
453 1230 557 1267 quae
595 1217 884 1256 intendissem.
944 1216 1110 1255 Tertius
1156 1215 1370 1254 refellebat
1416 1215 1588 1254 secundi
1635 1215 1749 1253 volu-

145 1271 276 1310 minis
301 1275 573 1321 argumenta3
605 1285 753 1311 verum
780 1271 822 1310 id
849 1271 1037 1309 nondum
1064 1269 1334 1309 absolueram.
1392 1270 1576 1318 Quartus
1604 1269 1752 1318 agebat

145 1327 370 1376 separatim
419 1339 586 1365 causam
624 1327 804 1376 poetices
842 1325 949 1363 mihi
996 1338 1124 1375 puero
1163 1326 1301 1362 tenere
1339 1324 1561 1363 adamatae.

1623 1323 1750 1362 Hunc

147 1381 337 1419 nondum
376 1381 655 1431 digesseram;
702 1380 821 1430 sylua
868 1382 1037 1418 tantum
1084 1379 1234 1429 ingens
1277 1381 1365 1417 erat
1402 1381 1599 1428 congesta
1637 1378 1751 1429 operi

147 1435 299 1474 futuro.

201 1489 397 1527 Primum
417 1489 574 1528 librum
591 1489 888 1539 locupletaram
909 1488 1133 1536 Bononiae,
1152 1490 1236 1527 iam
1256 1487 1464 1526 meditans
1474 1487 1727 1525 aeditionem
1760 1500 1768 1533 ς

145 1543 375 1582 secundum
395 1545 676 1582 emendaram.
737 1544 977 1582 Relicturus
1002 1543 1170 1581 Italiam
1198 1542 1370 1592 deposui
1396 1542 1504 1592 apud
1527 1541 1753 1580 Ricardum

145 1598 363 1646 Pacaeum,
382 1598 520 1637 virum
533 1598 650 1637 omni
665 1598 877 1637 virtutum
892 1601 932 1637 et
953 1601 1297 1636 ornamentorum
1310 1610 1460 1646 genere
1474 1595 1747 1634 cumulatum.
1772 1610 1814 1640 40

146 1653 272 1701 Apud
302 1653 415 1691 hunc
441 1655 612 1703 vterque
640 1652 775 1703 periit,
805 1666 949 1691 eorum
969 1652 1159 1691 videlicet
1188 1651 1309 1701 culpa
1334 1664 1512 1701 quorum
1538 1651 1664 1688 fidem
1688 1650 1754 1688 vir

146 1707 466 1757 syncerissimus
495 1721 517 1745 e
542 1707 629 1745 suis
654 1706 841 1745 moribus
867 1706 1126 1745 aestimabat.

1186 1706 1343 1744 Prioris
1372 1705 1470 1743 libri
1499 1705 1656 1743 iactura
1685 1718 1755 1742 me

146 1774 244 1800 sane
264 1762 414 1800 leuiter
443 1761 590 1810 mouit,
614 1761 723 1811 quod
750 1762 932 1800 nimium
960 1761 1158 1811 resiperet
1183 1760 1404 1810 ingenium
1429 1760 1611 1809 puerile:
1642 1761 1683 1798 et
1707 1758 1751 1796 in

146 1815 258 1854 hunc
278 1816 533 1854 crassissima
544 1829 730 1867 quaeque
746 1829 1042 1866 congesseram.
1093 1817 1284 1855 Caeteros
1299 1814 1505 1853 malebam
1518 1827 1752 1863 superesse:

147 1870 217 1908 sed
238 1870 359 1908 aliter
378 1870 518 1909 visum
537 1874 600 1909 est
620 1871 726 1909 fucis
742 1871 845 1919 istis,
864 1871 934 1921 qui
955 1884 1051 1909 cum
1072 1870 1151 1920 ipsi
1172 1869 1281 1908 nihil
1301 1868 1494 1919 praeclari
1513 1868 1752 1913 moliantur,
1770 1876 1811 1908 45

147 1924 402 1963 insidiantur
420 1924 569 1964 alienis
587 1925 810 1964 laboribus.

202 1979 436 2017 Louanium
467 1979 539 2018 vbi
567 1981 923 2029 commigrassem,
954 1979 1136 2029 comperi
1166 1979 1353 2028 primum
1383 1977 1551 2022 librum,
1574 1979 1622 2017 vt
1651 1976 1754 2015 olim

146 2046 169 2072 a
188 2046 256 2071 me
277 2034 457 2083 scriptus
476 2036 576 2080 erat,
599 2033 725 2073 latius
744 2047 831 2073 esse
850 2047 1040 2085 sparsum
1061 2047 1185 2083 quam
1198 2035 1243 2072 vt
1264 2032 1397 2082 premi
1411 2036 1573 2081 posset:
1603 2044 1752 2082 parum

147 2087 260 2126 enim
292 2088 479 2126 abfuerat
509 2089 612 2138 quin
645 2089 730 2127 iam
758 2089 978 2139 euulgatus
1005 2088 1132 2126 fuerit
1160 2101 1182 2126 a
1211 2086 1474 2137 quibusdam,
1507 2086 1579 2136 qui
1608 2084 1752 2124 sedulo

147 2142 280 2192 magis
311 2155 436 2191 quam
468 2142 694 2192 prudenter
730 2143 873 2181 fauent
909 2142 1092 2181 Erasmo.

148 2196 409 2246 recognitum
428 2197 585 2235 librum
604 2198 876 2248 typographis
905 2197 1104 2236 commisi.
1131 2210 1227 2235 cum
1251 2196 1408 2245 alioqui
1439 2197 1635 2245 perpetuo
1659 2208 1752 2244 sup-

148 2263 341 2299 pressum
379 2251 651 2296 maluissem;
694 2252 938 2301 praesertim
970 2265 1065 2290 cum
1104 2251 1179 2289 hac
1220 2250 1270 2288 de
1309 2263 1352 2288 re
1392 2250 1618 2299 prodiderit
1649 2262 1752 2298 opus

147 2305 371 2349 eruditum,
400 2307 570 2344 acutum
599 2308 640 2344 et
669 2307 901 2356 expolitum
932 2306 1205 2344 Hei-mannus
1234 2305 1452 2349 Eusebius,
1482 2304 1548 2342 cui
1577 2303 1751 2342 titulum

147 2360 245 2398 fecit
262 2360 436 2399 Vallum
456 2360 745 2400 humanitatis.

196 2471 244 2502 15.
270 2462 463 2504 poeti-iam]
497 2463 548 2494 Cf.
583 2464 672 2504 Epp.
709 2465 802 2497 1126.
834 2474 909 2504 335.

151 2515 163 2535 1
176 2515 250 2545 153.
266 2515 369 2545 215n‚
391 2508 484 2546 1196.
501 2517 578 2547 450,
596 2517 671 2547 559.

197 2559 246 2589 19.
271 2550 568 2592 perstringerem]
616 2552 668 2583 Cf.
708 2552 795 2592 Epp.
838 2552 913 2591 936.

151 2593 267 2633 16-18,
285 2603 361 2632 950.
382 2603 496 2625 10-12.

191 2645 243 2675 23.
270 2637 441 2678 quatuor]
464 2638 552 2669 This
575 2639 731 2669 revision
756 2640 852 2670 must
875 2639 916 2669 be

148 2681 370 2720 subsequent
392 2682 429 2711 to
453 2681 515 2721 Ep.
534 2690 586 2720 37.
611 2691 660 2720 11,
686 2682 806 2713 where
831 2682 917 2722 only

147 2725 221 2755 two
238 2723 347 2754 books
363 2734 422 2755 are
438 2725 715 2765 contemplated.

193 2777 246 2807 29.
272 2767 432 2809 Coletus]
452 2768 538 2799 This
554 2770 803 2800 conversation
820 2771 916 2800 must

150 2811 192 2841 be
213 2811 337 2850 placed
359 2811 398 2842 in
426 2821 509 2851 1499
531 2822 570 2842 or
595 2814 746 2852 1505—6;
771 2814 868 2843 since
887 2814 916 2843 it

148 2855 323 2894 preceded
341 2853 523 2885 Erasmus’
539 2856 626 2886 visit
642 2858 679 2887 to
694 2856 800 2896 Italy.
842 2857 916 2887 The

148 2898 240 2929 later
249 2897 332 2929 date
344 2899 374 2928 is
385 2899 539 2938 perhaps
550 2898 612 2930 the
623 2909 723 2930 more
735 2901 914 2939 probable.

191 2951 244 2982 39.
271 2941 435 2983 deposui]
459 2944 496 2972 at
521 2942 681 2982 Ferrara,
706 2943 796 2974 with
813 2944 918 2974 other

149 2985 414 3026 compositions,
434 2995 479 3016 on
505 2985 563 3017 his
587 2995 665 3025 way
681 2988 717 3017 to
743 2987 852 3018 Romo
877 2988 916 3018 in

148 3029 210 3059 the
230 3030 356 3069 spring
372 3029 410 3060 of
432 3038 538 3069 1509:
562 3039 617 3060 see
642 3030 729 3070 Epp.
753 3031 827 3070 283.
856 3032 916 3071 169

805 2361 885 2400 Sed
906 2363 1045 2399 tamen
1068 2373 1091 2398 a
1112 2360 1231 2398 nob1s
1251 2362 1461 2409 vtcunque
1490 2359 1752 2407 recognitum

984 2464 1056 2494 and
1078 2473 1169 2501 1227,
1189 2462 1263 2493 also
1278 2472 1301 2496 1,
1321 2472 1352 2502 p.
1374 2471 1426 2500 34.
1445 2473 1475 2501 9.
1533 2462 1588 2493 On
1611 2461 1755 2501 leaving

985 2508 1134 2538 Ferrara
1159 2507 1247 2537 Pace
1270 2506 1491 2536 distributed
1516 2515 1611 2536 some
1631 2505 1669 2535 of
1690 2504 1753 2535 the

985 2561 1112 2591 papers
1130 2553 1166 2581 to
1182 2550 1321 2580 friends
1339 2549 1396 2591 (cf.
1411 2550 1498 2590 Epp.
1511 2551 1564 2587 66,
1581 2549 1672 2588 244),
1688 2549 1754 2579 but

986 2594 1069 2625 took
1087 2595 1148 2625 the
1166 2593 1373 2624 remainder
1383 2594 1472 2624 with
1486 2594 1563 2624 him
1577 2595 1612 2623 to
1626 2593 1753 2623 Rome:

988 2637 1195 2676 ultimately
1212 2637 1354 2677 leaving
1377 2637 1478 2668 them
1495 2636 1633 2667 behind
1651 2636 1753 2666 there

987 2681 1044 2723 (cf.
1061 2682 1122 2721 Ep.
1143 2691 1236 2712 1210.
1254 2681 1386 2720 15—19).
1428 2681 1497 2712 For
1507 2680 1565 2711 his
1575 2679 1754 2719 difficulty

986 2727 1026 2756 in
1052 2726 1254 2765 recovering
1285 2725 1386 2756 them
1417 2724 1461 2756 cf.
1490 2725 1556 2764 Ep.
1591 2734 1663 2763 732.
1697 2733 1751 2761 24.

985 2769 1143 2800 Ascham
1169 2769 1249 2808 (Ep.
1268 2768 1321 2801 iii.
1346 2778 1395 2807 13,
1424 2779 1462 2799 10
1485 2768 1580 2798 June
1605 2765 1750 2809 (1550)

985 2813 1162 2843 describes
1173 2813 1450 2844 theAntibm-barc'
1459 2822 1496 2843 as
1509 2812 1610 2842 ‘olim
1620 2811 1751 2841 Romae

984 2856 1163 2887 Richardo
1180 2857 1290 2887 Paceo
1307 2858 1487 2896 surreptos
1499 2856 1517 2887 '.

1028 2910 1080 2938 47.
1103 2900 1162 2930 vbi
1181 2899 1485 2941 commigrasscm]
1503 2900 1542 2929 in
1558 2899 1646 2937 July
1659 2905 1752 2936 1517.

1029 2953 1080 2983 54.
1107 2943 1252 2975 Vallum
1284 2942 1542 2984 humanitatis]
1581 2942 1645 2973 See
1685 2941 1749 2980 Ep.

984 2987 1049 3026 830
1082 2987 1213 3018 inti-od.
1273 2987 1349 3018 The
1373 2997 1461 3027 copy
1485 2984 1673 3026 presented
1706 2985 1751 3023 by

985 3031 1103 3061 Busch
1120 3033 1155 3062 to
1171 3040 1270 3061 some
1287 3030 1408 3061 friend
1425 3033 1461 3061 at
1479 3031 1541 3060 the
1559 3026 1750 3060 Frankfort

1154 2142 1204 2180 Id
1242 2141 1460 2191 nequando
1494 2141 1624 2187 fieret,
1664 2140 1753 2190 ipse
1776 2151 1787 2159 ·

651 781 866 820 Secundus
895 780 1121 819 subornata
1150 792 1336 829 persona,
1372 779 1508 828 qualis
1542 781 1608 817 est
1639 779 1749 828 apud
1772 791 1810 823 25

1771 1334 1808 1366 35
