1990 3353
98 141 219 195 1062]
549 142 619 181 TO
658 141 922 181 LORENZO
963 142 1257 181 CAMPEGIO
1620 145 1697 183 183

95 252 344 303 Magnificat,
366 253 438 303 qui
468 253 663 291 emendat
686 252 966 302 Euangelium
996 252 1128 290 sancti
1156 252 1339 291 Ioannis.
1398 253 1556 290 Adeste
1585 266 1695 302 prae·
1715 261 1755 300 85

93 307 203 354 fecti,
226 308 451 346 succurrite
471 307 593 345 ciues.
653 307 832 345 Tantam
851 308 1014 356 pestem
1034 308 1167 344 arcete
1187 306 1311 344 rebus
1331 307 1529 345 humanis
1544 307 1567 344 '.

148 362 261 410 Quae
292 375 422 412 quum
456 362 653 400 dicuntur
683 361 791 410 apud
825 360 1428 410 impe1·itam'÷multitudinem,
1462 360 1562 410 quid
1593 360 1697 409 fingi

94 416 224 465 possit
244 416 513 455 seditiosius?
541 415 577 453 si
606 415 714 464 apud
742 414 928 453 eruditos
953 416 995 452 et
1021 414 1212 452 cordatos
1231 415 1341 454 viros
1371 415 1571 462 dicantur,
1597 415 1695 463 quid

94 471 316 509 insanius?
372 471 427 509 Et
450 472 592 507 tamen
622 468 693 518 qui
722 469 821 507 haec
851 468 1015 518 publice
1045 469 1215 516 faciunt,
1239 469 1382 507 haberi
1406 470 1558 508 volunt
1582 468 1697 508 Chri-

95 525 253 563 stianae
282 524 495 574 religionis
523 523 745 562 columina.
807 523 892 561 Nec
920 523 1076 561 interea
1104 523 1379 573 perpendunt,
1404 524 1513 574 quod
1540 523 1698 562 Christi
1716 539 1757 570 90

96 579 329 617 doctrinam
361 578 616 629 profitentes,
649 577 750 615 dum
784 577 998 616 incessunt
1031 579 1187 615 famam
1223 577 1592 625 benemeientium,
1626 579 1697 615 aut

95 635 204 672 certe
236 633 494 672 studentium
534 631 803 679 benemereri,
844 645 894 670 ex
932 631 1136 670 diametro
1176 632 1379 670 dissident
1417 633 1469 670 ab
1507 645 1554 670 eo
1587 631 1697 681 quod

95 687 356 738 profitentur.
416 687 632 725 Praeterea
662 699 746 724 non
781 687 963 736 cogitant
995 685 1167 724 interim
1200 699 1345 736 operae
1382 700 1478 726 suae
1512 687 1698 725 fructum

96 754 247 790 magna
267 755 316 780 ex
336 743 450 791 parte
469 741 612 790 perire,
638 753 734 779 cum
761 740 864 790 ipsis
892 743 985 778 tum
1010 741 1175 790 populo,
1197 741 1300 779 dum
1329 741 1444 779 hisce
1470 741 1593 779 rebus
1619 740 1699 778 sibi

95 795 223 834 fidem
241 796 440 846 abrogant
459 795 568 845 apud
596 794 814 833 auditores.
873 794 977 843 Quis
1002 795 1116 833 enim
1141 795 1281 833 credat
1310 795 1452 834 odium
1483 797 1524 834 et
1553 794 1698 833 simul·
1716 811 1755 843 95

96 852 226 889 tatem
259 863 353 900 prae
385 863 428 888 se
464 849 650 888 ferenti?
706 849 741 887 E
779 848 943 887 diuerso
980 849 1289 888 lucubrationes
1326 863 1471 888 eorum
1505 850 1576 900 qui
1613 849 1700 887 suis

95 904 252 954 vigiliis
280 907 321 943 et
349 904 498 943 studiis
532 906 573 942 et
604 917 723 942 verae
751 903 897 953 pietati
926 916 999 953 pro
1028 916 1102 942 sua
1129 904 1244 942 virili
1272 905 1488 942 consulere
1516 904 1698 950 student,

96 959 257 998 minore
289 972 385 997 cum
414 959 553 997 fructu
582 957 802 1008 leguntur:
840 958 924 996 nisi
957 958 1076 1007 parui
1110 958 1260 996 referre
1292 961 1506 1008 putamus,
1536 959 1699 1007 integro

95 1013 237 1052 animo
270 1013 425 1051 librum
457 1026 598 1051 sumas
630 1012 673 1051 in
709 1025 884 1050 manum
914 1025 966 1050 an
998 1012 1167 1051 inimica
1195 1013 1461 1063 persuasione
1489 1016 1562 1052 aut
1592 1015 1700 1051 certe

96 1068 396 1117 imaginatione
430 1069 638 1117 occupato.
696 1066 917 1105 Postremo
951 1080 1024 1116 pro
1053 1069 1211 1106 semine
1240 1067 1491 1117 Euangelico
1519 1067 1700 1118 pessima
1721 1081 1781 1103 100

96 1123 252 1161 zizania
285 1123 434 1160 seritur
467 1121 738 1160 dissidiorum
772 1122 894 1171 atque
925 1121 1033 1167 odii3
1078 1135 1181 1171 quae
1214 1122 1286 1160 vbi
1324 1123 1451 1160 semel
1483 1121 1700 1172 occupauit

96 1177 320 1216 hominum
339 1176 510 1222 animos,
532 1176 643 1214 haud
665 1175 786 1214 facile
806 1175 1035 1214 reuellitur.

153 1232 238 1270 Nec
269 1231 387 1269 facile
407 1231 499 1281 quis
529 1230 668 1269 credat
698 1243 719 1268 e
744 1230 956 1280 quantulis
981 1230 1176 1269 scintillis
1196 1230 1400 1280 paulatim
1427 1229 1699 1280 gliscentibus

98 1299 221 1336 quam
252 1286 399 1335 ingens
434 1285 674 1323 incendium
707 1297 825 1333 saepe
864 1284 976 1322 nasci
1014 1285 1154 1323 soleat.
1216 1285 1334 1323 Nihil
1372 1287 1434 1323 est
1475 1287 1615 1323 autem
1655 1285 1700 1323 in

97 1340 222 1379 rebus
241 1340 437 1378 humanis
463 1342 550 1377 tam
577 1339 729 1377 florens
748 1339 858 1388 quod
889 1352 973 1377 non
992 1342 1127 1378 vertat
1156 1339 1201 1377 in
1230 1339 1456 1389 perniciem
1485 1339 1696 1378 discordia.
1721 1354 1779 1386 105

96 1396 155 1433 At
176 1407 268 1432 eam
288 1407 497 1443 nusquam
516 1393 651 1442 magis
670 1393 845 1432 vitatam
865 1393 1046 1442 oportuit
1066 1406 1192 1443 quam
1212 1394 1257 1432 in
1278 1394 1437 1441 studiis,
1460 1395 1700 1443 praesertim

97 1449 248 1495 sacris;
279 1461 455 1498 quorum
476 1448 696 1487 autoritate
714 1448 929 1496 praecipue
954 1448 1165 1487 tumultus
1192 1448 1473 1487 humanarum
1501 1448 1699 1497 cupidita-

97 1506 190 1542 tum
228 1503 359 1541 sedari
398 1516 472 1552 par
508 1505 607 1541 erat.
667 1502 775 1550 Quid
812 1502 926 1540 enim
966 1502 1080 1540 aliud
1119 1515 1246 1552 quam
1284 1516 1426 1552 pacem
1465 1503 1594 1551 docet,
1628 1502 1700 1552 qui

97 1558 311 1597 Christum
348 1557 498 1595 docet?
565 1556 682 1605 Quod
716 1557 752 1594 si
788 1557 1011 1605 contigerit
1048 1556 1177 1594 salem
1216 1570 1304 1595 esse
1341 1557 1562 1605 insulsum,
1601 1556 1700 1607 quid

97 1612 298 1662 supererit
311 1625 394 1662 quo
407 1611 655 1650 condiantur
668 1610 859 1649 insulsa?
906 1610 951 1649 Si
970 1610 1110 1649 lucem
1123 1610 1395 1662 Euangelicae
1414 1611 1701 1662 philosophiae
1723 1626 1787 1649 110

99 1667 343 1716 cupiditates
358 1667 580 1705 obscurant
599 1665 816 1712 humanae,
841 1664 940 1714 quid
962 1667 1040 1703 erit
1060 1665 1169 1715 quod
1191 1665 1385 1705 discutiat
1412 1666 1542 1704 animi
1570 1666 1702 1704 nostri

98 1721 353 1771 caliginem?
409 1720 511 1768 Quis
547 1722 689 1758 autem
729 1719 861 1758 nescit
898 1719 1052 1758 bonam
1090 1720 1303 1770 religionis
1337 1723 1503 1760 nostrae
1540 1722 1702 1770 partem

99 1776 277 1826 pendere
304 1789 327 1813 a
349 1775 584 1814 studiorum
614 1774 809 1813 ratione?
865 1774 924 1811 At
953 1787 1065 1812 nunc
1090 1775 1196 1812 hanc
1217 1789 1379 1825 quoque
1398 1776 1507 1814 vitae
1537 1778 1701 1813 nostrae

98 1829 336 1880 paradisum
375 1829 432 1867 sic
471 1842 546 1867 suo
576 1842 736 1867 veneno
766 1827 937 1866 vitiauit
967 1831 1174 1867 veterator
1206 1829 1276 1867 ille
1312 1843 1494 1880 serpens,
1518 1832 1563 1868 vt
1595 1829 1703 1867 mihi

100 1898 182 1923 uon
220 1884 344 1934 paulo
382 1883 648 1933 prestabilius
686 1882 878 1921 videatur
911 1882 1102 1932 quemuis
1149 1884 1366 1922 hortulum
1408 1884 1541 1922 colere
1579 1896 1703 1934 quam
1725 1899 1784 1931 115

99 1939 253 1986 literas,
277 1937 470 1976 videlicet
498 1938 608 1987 cepis
636 1939 678 1975 et
706 1936 894 1975 caulibus
922 1938 1018 1986 plus
1046 1937 1238 1976 allaturis
1267 1939 1426 1977 fructus
1453 1939 1606 1977 cultori
1629 1951 1702 1976 suo

100 2006 226 2044 quam
246 1992 296 2031 ad
318 1993 533 2030 lucernam
554 1991 738 2041 vigilatis
758 1991 962 2030 noctibus.

153 2047 233 2087 Sed
254 2048 338 2085 iam
357 2047 516 2085 dudum
537 2046 827 2085 obmurmurat
848 2045 953 2083 mihi
974 2047 1073 2084 tuus
1099 2045 1278 2094 animus,
1301 2046 1506 2094 Quorsum
1534 2048 1703 2086 tandem

143 2151 195 2189 85.
222 2149 355 2180 Adeste
375 2174 380 2180 .
402 2172 433 2180 ..
453 2149 506 2179 86.
531 2148 701 2179 humanis
717 2149 758 2182 B:
784 2148 989 2179 Succurrite
1014 2149 1120 2188 ciues,
1146 2148 1267 2180 adeste
1291 2149 1463 2189 praefecti
1488 2165 1516 2182 α.
1651 2150 1704 2188 87.

100 2203 212 2233 quum
228 2193 402 2224 dicuntur
419 2194 441 2227 β
456 2204 462 2223 z
488 2193 517 2223 si
535 2192 704 2223 dicantur
719 2204 748 2223 α.
839 2192 927 2232 quid
947 2193 1033 2232 fingi
1050 2194 1163 2232 possit
1179 2194 1221 2227 B:
1248 2193 1342 2224 nihil
1359 2205 1390 2225 α.
1508 2194 1561 2225 88.
1587 2193 1706 2224 erudi-

102 2240 156 2268 tos
172 2239 208 2268 et
224 2239 246 2271 β
261 2249 267 2268 ;
293 2237 414 2267 doctos
430 2246 469 2266 ac
486 2248 517 2268 a.
631 2236 802 2266 dicantur
818 2236 907 2276 quid
923 2238 945 2270 β
960 2249 966 2268 :
992 2236 1087 2267 nihil
1102 2248 1132 2267 α.
1283 2238 1336 2276 89.
1363 2238 1425 2277 qui
1443 2237 1528 2268 haec
1545 2239 1567 2271 β
1586 2248 1593 2268 :
1617 2237 1703 2268 haec

101 2282 162 2320 qui
179 2293 210 2311 α.
363 2290 418 2320 90.
442 2281 584 2311 interea
600 2281 622 2314 β
638 2291 644 2309 :
670 2280 821 2310 interim
839 2292 870 2310 α.
996 2280 1133 2310 Christi
1151 2280 1352 2312 doctrinam
1370 2281 1579 2321 profitentes
1595 2291 1653 2312 om.
1671 2293 1701 2312 a.

100 2335 152 2364 91.
171 2326 233 2356 aut
250 2326 345 2355 certe
363 2324 590 2355 studentium
608 2323 829 2354 benemereri
851 2334 911 2355 om.
935 2335 965 2354 α.
1057 2334 1111 2363 92.
1136 2325 1180 2354 ab
1204 2334 1243 2355 eo
1261 2347 1268 2355 .
1289 2349 1296 2355 .
1317 2349 1324 2355 .
1340 2334 1395 2364 95.
1419 2325 1602 2356 auditores
1617 2326 1660 2359 B:
1684 2335 1704 2355 a

101 2368 265 2399 doctrina
281 2368 418 2399 Christi
434 2377 542 2407 quam
559 2368 785 2407 profitentur,
799 2369 834 2398 et
852 2368 982 2398 bonam
996 2368 1132 2398 fructus
1146 2370 1285 2407 partem
1300 2368 1465 2408 perdunt,
1481 2369 1549 2399 sibi
1563 2378 1704 2408 quoque

102 2412 209 2443 fidem
234 2412 444 2451 abrogantes
467 2410 561 2451 apud
585 2410 758 2450 populum
783 2422 814 2441 α.
959 2421 1013 2450 95.
1039 2413 1074 2442 et
1097 2411 1321 2442 simultatem
1345 2422 1403 2442 om.
1430 2424 1460 2444 α.
1595 2413 1648 2452 96.
1675 2413 1704 2444 Ε

102 2455 244 2487 diuerso
255 2480 262 2487 .
273 2477 282 2487 .
297 2478 306 2487 .
322 2465 392 2486 100.
408 2455 592 2486 Postremo
603 2455 625 2488 β
639 2465 646 2485 ;
664 2456 772 2493 atque
784 2466 814 2485 α.
910 2464 981 2485 100.
993 2456 1145 2495 pessima
1157 2456 1294 2486 zizania
1307 2456 1440 2486 seritur
1452 2457 1475 2490 β
1488 2467 1494 2487 :
1514 2457 1705 2495 pessimam

102 2502 229 2530 serunt
244 2499 419 2530 zizaniam
436 2510 467 2530 a.
584 2507 655 2529 102.
682 2498 833 2537 animos,
856 2498 951 2529 haud
968 2500 990 2533 β
1007 2511 1013 2529 ;
1038 2499 1169 2537 studia,
1187 2508 1259 2529 non
1277 2511 1306 2530 α.
1416 2509 1487 2538 103.
1514 2500 1585 2530 Nec
1603 2500 1704 2530 facile

103 2567 110 2573 .
127 2566 135 2574 .
156 2568 163 2574 .
180 2553 251 2582 104.
271 2543 383 2574 soleat
394 2553 453 2573 om.
472 2554 502 2572 o..
598 2551 670 2579 104.
690 2543 811 2572 autem
823 2552 879 2572 om.
892 2554 923 2574 α.
1020 2543 1089 2573 106.
1109 2567 1116 2573 .
1128 2544 1178 2573 At
1189 2552 1267 2573 eam
1281 2544 1303 2577 β
1320 2554 1327 2573 :
1351 2566 1359 2583 ,
1375 2553 1483 2582 quam
1493 2555 1524 2575 α.
1616 2545 1706 2574 vita-

104 2589 178 2617 tam
195 2587 237 2621 B:
264 2588 442 2618 seruatam
454 2597 484 2617 α.
668 2595 738 2624 107.
756 2595 910 2624 quorum
929 2609 937 2616 .
957 2609 964 2616 .
982 2610 990 2617 .
1014 2587 1086 2617 118.
1103 2586 1170 2617 sed
1189 2588 1231 2620 B:
1257 2587 1351 2617 vnde
1369 2588 1500 2626 pendet
1515 2588 1605 2618 bena
1623 2597 1705 2627 pars

103 2630 328 2661 Christianae
353 2629 580 2669 reipublicae.
628 2629 676 2659 At
694 2638 792 2659 nunc
808 2629 973 2660 videmus
999 2640 1070 2660 reni
1096 2630 1353 2669 propemodum
1372 2632 1411 2662 in
1428 2631 1561 2661 rabiem
1579 2632 1702 2669 exisse,

103 2676 141 2704 vt
165 2675 195 2704 si
220 2673 264 2704 ad
289 2674 386 2704 hunc
410 2674 579 2713 pergatur
601 2673 759 2710 modum,
783 2674 1035 2712 praestabilius
1051 2674 1216 2704 videatur
1239 2673 1397 2704 ortulum
1424 2675 1574 2705 coluisse
1597 2684 1705 2713 quam

102 2717 237 2748 literas,
284 2717 363 2748 Scio
380 2728 411 2747 α.
549 2715 620 2746 118.
641 2718 725 2747 tuus
742 2716 886 2746 animus
903 2741 910 2747 .
931 2738 940 2747 .
960 2740 967 2747 .
992 2726 1062 2755 119.
1083 2717 1261 2748 Videlicet
1278 2719 1320 2751 B:
1345 2718 1384 2748 T.
1398 2718 1436 2748 R.
1451 2718 1492 2748 D.
1511 2718 1603 2757 Quid
1619 2718 1706 2749 haec

103 2760 148 2791 ad
166 2771 222 2792 ine
235 2762 251 2792 ⁶?
275 2763 337 2791 aut
350 2759 437 2799 quid
450 2758 494 2791 ad
512 2758 760 2799 paraphrasim
772 2761 788 2790 ἱ)
814 2760 995 2790 Nimirum
1014 2772 1045 2791 α.

145 2861 197 2899 85.
227 2858 450 2901 Magnificat]
469 2859 522 2891 Cf.
543 2859 606 2899 Ep.
624 2860 699 2898 948.
718 2870 771 2899 97,
796 2860 866 2898 108,
941 2859 1052 2890 found
1071 2860 1108 2889 in
1129 2859 1176 2890 all
1195 2860 1257 2890 the
1274 2861 1482 2891 anthei-ized
1499 2860 1667 2891 editions.

107 2913 177 2944 115.
987 2912 1056 2940 1¹5-
1093 2903 1295 2945 hortulum]
1349 2905 1422 2935 'rhe
1475 2903 1706 2943 unaspirated

193 2946 452 2988 Euangelium]
470 2946 522 2978 cf.
543 2946 609 2987 Ep.
628 2956 711 2985 ¹072
729 2946 863 2978 introd.
937 2947 1029 2977 form
1048 2947 1077 2976 is
1103 2947 1212 2977 round
1238 2949 1275 2978 in
1300 2959 1330 2978 α.
1370 2949 1422 2979 Cf.
1442 2948 1506 2987 Ep.
1532 2957 1606 2986 270.
1628 2950 1705 2977 1611.

151 3000 225 3030 109.
251 2989 446 3031 insulsum]
463 2990 515 3022 Cf.
534 2989 635 3020 Mark
652 3000 682 3028 9.
700 2999 753 3029 5ο.
936 2990 1054 3021 where
1074 2990 1136 3021 the
1158 2991 1312 3030 aspirato
1329 2992 1359 3022 is
1375 2993 1438 3022 not
1460 2990 1618 3022 inserted
1642 3000 1708 3021 un-

152 3044 223 3073 113·
248 3034 357 3075 hanc]
375 3033 463 3065 This
489 3033 645 3064 unusual
676 3033 810 3073 gender
835 3034 865 3063 is
937 3034 980 3064 til
1000 3033 1040 3065 N.
