1990 3353
113 113 234 168 1164]
1634 118 1711 155 391

470 197 594 238 1164.
655 196 721 237 To
751 195 1024 238 GODEsCALc
1057 195 1353 237 ROSEMONDT.

1369 295 1599 342 <Louvain.>

1282 353 1518 399 <December
1539 354 1664 401 1520.)

156 296 349 343 Epistolae
367 298 415 333 ad
433 297 598 334 diuersos
616 308 652 342 p.
673 307 754 342 490.

155 355 246 392 HN:
274 356 389 392 Lond.
409 356 473 392 xii.
499 358 566 392 18:
594 355 667 390 LB.
691 365 771 400 491.

152 447 394 489 [Subsequent
418 450 454 479 to
477 447 659 479 Erasmus’
676 447 764 478 visit
788 448 824 477 to
848 445 1004 485 Cologne
1028 443 1066 484 (l.
1086 444 1143 484 40)
1162 444 1233 476 and
1252 448 1289 476 to
1308 445 1358 477 St.
1377 445 1602 476 Catherine's
1623 445 1715 485 day:

107 491 279 532 probably
297 492 473 523 therefore
491 493 599 522 about
618 491 679 522 the
697 500 793 522 same
810 490 893 521 date
909 498 947 520 as
965 489 1028 528 Ep.
1050 488 1163 529 1165]

171 591 380 621 ERASMVS
421 590 590 620 EXIMIO
632 588 872 619 THEOLOGO
914 588 957 618 D.
1000 586 1298 618 GODSCHALCO
1340 588 1646 626 ROSEMONDIQ

214 658 442 689 INCLYTAE
474 656 818 688 LOVANIENSIVM
851 655 1126 686 AOADEMIAE
1156 655 1468 695 MODERATORI,
1503 656 1535 685 S.
1557 657 1598 686 D.

163 750 342 788 Ierrvs
371 752 412 788 te
441 750 566 788 toties
595 749 817 799 interpello
846 749 951 788 meis
979 749 1139 788 literis:
1171 751 1242 788 sed
1273 750 1350 788 hoc
1379 752 1521 789 tamen
1551 751 1716 801 vtrique

107 806 297 842 nostrum
318 807 381 843 est
401 804 672 843 commodius.
734 803 999 842 Conticuerat
1019 804 1070 842 ad
1091 807 1259 854 tempus
1279 803 1484 853 Phi-ysius
1504 805 1576 843 ille
1596 805 1715 843 Prae-

107 858 274 906 dicator,
311 858 474 908 pridem
514 859 670 897 Moriae
708 860 874 897 nostrae
912 858 1132 908 interpres,
1172 872 1282 897 nunc
1321 859 1711 906 Antibarbarorum,

106 912 236 951 nullis
276 913 475 951 conuiciis
514 926 598 951 non
633 913 886 952 debacchans
920 913 963 951 in
997 926 1151 952 nomen
1184 927 1230 952 ac
1261 914 1418 952 famam
1453 927 1601 952 meam.
1662 913 1716 952 Et

106 969 223 1017 putat
261 980 303 1005 se
343 969 453 1006 recte
490 968 631 1015 facere,
668 968 735 1006 vel
769 968 847 1006 1100
880 971 1136 1017 argumento,
1173 968 1283 1018 quod
1322 968 1367 1006 in
1405 969 1573 1017 scriptis
1612 968 1716 1006 meis

107 1022 333 1060 monachos
362 1022 585 1071 attigerim,
611 1035 849 1072 quanquam
874 1022 1028 1072 vbique
1057 1022 1269 1061 abstinens
1297 1023 1349 1061 ab
1378 1023 1586 1061 atrocibus
1616 1022 1713 1069 illis,

105 1089 265 1126 —quae
293 1079 435 1114 tamen
465 1077 546 1115 heu
576 1076 758 1115 nimium
788 1077 1035 1127 frequenter,
1068 1079 1192 1127 atque
1215 1078 1379 1115 vtinam
1406 1077 1521 1125 falso,
1555 1078 1604 1115 de
1632 1077 1716 1115 illis

107 1133 248 1169 narrat
276 1131 440 1181 vulgus,
470 1144 602 1180 nuper
629 1132 755 1169 etiam
784 1131 829 1169 in
858 1131 1068 1181 frequenti
1095 1132 1288 1170 conuiuio
1315 1131 1431 1170 Card.
1461 1131 1717 1170 Sedunensis

105 1197 407 1235 —semperque
438 1185 680 1224 nominibus
711 1198 884 1236 parcens
905 1190 1028 1236 atque
1049 1187 1175 1224 etiam
1206 1185 1435 1224 ordinibus.
1497 1186 1589 1224 Nisi
1610 1186 1714 1224 forte

106 1240 241 1277 totum
281 1239 468 1278 ordinem
505 1240 845 1278 Praedicatorum
880 1240 963 1277 ledi
1001 1242 1164 1289 putant,
1206 1241 1241 1278 si
1275 1241 1368 1291 quis
1402 1243 1598 1291 queratur
1636 1240 1715 1278 sibi

107 1307 130 1331 a
150 1293 435 1332 Praedicatore
461 1294 658 1344 quopiam
687 1295 840 1333 factam
868 1294 1078 1333 iniuriam.
1138 1294 1427 1345 Hieronymus
1457 1308 1597 1333 nonne
1626 1308 1713 1333 mo-

106 1348 336 1386 nachorum
368 1352 407 1386 et
437 1348 734 1387 monacharum
764 1349 871 1387 vicia
899 1348 1087 1399 depingit
1118 1350 1206 1398 ipse
1236 1350 1499 1388 monachus?
1556 1350 1601 1388 Si
1631 1363 1715 1388 11011

106 1405 170 1455 051
187 1402 248 1440 fas
268 1402 354 1440 vllo
375 1406 494 1452 pacto
513 1404 719 1453 attingere
741 1403 1041 1442 monachorum
1056 1404 1175 1454 vicia,
1190 1417 1244 1441 ne
1263 1404 1522 1442 sacerdotum
1545 1404 1715 1454 quidem

107 1458 178 1495 aut
217 1456 449 1495 aulicorum
489 1456 642 1495 licebit.
703 1457 784 1496 Sed
818 1458 861 1495 in
904 1459 978 1496 1105
1015 1457 1086 1496 isti
1118 1458 1234 1496 velut
1269 1472 1290 1498 e
1329 1459 1526 1508 plaustris
1564 1471 1716 1508 magna

105 1511 274 1549 licentia
294 1511 510 1549 vociferari
538 1512 684 1550 solent.
746 1512 799 1550 In
826 1511 1120 1550 Antibarbaris
1140 1513 1237 1562 quid
1264 1512 1376 1550 aliud
1409 1513 1493 1551 illis
1520 1512 1716 1563 impingit

106 1564 268 1612 Battus,
307 1579 430 1615 quem
465 1566 569 1604 facio
604 1566 854 1616 loquentem,
892 1567 975 1605 nisi
1014 1567 1158 1605 odium
1197 1567 1405 1616 politioris
1443 1567 1717 1605 literaturae?

106 1621 177 1658 An
208 1633 292 1658 non
321 1621 399 1658 hoc
427 1621 509 1670 ipsi
529 1621 596 1658 vel
627 1634 692 1658 me
722 1623 886 1659 tacente
913 1620 1133 1666 declarant,
1157 1621 1311 1671 vbique
1338 1624 1425 1660 tam
1454 1622 1592 1660 odiose
1622 1634 1716 1659 0011-

106 1674 320 1713 cionantes
339 1675 382 1712 in
411 1675 576 1724 linguas
602 1688 647 1713 ac
675 1675 804 1714 bonas
834 1675 1010 1714 literas?
1039 1676 1223 1714 multum
1251 1676 1316 1714 hic
1338 1678 1446 1714 certe
1466 1676 1715 1714 dissidentes

106 1742 130 1766 a
149 1742 317 1767 summo
337 1728 555 1777 Pontifice,
581 1730 653 1779 qui
672 1730 717 1768 in
737 1729 824 1768 suis
844 1730 893 1768 ad
915 1743 981 1768 me
1002 1730 1211 1768 Breuibus
1232 1731 1289 1768 ait
1309 1744 1376 1768 eas
1397 1734 1437 1769 et
1459 1731 1540 1769 dici
1560 1733 1600 1769 et
1628 1744 1715 1768 esse

106 1783 248 1831 bonas,
272 1784 457 1822 multum
486 1797 509 1822 a
539 1784 708 1834 Synodo
737 1785 927 1834 proxima
957 1783 1239 1833 Lateranensi,
1264 1799 1368 1835 quae
1396 1787 1506 1823 totos
1535 1786 1717 1835 quinque

106 1850 237 1876 annos
257 1838 405 1876 tribuit
425 1838 492 1876 his
512 1838 663 1877 studiis
680 1855 688 1887 ;
719 1852 794 1877 nec
814 1841 909 1889 post
928 1839 1152 1888 interdicit,
1171 1840 1208 1878 si
1228 1840 1350 1878 modo
1371 1839 1568 1878 nonnihil
1588 1839 1718 1878 studii

106 1892 310 1941 grauioris
331 1892 619 1931 admisceatur.

162 1946 253 1985 Iam
285 1960 380 1985 cum
410 1948 588 1986 fateatur
617 1960 659 1985 se
688 1948 780 1986 ideo
809 1947 989 1986 lacerare
1016 1961 1083 1986 me
1105 1948 1211 1998 quod
1238 1949 1448 1998 attigerim
1475 1948 1712 1994 monachos,

106 2013 246 2039 nonne
285 2000 421 2050 palam
461 2001 639 2040 declarat
676 2003 818 2041 animo
852 2002 1095 2041 vindicandi
1134 2016 1222 2041 sese
1261 2003 1337 2041 hoc
1376 2004 1540 2041 facere?
1610 2003 1716 2050 Quid

106 2057 246 2093 autem
267 2056 431 2105 turpius
451 2069 576 2106 quam
600 2057 649 2095 ad
672 2056 876 2095 vltionem
904 2057 1021 2095 abuti
1048 2058 1216 2107 templo,
1240 2057 1356 2095 abuti
1383 2059 1578 2106 suggestu
1605 2070 1717 2106 prae-

150 2155 212 2177 TIT.
232 2156 388 2177 ERAsnivs
404 2149 479 2177 add.
498 2149 537 2178 N.
630 2156 756 2178 Exmno
771 2157 952 2178 THEOLOGO
970 2157 1002 2179 D.
1021 2158 1079 2178 om.
1098 2150 1141 2178 H.
1212 2157 1417 2179 Rosmxoano
1432 2151 1468 2178 N.
1550 2158 1718 2179 memmi:

106 2199 165 2220 om.
182 2191 222 2221 N.
385 2200 434 2222 10.
462 2190 750 2230 praedicatorum
769 2194 818 2222 F:
842 2192 1155 2222 dominicanorum
1174 2194 1218 2223 H.
1343 2194 1517 2231 queratur
1531 2195 1587 2223 H:
1612 2202 1718 2231 quae-

106 2235 207 2264 ratur
222 2236 257 2264 F.
414 2244 463 2266 11.
490 2234 736 2274 praedicatore
753 2237 799 2265 F:
825 2235 1054 2266 dominicano
1071 2238 1115 2266 H.
1264 2245 1316 2274 25.
1344 2239 1506 2275 suggesto
1523 2239 1575 2267 H:
1600 2239 1638 2272 cf.
1656 2238 1715 2274 Ep.

109 2279 204 2308 1062.
223 2278 303 2308 8011.

151 2393 182 2413 2.
206 2381 396 2423 Phi-ysius]
415 2382 478 2413 See
496 2383 558 2422 Ep.
582 2383 677 2413 1166.
696 2382 776 2413 2611.
1035 2382 1283 2424 Lateranensi]
1310 2383 1359 2414 At
1400 2384 1447 2414 its
1484 2383 1609 2422 eighth
1649 2392 1717 2413 ses-

150 2436 181 2465 3.
208 2426 551 2468 Antibarbarorum]
568 2426 631 2457 See
650 2427 712 2466 Ep.
738 2435 770 2456 11
783 2436 831 2457 10.

150 2470 181 2500 6.
219 2469 412 2500 monachos
460 2470 659 2511 attigerim]
712 2470 763 2501 Cf.
812 2469 876 2509 Ep.

110 2514 204 2545 1162.
227 2514 325 2552 198n.

194 2557 373 2588 atrocibus
390 2556 480 2598 illis]
500 2557 552 2588 Cf.
572 2557 636 2597 Ep.
659 2566 751 2595 1141.
774 2566 850 2588 1011.

150 2601 180 2632 8.
208 2600 444 2642 Sedunensis]
478 2600 530 2632 Cf.
575 2601 638 2640 Ep.
684 2610 777 2640 1155.
823 2610 876 2631 1n.

106 2645 181 2675 The
193 2644 332 2683 subject
342 2644 379 2674 of
388 2644 446 2674 his
458 2645 761 2676 communication
771 2645 878 2675 about

108 2688 171 2719 the
208 2687 445 2718 Dominicans
491 2689 521 2719 is
566 2688 754 2726 evidently
796 2689 875 2718 that

108 2731 317 2762 mentioned
352 2731 391 2762 in
431 2732 494 2771 Ep.
525 2742 600 2770 447.
641 2733 819 2771 596-600:
858 2741 877 2761 a

108 2784 251 2815 passage
267 2774 387 2806 which
401 2778 497 2806 must
515 2775 691 2806 therefore
709 2776 750 2806 be
767 2775 876 2806 taken

108 2829 145 2850 as
162 2829 182 2849 a
199 2819 289 2849 later
312 2819 500 2856 insertion,
519 2818 622 2849 made
644 2823 678 2850 at
704 2819 767 2849 the
788 2820 877 2850 time

107 2863 146 2893 of
159 2863 336 2902 printing.

156 2907 203 2937 16.
233 2905 377 2947 Battus]
397 2905 450 2936 Cf.
470 2905 558 2945 Epp.
577 2915 618 2945 35
637 2906 787 2945 intr0d.,
803 2908 876 2945 706.

107 2959 148 2988 37
166 2960 237 2989 seq.

153 3003 207 3025 20.
234 2992 357 3034 bonas]
376 2993 427 3024 Cf.
449 2993 536 3032 Epp.
556 2993 630 3032 338.
648 2994 699 3032 36,
720 3003 794 3032 339.
811 3003 842 3033 3.

946 2426 1037 2464 sion,
1068 2437 1106 2465 19
1140 2426 1222 2457 Dec.
1260 2436 1351 2466 1513,
1381 2428 1410 2457 it
1443 2427 1616 2457 ordained
1648 2432 1717 2456 ‘ne

947 2470 1139 2509 quisquam
1157 2470 1200 2500 de
1217 2472 1334 2501 cetero
1352 2470 1389 2501 in
1406 2472 1515 2501 sacris
1530 2471 1718 2501 ordinibus

947 2514 1166 2544 constitutus
1183 2537 1190 2545 .
1216 2536 1223 2543 .
1249 2538 1255 2544 .
1284 2515 1321 2544 in
1341 2515 1474 2545 studiis
1490 2514 1719 2553 generalibus

946 2558 1001 2588 vel
1018 2557 1103 2588 alibi
1122 2557 1263 2597 publice
1276 2558 1456 2589 audiendo
1469 2559 1718 2598 philosophiae

946 2603 1008 2632 aut
1025 2603 1139 2641 poesis
1155 2601 1287 2632 studiis
1308 2601 1402 2632 vltra
1425 2603 1716 2641 quinquennium

946 2647 1024 2684 post
1042 2646 1314 2685 grammaticam
1339 2655 1378 2676 ac
1397 2645 1621 2677 dialecticam
1639 2646 1718 2676 sine

946 2688 1066 2727 aliquo
1080 2689 1198 2719 studio
1212 2688 1410 2728 theologiae
1424 2692 1486 2720 aut
1501 2690 1588 2720 iuris¹
1602 2691 1717 2729 ponti-

947 2733 1018 2762 ficii
1054 2733 1248 2763 incumbat.
1309 2733 1440 2764 Verum
1472 2733 1567 2763 dicto
1595 2737 1715 2763 exacte

946 2776 1208 2815 quinquennio,
1237 2776 1266 2806 si
1296 2777 1371 2807 illis
1394 2777 1525 2807 studiis
1550 2777 1717 2807 insudare

947 2820 1112 2859 voluerit,
1145 2820 1297 2850 liberum
1329 2821 1377 2851 sit
1408 2822 1450 2858 ei,
1477 2821 1563 2851 dum
1595 2822 1716 2850 tamen

946 2863 1053 2893 simul
1080 2865 1141 2893 aut
1164 2873 1324 2894 5001511111
1347 2867 1408 2895 aut
1433 2864 1631 2903 theologiae
1655 2866 1717 2893 aut

946 2908 1055 2937 sacris
1086 2908 1282 2937 canonibus
1314 2918 1455 2947 operam
1482 2907 1716 2938 nauaucrit':

946 2960 1002 2980 500
1017 2950 1050 2980 J.
1069 2951 1110 2982 D.
1126 2950 1252 2987 Mansi,
1267 2954 1471 2982 Cone-iliorum
1487 2962 1569 2981 'mma
1581 2953 1716 2988 adlectio,

946 2995 1043 3024 xxxii
1063 2997 1192 3033 (1002),
1209 2996 1284 3034 843.

1738 1256 1778 1279 10

1739 1798 1779 1819 20
