1990 3353
61 167 75 193 1
85 152 183 208 067]
458 155 612 194 FROM
649 155 677 194 J
679 154 833 194 AMES
871 155 1257 195 WIMPFELING
1582 156 1659 195 191

60 275 144 305 1904
162 264 262 305 (EE).
312 265 386 296 The
404 265 626 304 manuscript
644 264 725 295 date
741 273 826 304 may
843 265 885 295 be
901 263 1079 304 accepted,
1095 264 1135 294 in
1151 264 1214 295 the
1228 265 1378 296 absence
1396 264 1434 296 of
1448 274 1520 304 any
1536 274 1661 296 reason

54 311 93 340 to
110 308 222 340 doubt
238 309 278 340 it.
327 308 415 338 This
430 307 539 339 letter
554 309 584 338 is
599 307 747 339 alluded
763 309 801 339 to
817 308 856 338 in
873 308 936 347 Ep.
956 317 1048 347 1075.
1346 315 1349 319 ¹

99 352 174 383 The
189 352 258 383 last
274 354 370 383 trace
387 352 504 382 before
521 352 596 382 this
613 351 651 382 of
663 351 931 391 wimpfeling’s
948 351 1248 391 correspondence
1264 352 1355 382 with
1379 352 1549 383 Erasmus
1570 352 1601 382 is
1620 352 1660 382 in

59 405 142 436 1517
162 396 242 437 (Ep.
259 396 331 428 612.
356 394 449 435 10n).
502 395 558 426 He
575 395 665 426 then
682 395 892 426 considered
908 395 1153 435 himselfvery
1171 395 1240 435 old,
1256 396 1320 426 but
1333 405 1424 426 even
1437 405 1517 426 now
1531 395 1576 426 he
1588 405 1662 426 was

56 440 213 478 scarcely
229 449 271 478 70
296 439 355 479 (cf.
383 439 444 479 Ep.
474 448 568 478 1025.
599 437 693 479 16n).
741 439 848 469 Since
874 448 956 478 1515
978 439 1024 470 he
1047 439 1119 469 had
1142 440 1233 469 been
1257 439 1374 479 living
1396 440 1436 469 in
1459 440 1517 470 his
1540 440 1662 470 native

9 518 16 524 ,
55 482 293 514 Schlettstadt
308 493 316 521 ;
338 483 401 513 the
418 492 518 522 years
533 482 606 513 had
622 482 716 513 done
733 482 828 513 little
841 484 878 513 to
890 483 966 513 cool
978 482 1037 514 his
1048 483 1243 523 impulsive
1254 485 1527 523 temperament,
1540 482 1662 514 which

58 536 132 557 was
149 527 225 558 still
242 526 375 558 unable
392 529 428 558 to
443 526 554 557 brook
570 527 786 567 gainsaying
803 526 861 567 (cf.
881 526 903 557 l.
919 525 1013 568 3n).]

112 628 152 667 S.
171 629 220 668 D.
239 628 286 667 P.
321 627 429 678 Opto
455 627 711 666 Herasmum
740 640 881 666 meum
911 628 997 666 fore
1022 626 1268 677 longeuum‚
1296 630 1343 666 vt
1369 640 1499 666 nouos
1528 627 1663 666 indies

56 683 167 722 fetus
193 682 328 732 pariat
351 685 392 720 et
419 684 591 729 veteres,
619 682 682 721 vti
705 681 823 730 solet,
853 684 1026 732 augeat;
1060 681 1213 731 quibus
1242 682 1450 732 meipsum
1479 682 1590 721 soler
1617 682 1662 720 in

54 737 253 785 aduersis,
275 750 354 786 que
373 736 425 775 ab
444 737 503 775 eis
527 736 679 786 quibus
705 749 867 786 semper
893 737 998 776 bene
1017 736 1144 783 volui,
1171 749 1390 786 perpessus
1415 749 1522 775 sum.
1583 736 1663 775 Sed

55 791 132 831 hec
157 793 221 830 est
249 791 399 830 mundi
427 790 553 830 huius
575 790 881 830 remuneratio:
913 791 1030 830 cuius
1055 793 1243 841 pertesus
1268 804 1374 839 sum,
1401 803 1570 840 sperans
1596 805 1664 830 me

55 846 295 896 propediem
315 859 364 884 ex
391 845 457 884 his
485 845 676 895 procellis
700 846 752 884 ad
774 847 943 894 portum
967 845 1120 896 quietis
1140 845 1237 884 Iesu
1263 846 1366 884 duce
1388 857 1659 885 emersurum.
1683 860 1700 891 5

56 901 120 939 Tu
153 900 245 939 vale
276 900 552 948 foelicissime‚
589 900 760 939 vnicum
797 899 994 939 solatium
1033 913 1202 948 meum;
1244 913 1340 950 sepe
1372 901 1485 940 enim
1518 912 1585 938 me
1617 899 1663 938 in

56 954 301 993 Enchiridio
320 956 391 993 tuo
411 956 450 993 et
471 954 729 1004 Compendio
748 954 1007 993 iucunditate
1026 954 1165 994 afficis.

110 1009 175 1048 Ex
195 1008 484 1049 Schletstadio.
544 1009 646 1048 Esto
666 1009 774 1047 mihi
794 1011 863 1047 An
885 1022 952 1048 xx.

509 1063 604 1102 Tibi
634 1063 922 1102 deditissimus
951 1063 1127 1103 Iacobus
1147 1063 1472 1114 Vimphelingus
1521 1065 1662 1105 Sletst.

114 1117 296 1157 Domino
326 1117 542 1156 Desiderio
572 1118 778 1157 Herasmo
807 1118 1098 1166 Roterodamo,
1122 1131 1288 1157 summo
1314 1119 1520 1170 theologie
1547 1119 1662 1160 Chri-
1686 1133 1724 1155 10

59 1172 196 1212 stiane
215 1172 449 1223 professori,
473 1173 703 1223 preceptori
723 1173 914 1211 omnium
935 1173 1322 1212 obseruandissimo.

554 1427 679 1468 1068.
741 1426 806 1469 To
835 1426 961 1469 JOHN
993 1427 1182 1470 FISHER.

105 1550 296 1597 Epistolae
314 1550 361 1585 ad
381 1551 546 1586 diuersos
564 1564 599 1596 p.
618 1561 699 1596 494.
1346 1554 1521 1590 Louvain.

104 1609 197 1645 HN:
223 1609 339 1644 Lond.
358 1608 422 1644 xii.
442 1619 509 1653 24:
534 1608 608 1645 LB.
627 1611 707 1654 389.
1237 1622 1277 1647 21
1303 1612 1494 1659 February
1518 1613 1618 1661 15}ss-

104 1713 291 1755 [Between
316 1712 380 1744 the
408 1712 631 1753 publication
658 1713 696 1744 of
724 1712 880 1744 Fisher's
911 1714 1041 1745 second
1067 1715 1186 1746 attack
1217 1726 1262 1746 on
1296 1717 1410 1748 Faber
1441 1717 1666 1758 Stapulensis

61 1757 99 1799 (l.
119 1757 182 1798 5n)
199 1757 273 1788 and
290 1756 352 1788 the
368 1766 588 1797 appearance
605 1756 644 1788 of
657 1756 757 1787 Lee’s
774 1757 863 1788 book
881 1757 959 1798 (Ep.
979 1767 1061 1798 1037
1080 1758 1244 1799 introd.).

105 1803 151 1833 In
176 1801 200 1832 1.
218 1810 238 1840 3
264 1801 436 1832 Erasmus
462 1799 586 1841 speaks
614 1800 652 1831 of
675 1800 779 1832 three
804 1801 927 1832 letters
956 1803 1119 1842 recently
1142 1804 1307 1834 received
1332 1804 1423 1835 from
1452 1805 1588 1845 Fisher,
1615 1807 1665 1837 all

58 1846 213 1885 perhaps
228 1845 446 1883 subsequent
458 1847 493 1875 to
504 1845 568 1884 Ep.
587 1854 680 1884 1030.
730 1844 833 1875 None
846 1845 884 1875 of
899 1845 998 1877 these
1015 1846 1080 1877 has
1096 1847 1266 1878 survived
1283 1858 1290 1886 ;
1315 1848 1379 1879 but
1397 1858 1493 1880 some
1510 1851 1665 1881 extracts

61 1899 120 1920 are
137 1888 328 1929 preserved
345 1889 384 1918 in
400 1888 464 1919 the
479 1890 634 1927 Apologia
650 1898 713 1926 qua
727 1891 895 1925 respondet.

106 1943 132 1964 1.
160 1932 216 1974 [f0.
243 1932 268 1964 C
296 1933 330 1962 r⁰
363 1932 436 1962 and
459 1934 498 1962 v⁰
513 1943 522 1970 ;
556 1932 677 1963 Jortin
703 1932 742 1965 ii.
771 1931 889 1973 504‚5]
930 1933 1156 1972 ‘Antequam
1185 1934 1228 1965 de
1256 1935 1452 1966 Parisiensi
1484 1937 1665 1968 aeditione

60 1977 258 2015 rescissem,
271 1975 434 2006 redditae
452 1977 538 2006 sunt
553 1976 646 2007 mihi
662 1976 806 2007 litterae
823 1986 843 2007 a
860 1977 898 2007 R.
915 1978 1017 2017 patre
1034 1978 1206 2017 Episcopo
1221 1979 1390 2019 Roffensi,
1404 1981 1534 2019 quibus
1550 1983 1667 2021 aperit

59 2022 117 2051 vir
133 2020 289 2061 optimus
305 2019 464 2059 prudens
480 2020 628 2058 quidem
652 2021 687 2050 et
708 2021 868 2050 amicum
891 2020 1094 2060 consilium,
1113 2023 1220 2060 atque
1241 2023 1351 2053 etiam
1374 2024 1614 2064 salutiferum,
1635 2026 1666 2056 si

59 2066 98 2095 in
123 2067 282 2103 tempore
305 2063 431 2094 fuisset
455 2063 591 2095 datum.
639 2063 685 2094 Et
706 2064 801 2103 quod
823 2064 867 2095 ad
889 2074 946 2095 me
969 2075 1054 2096 sane
1073 2065 1288 2105 pertinebat,
1309 2067 1348 2097 in
1365 2069 1523 2108 tempore
1540 2069 1665 2099 datum

59 2110 156 2139 erat:
172 2107 243 2139 nisi
256 2107 399 2138 litterae
412 2107 512 2138 illius
523 2107 662 2138 diutius
672 2107 851 2138 hesissent
861 2108 899 2138 in
913 2109 1078 2139 manibus
1090 2111 1367 2149 negociatorum.
1402 2111 1445 2142 Id
1456 2114 1531 2142 erat
1544 2112 1666 2143 huius-

61 2151 180 2183 modi:
207 2151 291 2181 “Ne
309 2151 443 2190 periret
459 2151 597 2182 fructus
618 2152 689 2182 mei
713 2152 854 2189 laboris,
875 2162 944 2191 quo
967 2153 1012 2183 de
1032 2152 1239 2184 Christiana
1262 2154 1418 2185 Ecclesia
1442 2155 1608 2195 optime„
1626 2159 1665 2188 vt

59 2196 177 2226 aiebat
193 2194 257 2225 ille
276 2195 461 2225 “meritus
484 2204 621 2226 essem:
644 2195 713 2225 sibi
735 2195 851 2226 videri
868 2196 1073 2227 consultum
1089 2199 1128 2227 vt
1152 2198 1244 2228 Leus
1261 2207 1449 2237 persuasus
1473 2200 1516 2230 ab
1540 2200 1666 2231 amieis

60 2239 152 2270 mihi
174 2239 306 2269 faceret
322 2238 461 2278 copiam
478 2239 534 2269 sui
552 2238 647 2269 libri.
696 2239 834 2270 Deinde
852 2249 908 2269 res
923 2240 974 2271 ita
990 2242 1252 2280 temperaretur
1273 2242 1495 2282 per-aliquos
1518 2243 1667 2275 idoneos

61 2285 101 2314 vt
117 2288 153 2314 et
178 2283 255 2313 eius
270 2282 536 2313 Annotationes
551 2282 693 2313 exirent
715 2283 806 2313 citra
829 2284 901 2314 mei
923 2284 1084 2315 nominis
1102 2285 1285 2322 iniuriam,
1305 2288 1340 2316 et
1357 2296 1419 2325 ego
1436 2287 1596 2318 vicissim
1614 2288 1667 2318 ita

62 2328 300 2366 temperarem
317 2326 581 2366 responsionem
599 2328 639 2357 vt
656 2335 701 2356 ne
718 2327 806 2366 quid
822 2326 978 2358 lederem
996 2327 1129 2358 famam
1153 2329 1224 2359 Lei.
1274 2329 1365 2360 Nam
1389 2340 1568 2362 rumorem
1591 2341 1666 2362 esse

60 2372 136 2401 tam
153 2371 224 2401 late
243 2379 415 2410 sparsum,
433 2370 510 2409 ipsa
531 2371 638 2401 etiam
663 2380 711 2409 re,
731 2371 770 2401 vt
787 2370 838 2410 fit,
858 2371 1082 2411 atrociorem,
1102 2374 1141 2403 vt
1164 2372 1349 2412 expediret
1370 2375 1483 2414 magis
1506 2375 1665 2415 euulgari

65 2423 173 2454 quam
190 2414 307 2454 premi
323 2423 411 2453 quae
428 2414 616 2453 scripserat
633 2412 776 2445 Leus''.'

104 2457 180 2488 The
195 2457 276 2488 date
293 2457 331 2488 of
343 2457 405 2488 the
423 2457 554 2488 arrival
571 2457 610 2488 of
622 2457 698 2488 this
714 2460 750 2489 at
766 2458 926 2489 Louvain
949 2459 978 2489 is
999 2459 1106 2498 given
1131 2469 1151 2489 a
1172 2459 1240 2491 few
1262 2460 1354 2491 lines
1379 2462 1490 2493 below
1514 2472 1552 2493 as
1575 2462 1667 2494 after

62 2501 124 2533 the
141 2500 364 2541 publication
381 2501 419 2532 of
431 2501 494 2540 Ep.
515 2510 607 2540 1053.
630 2501 752 2532 which
768 2502 851 2533 took
868 2502 966 2541 place
984 2501 1033 2544 (c.
1054 2513 1092 2542 14
1111 2504 1192 2534 Dec.
1216 2503 1319 2546 1519>
1335 2515 1342 2535 :

111 2544 197 2576 ‘Sed
214 2545 336 2584 paucis
351 2548 436 2575 ante
452 2545 577 2575 diebus
594 2554 701 2584 quam
720 2546 806 2577 haec
823 2545 967 2576 reddita
983 2548 1037 2577 est
1053 2547 1214 2587 epistola,
1232 2557 1312 2579 mea
1332 2549 1403 2579 iam
1427 2549 1472 2579 ad
1491 2549 1664 2581 Thomam

66 2588 259 2629 Lupsetum
277 2589 412 2619 exierat
432 2589 468 2619 in
494 2588 631 2628 vulgus,
651 2590 687 2619 et
709 2591 793 2620 ante
815 2590 909 2620 hanc
931 2589 1088 2621 aeditam
1112 2591 1204 2622 Leus
1228 2601 1333 2623 suum
1358 2592 1493 2624 librum
1519 2594 1665 2626 miserat

738 2719 768 2740 2.
794 2711 911 2751 pariat
928 2713 995 2741 MS.

108 2803 139 2833 3.
166 2804 352 2834 perpessus
372 2794 467 2836 sum]
485 2805 509 2826 e.
522 2805 550 2833 9.
569 2795 661 2826 from
677 2796 829 2836 Sapidus
899 2798 938 2827 in
978 2797 1063 2836 foro,
1104 2798 1142 2828 in
1181 2799 1334 2839 templo’
1352 2823 1360 2831 .
1387 2823 1395 2832 .
1425 2825 1431 2832 .
1453 2801 1559 2832 ‘Nam
1592 2811 1665 2832 non

65 2837 144 2877 (Ep.
171 2839 265 2877 323),
281 2838 402 2869 whom
425 2838 470 2869 he
495 2838 567 2869 had
592 2840 764 2879 reproved
789 2841 827 2870 in
898 2843 1014 2880 potest
1044 2843 1121 2881 pati
1152 2842 1472 2884 Vuimphelingius
1501 2847 1540 2875 vt
1572 2846 1666 2883 quis-

65 2880 160 2921 Jan.,
192 2882 427 2922 threatening
464 2882 542 2913 him
578 2883 669 2914 with
712 2883 829 2914 ‘dela-
898 2894 1005 2923 quam
1052 2888 1178 2917 contra
1223 2887 1436 2918 cerimonias
1482 2888 1665 2928 loquatur'

66 2925 202 2956 tionem
251 2925 295 2956 ad
349 2926 580 2965 inquisitores
632 2926 829 2959 haereticae
899 2928 984 2969 (Zw.
1005 2928 1063 2959 E.2
1083 2930 1292 2968 114=BRE.
1313 2931 1400 2971 144).

65 2968 264 3007 prauitatis'
281 2969 336 3000 for
352 2969 413 3000 the
425 2969 582 3000 freedom
594 2971 684 3001 with
696 2971 827 3008 which,
944 2981 972 3010 5.
998 2974 1143 3011 portum
1160 2974 1308 3015 quletis]
1325 2975 1377 3006 Cf.
1398 2975 1461 3014 Ep.
1486 2984 1577 3014 1075.
1598 2985 1646 3006 11.

67 3011 105 3042 in
130 3012 272 3043 Beatus’
303 3011 431 3052 words,
457 3013 501 3043 he
528 3014 671 3045 ‘veram
701 3014 829 3045 doctri-
945 3026 972 3055 7.
1002 3017 1234 3058 compendio]
1259 3018 1334 3048 The
1352 3021 1443 3049 Ratio
1459 3022 1552 3050 Verae
1578 3022 1665 3050 Theo-

69 3063 151 3086 nam
177 3056 382 3096 depredicat
406 3057 443 3087 in
476 3057 734 3097 conciliabulis,
767 3082 775 3089 .
796 3082 803 3089 .
824 3083 830 3089 .
900 3061 1019 3098 loyiae3
1043 3070 1100 3091 sec
1119 3061 1181 3101 Ep.
1204 3071 1275 3100 745.
