1990 3353
196 286 257 307 210

196 558 254 590 215

196 826 256 848 220

194 1100 254 1131 2²5

194 1371 256 1401 230

193 1637 252 1668 ²35

192 1911 254 1942 240

191 2182 251 2213 245

190 2455 253 2485 250

278 159 355 198 118
750 155 1002 194 LETTERS
1041 154 1110 193 OF
1148 154 1414 193 ERASMUS
1751 151 1876 205 [1519

277 268 385 318 patri
419 267 677 306 crediderint.
737 265 848 304 Satis
880 264 1068 314 amplum
1103 263 1265 301 lucrum
1299 276 1386 301 esse
1420 263 1541 301 ducet
1574 263 1610 301 si
1640 261 1880 311 propulsato

278 322 449 361 dissidio
469 335 612 371 pacem
631 323 672 358 et
693 319 955 358 concordiam
974 317 1188 368 parauerit.
1249 317 1463 366 Adiunget
1482 330 1570 354 sese
1591 317 1642 354 ad
1662 316 1771 354 hanc
1790 328 1878 354 rem

278 377 464 415 Caesaris
489 375 713 414 autoritas:
743 386 867 423 quem
892 371 1172 419 monarcham,
1197 372 1354 421 opinor,
1383 371 1570 421 agnoscit
1595 372 1637 408 et
1662 370 1874 408 Bohemia.

276 432 496 470 Caeterum
526 429 636 479 quod
664 428 817 466 attinet
845 427 896 465 ad
927 426 1208 464 ordinationes
1235 427 1276 463 et
1305 427 1573 473 sacramenta,
1606 424 1725 463 nullo
1753 424 1879 462 modo

277 487 437 535 oportet
459 498 482 522 a
501 483 672 533 reliquis
691 481 935 520 orthodoxis
955 480 1187 519 dissentire.
1245 480 1302 517 Et
1322 480 1508 518 fortassis
1528 480 1578 517 de
1602 478 1879 517 recentiorum

276 538 592 578 definitionibus
624 536 894 575 remittentur
931 535 1082 584 aliqua.
1143 534 1204 572 De
1238 534 1389 572 ritibus
1421 534 1543 572 facile
1577 532 1880 571 condonabitur

275 593 442 643 aliquid,
467 591 633 630 etiamsi
654 590 786 640 magis
805 589 1014 639 probarim
1030 591 1076 627 vt
1096 601 1241 627 omnes
1255 587 1407 637 vbique
1426 588 1657 626 Christiani
1671 589 1713 625 et
1727 586 1880 625 ritibus

275 650 314 686 et
334 647 524 697 precibus
545 646 693 684 iisdem
714 646 938 682 vterentur.
998 643 1119 680 Nunc
1139 643 1363 682 immodica
1382 642 1556 680 varietas
1582 644 1654 689 est,
1677 641 1779 679 dum
1804 653 1878 690 pro

276 715 350 740 suo
367 701 543 751 quisque
561 700 709 739 affectu
728 699 827 737 haec
847 697 1188 744 comminiscitur,
1206 700 1247 734 et
1262 697 1368 734 alius
1389 696 1544 746 aliquid
1560 696 1675 734 addit
1691 695 1880 745 repertis.

331 755 443 804 Quin
463 758 503 793 et
525 754 642 802 illud,
667 766 760 791 mea
779 753 996 799 sententia,
1019 751 1252 801 complures
1274 751 1450 800 populos
1477 750 1715 788 conciliaret
1739 750 1878 788 Eccle-

275 811 359 848 siae
389 810 613 857 Romanae,
645 808 689 846 in
718 820 842 857 quam
873 820 984 844 nunc
1013 806 1128 844 velut
1158 806 1201 844 in
1232 808 1355 854 caput
1383 805 1591 854 quoddam
1621 804 1878 853 colliguntur

276 877 431 904 01111105.
464 863 501 902 si
529 877 614 902 non
644 862 798 912 passim
828 861 1035 911 quaelibet
1063 860 1121 898 sic
1148 860 1403 898 definiantur
1427 862 1473 897 vt
1498 859 1678 897 velimus
1703 859 1754 897 ad
1781 858 1879 896 fidei

275 919 494 968 negocium
521 917 753 967 pertinere3
788 917 857 954 sed
885 929 932 953 ea
958 915 1159 952 duntaxat
1186 927 1288 964 quae
1316 914 1530 951 euidenter
1559 926 1752 962 expressa
1779 916 1878 951 sunt

275 974 319 1011 in
350 973 474 1011 sacris
502 972 646 1018 literis,
680 973 751 1008 aut
780 971 869 1008 sine
898 969 1050 1019 quibus
1080 982 1164 1006 non
1195 969 1357 1006 constat
1385 967 1491 1005 ratio
1519 967 1668 1005 salutis
1698 969 1874 1006 nostrae.

275 1027 343 1065 Ad
382 1027 479 1064 haec
518 1039 648 1075 pauca
685 1024 908 1070 sufficiunt,
946 1026 987 1061 et
1020 1036 1148 1072 pauca
1187 1023 1309 1060 citius
1342 1022 1643 1071 persuadentur
1676 1021 1875 1071 pluribus.

277 1082 397 1119 Nunc
419 1094 468 1119 ex
487 1081 611 1118 vnico
632 1079 809 1118 articulo
836 1079 1049 1116 sexcentos
1075 1077 1262 1124 facimus,
1287 1089 1466 1126 quorum
1491 1075 1621 1125 aliqui
1648 1076 1751 1115 tales
1777 1078 1878 1114 sunt

274 1138 319 1173 vt
341 1136 443 1173 citra
464 1125 693 1185 p'ericulum
713 1133 879 1182 pietatis
899 1132 967 1170 vel
987 1131 1137 1169 nesciri
1158 1130 1319 1180 possint
1338 1130 1405 1169 vel
1424 1130 1594 1179 ambigi.
1653 1132 1794 1180 Atque
1820 1131 1879 1169 sic

275 1191 337 1228 est
358 1189 601 1228 mortalium
621 1187 849 1237 ingenium,
873 1186 982 1236 quod
1010 1187 1137 1223 semel
1164 1185 1387 1223 definitum
1413 1186 1487 1233 est,
1509 1186 1702 1223 tenemus
1727 1184 1879 1223 mordi-

275 1257 356 1282 cus.
417 1244 547 1282 Porro
586 1240 872 1292 philosophiae
910 1240 1174 1280 Christianae
1211 1252 1378 1277 summa
1411 1239 1457 1277 in
1490 1239 1567 1277 1100
1606 1240 1684 1277 sita
1721 1242 1795 1286 est,
1832 1241 1879 1276 vt

275 1298 558 1347 intelligamus
584 1310 752 1335 omnem
778 1309 895 1345 spem
922 1297 1107 1333 nostram
1134 1294 1178 1332 in
1205 1295 1291 1332 Deo
1317 1293 1496 1343 positam
1522 1306 1622 1341 esse,
1653 1293 1725 1342 qui
1751 1295 1880 1343 gratis

276 1352 398 1391 nobis
427 1352 603 1402 largitur
632 1350 773 1389 omnia
802 1363 874 1399 per
904 1349 1059 1387 Filium
1088 1361 1213 1387 suum
1247 1348 1400 1386 Iesum.
1459 1347 1601 1386 Huius
1633 1350 1767 1386 morte
1800 1361 1878 1386 nos

275 1420 363 1445 esse
390 1407 640 1455 redemptos,
662 1406 707 1442 in
733 1404 859 1442 huius
885 1417 1034 1453 corpus
1061 1416 1137 1441 nos
1156 1402 1307 1441 insitos
1333 1415 1422 1440 esse
1440 1415 1514 1451 per
1537 1402 1806 1452 baptismum,
1831 1405 1877 1440 vt

274 1461 430 1499 mortui
451 1459 748 1510 cupiditatibus
768 1458 892 1496 huius
918 1458 1066 1495 mundi
1091 1458 1140 1495 ad
1168 1457 1284 1495 illius
1310 1457 1543 1494 doctrinam
1569 1459 1611 1494 et
1637 1456 1877 1506 exemplum

273 1516 330 1553 sic
361 1515 564 1562 viuamus,
596 1517 642 1552 vt
672 1527 757 1551 non
786 1512 923 1551 solum
952 1512 1060 1550 nihil
1088 1511 1357 1550 admittamus
1391 1511 1493 1549 mali
1520 1511 1794 1549 verumetiam
1829 1511 1878 1549 de

273 1570 468 1608 omnibus
484 1569 588 1607 bene
608 1581 842 1606 mereamur
858 1581 867 1614 ;
897 1569 948 1614 et,
972 1566 1009 1605 si
1029 1567 1126 1616 quid
1148 1565 1342 1604 inciderit
1363 1565 1536 1612 aduersi,
1556 1566 1719 1604 fortiter
1734 1565 1878 1604 tolere-

273 1637 382 1671 mus,
399 1637 471 1673 spe
489 1623 621 1661 futuri
640 1622 813 1672 praemii
832 1622 941 1670 quod
963 1634 1106 1658 omnes
1126 1620 1216 1669 pios
1231 1620 1341 1658 haud
1361 1620 1484 1657 dubie
1505 1622 1647 1658 manet
1668 1621 1711 1658 in
1726 1620 1877 1658 aduen-

273 1680 321 1716 tu
341 1678 521 1716 Christi:
552 1680 597 1715 vt
618 1677 675 1715 ita
695 1689 858 1725 semper
877 1675 1189 1725 progrediamur
1203 1688 1226 1712 a
1242 1674 1396 1712 virtute
1414 1674 1457 1711 111
1474 1674 1684 1721 virtutem,
1705 1676 1748 1712 vt
1769 1674 1876 1712 nihil

273 1736 416 1771 tamen
445 1731 564 1770 nobis
589 1743 842 1780 arrogemus,
867 1730 937 1768 sed
968 1729 1163 1779 quicquid
1191 1731 1252 1766 est
1278 1728 1374 1766 boni
1405 1729 1492 1766 Deo
1517 1728 1877 1781 transscribamus.

326 1785 441 1824 Haec
461 1786 727 1835 potissimum
747 1786 847 1823 sunt
868 1783 1021 1822 animis
1040 1783 1263 1821 hominum
1283 1782 1531 1820 inculcanda
1551 1783 1610 1821 sic
1631 1785 1675 1820 vt
1695 1782 1811 1821 velut
1830 1783 1876 1821 in

272 1843 464 1878 naturam
485 1842 710 1878 transeant.
772 1838 889 1886 Quod
909 1839 944 1876 si
968 1838 1040 1887 qui
1065 1838 1208 1876 volent
1235 1837 1341 1875 circa
1367 1840 1561 1875 naturam
1587 1837 1777 1875 diuinam
1803 1839 1876 1875 aut

272 1896 378 1933 circa
398 1894 656 1944 hypostasim
678 1892 833 1932 Christi
852 1896 923 1931 aut
943 1895 1200 1931 sacramenta
1221 1892 1421 1942 quaedam
1445 1891 1700 1930 abstrusiora
1719 1892 1873 1939 rimari,

272 1963 353 1998 quo
387 1949 519 1999 magis
552 1948 747 1986 attollant
779 1950 967 1985 mentem
1002 1947 1047 1984 in
1081 1946 1259 1985 sublime
1293 1949 1334 1983 et
1367 1959 1391 1983 a
1425 1945 1548 1984 rebus
1577 1945 1877 1984 humilioribus

271 2004 486 2049 abducant,
518 2003 718 2041 hactenus
746 2001 877 2048 liceat,
909 2005 956 2040 vt
986 2015 1071 2039 non
1100 2000 1243 2039 statim
1273 2000 1382 2049 quod
1414 2000 1510 2038 huie
1539 2002 1611 2038 aut
1639 1999 1703 2038 illi
1736 2000 1876 2038 visum

271 2058 409 2106 fuerit,
451 2059 650 2106 cogantur
688 2069 833 2095 omnes
872 2055 1066 2105 profiteri.
1146 2054 1506 2103 Quemadmodum
1544 2068 1594 2092 ex
1632 2054 1875 2104 loquacibus

271 2112 522 2161 syngraphis
542 2111 667 2149 citius
688 2111 872 2149 nascitur
892 2109 1189 2156 controuersia,
1205 2109 1263 2147 sic
1283 2122 1332 2147 ex
1348 2108 1541 2158 plurimis
1561 2108 1874 2147 definitionibus

272 2166 456 2204 nascitur
498 2165 737 2204 diffidentia.
804 2165 948 2214 Neque
985 2164 1136 2213 pudeat
1176 2176 1250 2201 nos
1287 2163 1338 2201 ad
1377 2163 1577 2213 quaedam
1615 2163 1870 2212 respondere,

276 2221 410 2259 ‘Deus
437 2220 555 2258 nouit
577 2219 784 2269 quomodo
804 2218 846 2256 id
868 2220 949 2265 fiat,
972 2218 1077 2256 mihi
1105 2218 1207 2256 satis
1234 2219 1296 2255 est
1322 2218 1431 2267 quod
1459 2217 1578 2255 credo
1608 2217 1726 2254 fieri.'
1782 2217 1874 2255 Scio

271 2275 426 2313 Christi
456 2287 604 2322 corpus
633 2277 672 2312 et
701 2273 950 2322 sanguinem
980 2285 1134 2321 purum
1163 2285 1264 2321 pure
1292 2285 1315 2309 a
1340 2272 1457 2320 puris
1481 2284 1570 2309 esse
1593 2271 1874 2318 sumendum3

272 2329 343 2378 qui
363 2329 438 2366 1100
460 2330 767 2366 sacrosanctum
790 2328 956 2377 signum
976 2340 1021 2364 ac
1042 2327 1194 2377 pignus
1215 2339 1301 2364 esse
1327 2326 1464 2364 voluit
1489 2328 1529 2363 et
1555 2339 1653 2364 suae
1678 2338 1774 2375 erga
1798 2339 1876 2364 nos

272 2383 486 2421 charitatis
511 2384 550 2419 et
576 2382 910 2421 Christianorum
930 2380 1042 2419 inter
1061 2381 1171 2429 ipsos
1197 2380 1445 2418 concordiae.
1506 2380 1726 2417 Excutiam
1746 2379 1875 2429 igitur

272 2436 480 2485 meipsum
512 2450 614 2474 num
645 2436 743 2485 quid
774 2436 828 2473 sit
858 2436 902 2473 in
931 2448 1012 2485 quo
1041 2435 1149 2472 mihi
1178 2434 1287 2472 male
1315 2433 1536 2472 conueniat
1566 2447 1661 2472 cum
1691 2433 1870 2482 Christo,

272 2504 375 2528 num
397 2491 496 2540 quid
517 2491 569 2528 sit
595 2503 691 2528 cum
716 2490 906 2539 proximo
933 2489 1106 2527 dissidii.
1167 2490 1383 2527 Caeterum
1410 2489 1617 2537 quomodo
1644 2488 1761 2526 illinc
1787 2488 1874 2526 sint

273 2545 414 2582 decem
444 2545 785 2594 praedicamenta,
820 2547 861 2582 et
891 2544 1099 2593 quomodo
1134 2543 1555 2581 transsubstantietur
1585 2542 1706 2592 panis
1737 2542 1875 2580 verbis

272 2599 473 2648 mysticis,
497 2601 537 2636 et
558 2599 763 2647 quomodo
791 2611 937 2648 corpus
962 2598 1073 2635 idem
1100 2597 1229 2646 possit
1256 2610 1345 2635 esse
1369 2597 1448 2634 sub
1476 2596 1642 2635 tantilla
1667 2597 1800 2646 specie
1827 2609 1873 2634 ac

272 2653 448 2691 diuersis
486 2653 598 2697 locis,
636 2665 728 2690 meo
766 2652 915 2690 iudicio
954 2652 1064 2690 haud
1104 2651 1287 2689 multum
1326 2651 1519 2688 conducit
1557 2651 1606 2689 ad
1641 2651 1872 2700 profectum

234 2721 249 2751 ζ
271 2707 454 2756 pietatis.
535 2706 626 2744 Scio
671 2720 739 2743 me
778 2708 1133 2753 resurrecturum;
1182 2706 1258 2743 1100
1295 2706 1409 2743 0111111
1448 2705 1644 2743 omnibus
1680 2705 1872 2754 promisit

271 2761 475 2807 Christus,
509 2761 581 2810 qui
611 2761 772 2809 primus
802 2762 993 2798 omnium
1024 2760 1261 2798 resurrexit.
1323 2759 1543 2797 Caeterum
1577 2759 1697 2808 quale
1726 2771 1872 2808 corpus

271 2816 461 2853 futurum
483 2815 548 2861 sit,
573 2816 644 2852 aut
666 2815 871 2864 quomodo
891 2815 1020 2864 possit
1040 2814 1151 2852 idem
1171 2827 1259 2851 esse
1279 2814 1387 2862 quod
1409 2813 1530 2851 toties
1553 2813 1596 2851 111
1616 2813 1729 2851 aliud
1749 2815 1873 2862 atque

270 2869 384 2907 aliud
402 2869 614 2907 redactum
634 2870 708 2916 est,
727 2870 772 2906 vt
788 2881 872 2906 non
889 2869 1121 2917 improbem
1138 2881 1211 2905 5110
1228 2870 1412 2917 tempore
1428 2868 1639 2906 moderate
1653 2867 1867 2917 vestigare,

270 2924 327 2961 ita
361 2923 587 2961 minimum
622 2922 813 2960 conducit
848 2923 897 2960 ad
933 2935 1074 2962 veram
1108 2922 1306 2972 pietatem
1341 2922 1384 2959 in
1418 2921 1486 2960 his
1515 2921 1698 2959 multum
1728 2934 1872 2970 operae

471 3040 545 3070 215.
574 3033 727 3068 Γὼγ-νίς.
751 3040 756 3059 ;
781 3029 995 3060 condonabit
1015 3032 1049 3059 F.
1273 3030 1346 3068 258.
1374 3030 1607 3069 improbarim
1625 3032 1667 3060 H.
