1990 3353
311 136 391 174 140
780 138 1031 178 LETTERS
1070 139 1139 177 OF
1177 139 1441 179 ERASMUS
1783 137 1907 192 [1519

312 246 432 285 aedat
451 247 496 285 in
520 247 677 286 lucem:
710 249 794 287 imo
821 262 897 287 nos
924 249 1051 288 minis
1077 249 1264 288 territare
1291 249 1505 288 hominem
1536 263 1587 287 ne
1611 249 1718 299 quod
1745 249 1911 298 scripsit

316 301 425 339 ausit
444 303 648 352 euulgare.
707 303 798 341 Iam
824 303 903 341 ista
930 306 996 341 τοῦ
1021 304 1189 353 πολέμου
1217 305 1302 342 κενὰ
1330 304 1470 342 mirari
1491 317 1575 342 non
1597 304 1734 349 debeo,
1759 303 1911 353 quibus

315 360 361 392 vt
390 369 493 404 pene
522 357 757 395 cottidianis
785 357 1030 405 iampridem
1059 358 1243 407 oportuit
1271 359 1514 396 assueuisse.
1572 357 1684 395 Illud
1714 357 1908 403 admiror,

317 409 488 458 quinam
516 410 603 448 sint
628 411 750 448 istius
776 413 964 449 omnium
991 411 1349 462 impudentissimi
1373 412 1556 450 rumoris
1585 414 1755 450 autores.
1817 411 1912 450 Non

261 480 298 502 10
316 463 428 501 enim
449 464 596 502 adduci
623 478 791 514 possum
813 468 858 505 vt
884 466 1047 504 credam
1068 466 1211 513 Leum,
1236 465 1368 516 qualis
1393 466 1527 515 qualis
1553 468 1626 514 est,
1649 479 1780 514 vsque
1811 466 1911 504 adeo

316 517 531 567 perfrictae
557 518 710 557 frontis
740 532 826 557 esse
844 522 890 558 vt
916 521 996 558 ista
1023 520 1228 559 sustineat
1251 520 1463 569 affirmare,
1486 520 1689 558 nimirum
1720 521 1807 569 ipse
1833 519 1913 557 sibi

316 571 442 620 probe
470 573 657 611 conscius
686 586 775 610 rem
803 574 924 624 longe
952 587 1070 613 secus
1098 575 1260 613 habere.
1321 574 1463 624 Neque
1492 574 1605 612 enim
1633 577 1719 612 tam
1750 574 1913 623 stupide

318 625 506 664 credulus
536 639 631 665 sum
651 629 697 665 vt
724 628 832 665 mihi
852 628 1071 678 quisquam
1098 629 1165 667 vel
1195 629 1442 677 persuaserit
1462 629 1530 666 vel
1558 640 1830 678 persuasurus
1857 628 1914 666 sit

318 680 450 718 Leuni
488 684 684 730 perpetuo
721 695 962 731 pressurum
995 684 1177 733 egregias
1209 682 1304 720 illas
1337 695 1431 721 suas
1460 683 1636 731 vigilias,
1675 683 1796 720 annis
1829 682 1914 720 iam

262 751 298 782 15
319 734 479 784 aliquot
517 735 744 783 desudatas,
781 750 896 786 spem
931 737 1259 775 immortalitatis
1293 749 1389 775 suae
1426 739 1468 775 et
1501 737 1610 775 vnde
1648 736 1914 786 potissimum

320 789 472 826 famam
498 802 616 827 suam
636 789 815 829 voluerit
837 791 1049 841 auspicari.
1108 791 1378 840 Compertum
1407 791 1610 829 habebam
1638 804 1734 828 eum
1764 791 1914 828 harum

319 856 458 881 rerum
479 844 705 892 parciorem
727 858 814 883 esse
835 858 958 895 quam
978 848 1023 883 vt
1042 858 1239 895 passurus
1258 846 1315 883 sit
1333 847 1500 884 tantum
1522 858 1666 894 operae
1686 847 1807 894 atque
1833 843 1914 882 olei

319 897 398 935 sibi
437 898 580 946 perire.
649 898 734 936 Neo
771 899 985 938 intantum
1024 913 1117 937 sum
1157 899 1302 937 obesae
1342 899 1465 947 naris,
1505 901 1629 937 etiam
1669 899 1704 936 si
1742 899 1914 937 minime

319 951 510 1000 suspicax
540 952 745 1001 planeque
779 954 981 1003 simplicis
1020 953 1189 1003 ingenii,
1223 955 1269 992 vt
1306 953 1412 991 mihi
1450 967 1534 992 non
1574 953 1779 991 suboleret
1816 952 1916 1002 quid

262 1016 302 1037 20
318 1008 458 1055 ageret
486 1006 568 1044 ille.
627 1006 682 1044 Et
711 1007 747 1045 si
774 1021 894 1046 meus
923 1010 1066 1058 stupor
1094 1008 1172 1046 hoc
1200 1009 1340 1046 minus
1368 1008 1570 1057 potuisset
1598 1007 1914 1056 deprehendere,

319 1061 461 1098 tamen
491 1073 575 1098 non
607 1061 776 1099 deerant
796 1062 867 1111 qui
894 1063 1204 1110 submonerent,
1225 1062 1408 1112 primum
1435 1062 1512 1100 hoc
1535 1062 1676 1100 venari
1702 1061 1846 1109 Leuni,
1869 1063 1916 1099 vt

320 1114 354 1151 si
389 1114 486 1164 quid
525 1115 630 1152 mihi
662 1116 861 1154 accideret
896 1117 1139 1155 humanitus
1171 1119 1242 1154 aut
1276 1117 1311 1154 si
1344 1116 1436 1166 quis
1467 1129 1582 1155 casus
1621 1116 1664 1154 in
1704 1115 1917 1165 regionem

319 1168 592 1218 longinquam
630 1172 821 1208 auocaret
856 1170 1005 1220 aliquo,
1047 1173 1139 1209 tum
1178 1171 1348 1208 demum
1385 1170 1456 1208 ille
1499 1184 1583 1209 non
1621 1169 1753 1208 tutius
1791 1170 1916 1208 modo

320 1235 467 1261 verum
486 1223 612 1261 etiam
633 1223 797 1262 felicius
815 1225 978 1263 aederet
997 1238 1090 1264 suas
1110 1224 1352 1263 notationes.

262 1308 276 1330 2
283 1308 299 1339 5
703 1293 854 1333 Γλυκεῖ’
875 1295 1000 1345 ὀπώρα
1019 1296 1189 1344 φύλακος
1207 1296 1478 1335 ἐκλελοιπότος.

376 1362 505 1401 Nouit
525 1363 595 1401 ille
615 1377 763 1403 verum
783 1379 872 1404 esse
893 1367 1000 1416 quod
1021 1368 1147 1417 vulgo
1168 1367 1322 1415 dicunt,
1346 1380 1431 1405 non
1453 1366 1687 1405 remordere
1713 1367 1913 1404 mortuos,

322 1417 524 1456 Fortassis
551 1420 592 1456 et
621 1419 729 1469 apud
760 1420 1067 1468 Quintilianum
1096 1422 1199 1471 legit
1219 1421 1331 1469 (nam
1356 1421 1520 1460 videtur
1549 1422 1591 1458 et
1619 1420 1748 1458 bonas
1776 1419 1916 1458 literas

320 1472 543 1522 aliquando
562 1472 825 1523 degustasse),
843 1475 878 1512 si
899 1476 990 1525 quis
1009 1476 1183 1514 mentiri
1201 1475 1315 1522 velit,
1333 1475 1378 1513 in
1398 1475 1608 1513 neminem
1629 1475 1669 1513 id
1691 1488 1808 1524 posse
1828 1473 1918 1512 fieri

321 1526 456 1564 tutius
475 1539 600 1576 quam
624 1529 669 1565 in
690 1529 775 1566 vita
794 1529 1021 1567 defunctos.
1081 1530 1238 1568 Deinde
1270 1543 1353 1568 non
1379 1530 1550 1578 ignorat,
1575 1528 1742 1566 tametsi
1771 1527 1917 1566 stimu-

260 1592 302 1623 30
321 1580 431 1618 latur
450 1580 582 1619 famae
603 1581 837 1632 gloriaeque
864 1583 946 1631 siti,
970 1597 1094 1634 quam
1120 1584 1268 1634 ingens
1298 1584 1379 1634 ipsi
1398 1585 1545 1622 foenus
1571 1583 1670 1621 haec
1692 1582 1836 1621 dilatio
1861 1582 1916 1620 sit

320 1634 510 1673 allatura.
587 1635 802 1686 Siquidem
850 1638 951 1676 dum
1000 1638 1167 1677 interim
1205 1639 1386 1688 vndique
1433 1639 1570 1687 captat
1607 1638 1704 1687 quid
1744 1637 1918 1686 quisque

322 1689 610 1736 calumnietur,
633 1690 677 1728 in
704 1691 909 1730 conuiuiis
934 1695 1005 1730 aut
1034 1694 1079 1730 in
1106 1693 1401 1740 conciliabulis,
1427 1692 1537 1742 quid*
1553 1694 1777 1741 suggerant
1799 1690 1921 1729 Prae·

321 1743 520 1782 dicatores
540 1746 612 1782 aut
632 1744 888 1793 carmelitae,
914 1746 1011 1796 quid
1034 1747 1220 1785 notarint
1240 1746 1496 1785 Baccalaurii
1516 1745 1763 1795 Theologiae
1784 1744 1918 1783 candi·

322 1797 410 1836 dati
430 1798 543 1846 (nam
558 1798 625 1836 his
645 1799 787 1838 datum
808 1803 895 1838 erat
910 1801 1130 1851 negocium
1149 1801 1199 1839 ab
1220 1801 1288 1839 his
1309 1802 1381 1851 qui
1401 1803 1494 1851 post
1513 1813 1597 1838 non
1617 1800 1919 1838 fraudabuntur

261 1859 301 1890 35
321 1864 395 1889 sua
413 1852 560 1900 laude),
583 1853 681 1903 quid
702 1853 934 1903 Licentiati,
957 1855 1057 1905 quid
1078 1855 1264 1905 Magistri
1285 1855 1429 1902 nostri,
1452 1854 1488 1893 si
1509 1855 1579 1903 qui
1600 1856 1699 1892 sunt
1719 1853 1790 1904 qui
1811 1853 1918 1891 mihi

320 1919 468 1955 parum
500 1907 621 1956 aequi
648 1907 856 1955 videntur,
887 1910 1132 1948 arroserint:
1174 1910 1275 1948 dum
1304 1909 1578 1948 subodoratur
1607 1908 1706 1958 quid
1740 1921 1815 1957 ego
1848 1909 1919 1945 aut

321 1960 428 1999 alius
448 1975 521 2012 pro
542 1974 609 1999 me
636 1962 889 2011 respondeat,
914 1963 1014 2001 dum
1042 1963 1151 2002 inter
1175 1964 1444 2013 relegendum
1465 1964 1664 2013 quaedam
1684 1962 1916 2011 displicent,

321 2028 424 2063 quae
443 2017 604 2067 primus
623 2016 693 2054 ille
712 2017 932 2056 scribentis
962 2017 1072 2056 calor
1091 2018 1273 2056 nimium
1296 2018 1605 2056 commendarat
1630 2017 1762 2055 autori
1779 2030 1788 2054 ε
1818 2016 1920 2054 dum

320 2069 485 2110 animus
519 2084 565 2108 ac
598 2070 785 2109 fortassis
815 2072 957 2110 odium
987 2072 1216 2110 identidem
1255 2086 1412 2111 nouum
1441 2072 1596 2122 aliquid
1626 2071 1782 2109 indicat
1809 2070 1919 2120 quod

262 2131 304 2162 40
321 2124 609 2170 calumnietur,
642 2126 808 2174 quando
837 2126 951 2164 dolor
979 2140 1063 2164 non
1095 2127 1233 2164 solum
1263 2127 1501 2176 eloquentes
1530 2139 1675 2163 verum
1706 2125 1832 2163 etiam
1860 2124 1919 2162 in-

322 2179 510 2226 geniosos
530 2179 640 2226 facit,
658 2181 710 2225 et,
732 2180 848 2218 iuxta
868 2181 1114 2230 Satyricum,
1137 2181 1320 2219 absoluit
1338 2180 1573 2230 indignatio
1593 2192 1772 2225 versum,
1795 2191 1919 2228 quem

323 2235 471 2272 natura
504 2236 651 2282 negat:
695 2236 902 2283 postremo
934 2236 1033 2272 dum
1063 2248 1112 2272 ex
1144 2235 1382 2284 quotidiana
1408 2235 1583 2272 lectione
1612 2233 1789 2272 subinde
1818 2245 1919 2271 non-

322 2286 429 2325 nihil
449 2288 591 2326 adiicit
610 2287 794 2335 auctarii,
811 2288 1013 2327 nimirum
1034 2289 1082 2326 fit
1103 2290 1148 2327 vt
1169 2302 1270 2339 opus
1289 2291 1405 2328 exeat
1418 2302 1501 2327 non
1515 2287 1652 2326 solum
1672 2286 1920 2336 locupletius

321 2343 446 2391 atque
475 2341 722 2380 instructius
742 2355 888 2381 verum
912 2343 1035 2381 etiam
1065 2342 1336 2381 emendatius.
1396 2343 1504 2381 Nam
1534 2342 1621 2391 ipse
1650 2342 1758 2380 mihi
1785 2341 1922 2379 fassus

261 2403 302 2434 45
323 2398 382 2433 est
413 2396 457 2433 in
486 2396 674 2446 proximo
704 2396 909 2447 colloquio
938 2411 981 2435 se
1012 2398 1147 2435 totum
1177 2397 1259 2435 fere
1289 2410 1391 2447 opus
1420 2411 1444 2435 a
1472 2397 1613 2446 capite,
1647 2395 1755 2445 quod
1784 2395 1920 2442 aiunt,

370 2508 417 2537 13.
443 2498 500 2529 vel
516 2502 587 2529 ante
603 2500 816 2538 persuaserit
837 2502 912 2530 (cdd.
929 2502 965 2531 F.
1072 2509 1123 2538 25.
1150 2502 1194 2530 F:
1219 2497 1440 2529 ἑκλελειπύτος
1456 2509 1486 2528 α.
1581 2507 1632 2536 32.
1661 2497 1922 2536 praedicatores

322 2554 342 2572 α
358 2553 366 2573 z
389 2543 610 2572 dominicani
627 2546 669 2573 H.
780 2553 832 2582 33.
859 2543 1082 2574 Baccalaurei
1100 2545 1197 2574 Loml.
1319 2552 1372 2580 34.
1398 2541 1455 2572 his
1468 2552 1488 2570 a
1503 2552 1512 2572 z
1535 2541 1614 2572 istis
1630 2543 1674 2571 H.

369 2640 396 2668 7.
423 2630 481 2660 τοῦ
497 2630 639 2668 πολέμου
663 2629 754 2671 κενὰ]
781 2630 832 2661 Cs.
851 2633 955 2668 Azlcty.
981 2639 1082 2669 1919:
1155 2630 1282 2669 255—6;
1309 2628 1380 2658 and
1402 2628 1472 2658 Zw.
1498 2626 1556 2658 Est
1580 2637 1651 2666 107.
1689 2627 1762 2658 The
1784 2626 1922 2658 leaders

324 2674 396 2703 ‘De
414 2674 516 2703 inani
541 2674 742 2713 suspicione
766 2676 829 2704 aut
852 2684 984 2713 pauore
1009 2674 1087 2703 sine
1157 2672 1194 2703 of
1211 2673 1271 2703 the
1290 2671 1437 2710 Faculty
1453 2670 1490 2701 of
1511 2671 1691 2711 Theology
1707 2674 1743 2701 at
1760 2670 1922 2701 Louvain

323 2726 427 2747 causa
452 2717 577 2748 oborto
592 2718 624 2754 ’ς
649 2718 740 2747 with
767 2718 972 2755 quotations
995 2717 1087 2747 from
1158 2716 1229 2747 had
1249 2725 1293 2745 11ο
1309 2715 1420 2745 doubt
1443 2715 1549 2754 given
1566 2724 1612 2744 an
1638 2714 1804 2745 informa]
1830 2724 1924 2744 com-

324 2760 459 2800 Polyb„
478 2761 560 2800 Cic„
581 2761 686 2792 Plut..
707 2761 803 2791 Curt.
1159 2759 1320 2795 mission,
1348 2759 1427 2789 that
1453 2758 1630 2788 Erasnms‘
1656 2757 1773 2788 works
1794 2756 1923 2788 should

370 2805 418 2835 18.
445 2804 584 2844 obesae]
610 2804 659 2834 Cf.
681 2804 768 2834 Hor.
784 2807 880 2840 Epod.
904 2814 952 2834 12.
971 2814 1002 2843 3.
1161 2804 1202 2832 be
1241 2802 1429 2832 examined
1468 2802 1505 2831 in
1537 2802 1599 2832 the
1637 2811 1733 2832 same
1770 2811 1849 2840 way
1885 2810 1923 2831 as

367 2857 417 2886 25.
446 2848 587 2888 munes]
623 2848 675 2878 Cf.
700 2850 918 2886 Acl<cy.3392,
938 2848 1090 2886 quoting
1161 2846 1325 2877 Luther’s
1354 2845 1412 2884 (xes.
1441 2845 1504 2884 Ep.
1533 2855 1624 2883 1030.
1654 2847 1758 2885 1611);
1791 2844 1853 2874 but
1877 2853 1924 2875 no

324 2891 417 2921 Plut.
436 2895 542 2922 Amat.
561 2901 580 2928 5
601 2891 728 2930 Ἰ175211).
1157 2889 1436 2919 condemnation
1463 2888 1636 2919 followed.
1694 2888 1761 2918 For
1784 2887 1923 2918 similar

367 2935 418 2965 26.
446 2934 567 2974 vulgo]
602 2934 652 2964 Cf.
684 2934 777 2965 Plut.
815 2937 873 2964 VM.
909 2938 1012 2972 I'mnp.
1050 2944 1087 2973 77
1158 2932 1338 2972 proposals
1362 2933 1490 2962 earlier
1514 2932 1556 2962 cf.
1588 2932 1673 2971 Epp.
1701 2933 1775 2970 481.
1802 2940 1921 2971 41-54,

326 2978 444 3018 (660):
468 2978 538 3008 and
556 2980 659 3014 Aday.
680 2987 776 3016 2541.
1157 2985 1230 3015 505.
1251 2976 1347 3014 8-14.

365 3032 417 3061 34.
435 3020 1088 3061 negoci11111]Cf.Epp.1059.3-6,1126.
1201 3030 1253 3058 41.
1279 3019 1497 3059 Satyricum]
1522 3019 1602 3050 Juv.
1624 3028 1648 3049 1.
1673 3028 1723 3057 79.
