<?xml version="1.0" encoding="UTF-8"?>
<!DOCTYPE html PUBLIC "-//W3C//DTD XHTML 1.0 Transitional//EN"
    "http://www.w3.org/TR/xhtml1/DTD/xhtml1-transitional.dtd">
<html xmlns="http://www.w3.org/1999/xhtml" xml:lang="en" lang="en">
 <head>
  <title>
</title>
<meta http-equiv="Content-Type" content="text/html;charset=utf-8" />
  <meta name='ocr-system' content='tesseract 3.04.00' />
  <meta name='ocr-capabilities' content='ocr_page ocr_carea ocr_par ocr_line ocrx_word'/>
</head>
<body>
  <div class='ocr_page' id='page_1' title='image "./opusepistolarumd04erasuoft_0159.png"; bbox 0 0 1990 3353; ppageno 0'>
   <div class='ocr_carea' id='block_1_1' title="bbox 0 0 2 867">
    <p class='ocr_par' dir='ltr' id='par_1_1' title="bbox 0 0 2 867">
     <span class='ocr_line' id='line_1_1' title="bbox 0 0 2 867; baseline 0 0"><span class='ocrx_word' id='word_1_1' title='bbox 0 0 2 867; x_wconf 95' lang='lat' dir='ltr'> </span> 
     </span>
    </p>
   </div>
   <div class='ocr_carea' id='block_1_2' title="bbox 97 129 1696 185">
    <p class='ocr_par' dir='ltr' id='par_1_2' title="bbox 97 129 1696 185">
     <span class='ocr_line' id='line_1_2' title="bbox 97 129 1696 185; baseline 0.001 -15"><span class='ocrx_word' id='word_1_2' title='bbox 97 132 218 185; x_wconf 82' lang='lat'>1039]</span> <span class='ocrx_word' id='word_1_3' title='bbox 615 133 685 171; x_wconf 89' lang='grc' dir='ltr'>ΤΟ</span> <span class='ocrx_word' id='word_1_4' title='bbox 722 131 876 170; x_wconf 79' lang='lat' dir='ltr'>JOHN</span> <span class='ocrx_word' id='word_1_5' title='bbox 916 129 1175 170; x_wconf 87' lang='lat' dir='ltr'>SLECHTA</span> <span class='ocrx_word' id='word_1_6' title='bbox 1621 134 1696 172; x_wconf 87' lang='lat'>115</span> 
     </span>
    </p>
   </div>
   <div class='ocr_carea' id='block_1_3' title="bbox 87 239 1779 2961">
    <p class='ocr_par' dir='ltr' id='par_1_3' title="bbox 87 239 1758 1163">
     <span class='ocr_line' id='line_1_3' title="bbox 92 239 1694 291; baseline 0.001 -12"><span class='ocrx_word' id='word_1_7' title='bbox 92 241 216 280; x_wconf 91' lang='lat' dir='ltr'>diuus</span> <span class='ocrx_word' id='word_1_8' title='bbox 237 242 503 291; x_wconf 80' lang='lat' dir='ltr'>Augustinus</span> <span class='ocrx_word' id='word_1_9' title='bbox 522 242 568 280; x_wconf 91' lang='lat' dir='ltr'>in</span> <span class='ocrx_word' id='word_1_10' title='bbox 588 241 783 290; x_wconf 84' lang='lat' dir='ltr'>Catalogo</span> <span class='ocrx_word' id='word_1_11' title='bbox 804 240 1200 289; x_wconf 78' lang='lat' dir='ltr'>haeresiarcharum,</span> <span class='ocrx_word' id='word_1_12' title='bbox 1222 240 1293 290; x_wconf 91' lang='lat' dir='ltr'>qui</span> <span class='ocrx_word' id='word_1_13' title='bbox 1313 239 1359 278; x_wconf 90' lang='lat' dir='ltr'>in</span> <span class='ocrx_word' id='word_1_14' title='bbox 1385 241 1472 278; x_wconf 92' lang='lat' dir='ltr'>ocio</span> <span class='ocrx_word' id='word_1_15' title='bbox 1499 240 1694 291; x_wconf 75' lang='lat' dir='ltr'>degentes</span> 
     </span>
     <span class='ocr_line' id='line_1_4' title="bbox 91 294 1754 345; baseline 0.001 -12"><span class='ocrx_word' id='word_1_16' title='bbox 91 296 327 334; x_wconf 89' lang='lat' dir='ltr'>mendicato</span> <span class='ocrx_word' id='word_1_17' title='bbox 343 296 532 334; x_wconf 85' lang='lat' dir='ltr'>viuerent</span> <span class='ocrx_word' id='word_1_18' title='bbox 548 310 557 343; x_wconf 72' lang='grc' dir='ltr'><strong><em>ς</em></strong></span> <span class='ocrx_word' id='word_1_19' title='bbox 587 309 634 334; x_wconf 87' lang='lat' dir='ltr'>ac</span> <span class='ocrx_word' id='word_1_20' title='bbox 654 297 835 334; x_wconf 87' lang='lat' dir='ltr'>caeteros</span> <span class='ocrx_word' id='word_1_21' title='bbox 853 296 971 334; x_wconf 88' lang='lat' dir='ltr'>velut</span> <span class='ocrx_word' id='word_1_22' title='bbox 991 294 1182 344; x_wconf 88' lang='lat' dir='ltr'>impiosa</span> <span class='ocrx_word' id='word_1_23' title='bbox 1201 307 1276 333; x_wconf 89' lang='lat' dir='ltr'>suo</span> <span class='ocrx_word' id='word_1_24' title='bbox 1291 295 1497 333; x_wconf 90' lang='lat' dir='ltr'>consortio</span> <span class='ocrx_word' id='word_1_25' title='bbox 1513 308 1695 334; x_wconf 86' lang='lat' dir='ltr'>semoue-</span> <span class='ocrx_word' id='word_1_26' title='bbox 1714 305 1732 335; x_wconf 89' lang='lat'><strong>6</strong></span> <span class='ocrx_word' id='word_1_27' title='bbox 1737 315 1754 345; x_wconf 82' lang='lat'>5</span> 
     </span>
     <span class='ocr_line' id='line_1_5' title="bbox 91 349 1690 399; baseline 0 -11"><span class='ocrx_word' id='word_1_28' title='bbox 91 351 203 397; x_wconf 88' lang='lat' dir='ltr'>bant,</span> <span class='ocrx_word' id='word_1_29' title='bbox 244 351 314 399; x_wconf 90' lang='lat' dir='ltr'>qui</span> <span class='ocrx_word' id='word_1_30' title='bbox 349 350 435 388; x_wconf 87' lang='lat' dir='ltr'>suis</span> <span class='ocrx_word' id='word_1_31' title='bbox 468 350 679 388; x_wconf 88' lang='lat' dir='ltr'>laboribus</span> <span class='ocrx_word' id='word_1_32' title='bbox 713 351 907 399; x_wconf 90' lang='lat' dir='ltr'>pararent</span> <span class='ocrx_word' id='word_1_33' title='bbox 939 349 1049 387; x_wconf 89' lang='lat' dir='ltr'>vnde</span> <span class='ocrx_word' id='word_1_34' title='bbox 1082 362 1230 387; x_wconf 83' lang='lat' dir='ltr'>vxores</span> <span class='ocrx_word' id='word_1_35' title='bbox 1259 349 1420 387; x_wconf 89' lang='lat' dir='ltr'>alerent</span> <span class='ocrx_word' id='word_1_36' title='bbox 1449 362 1495 387; x_wconf 87' lang='lat' dir='ltr'>ac</span> <span class='ocrx_word' id='word_1_37' title='bbox 1525 349 1690 388; x_wconf 87' lang='lat' dir='ltr'>liberos.</span> 
     </span>
     <span class='ocr_line' id='line_1_6' title="bbox 90 403 1692 455; baseline 0.001 -14"><span class='ocrx_word' id='word_1_38' title='bbox 90 404 223 443; x_wconf 80' lang='lat' dir='ltr'>Erant</span> <span class='ocrx_word' id='word_1_39' title='bbox 249 405 320 455; x_wconf 91' lang='lat' dir='ltr'>qui</span> <span class='ocrx_word' id='word_1_40' title='bbox 347 405 476 442; x_wconf 88' lang='lat' dir='ltr'>Iudae</span> <span class='ocrx_word' id='word_1_41' title='bbox 502 405 704 454; x_wconf 79' lang='lat' dir='ltr'>proditori</span> <span class='ocrx_word' id='word_1_42' title='bbox 729 404 886 442; x_wconf 90' lang='lat' dir='ltr'>ferrent</span> <span class='ocrx_word' id='word_1_43' title='bbox 910 405 1123 453; x_wconf 90' lang='lat' dir='ltr'>acceptum</span> <span class='ocrx_word' id='word_1_44' title='bbox 1147 403 1258 441; x_wconf 90' lang='lat' dir='ltr'>orbis</span> <span class='ocrx_word' id='word_1_45' title='bbox 1278 404 1485 453; x_wconf 76' lang='lat' dir='ltr'>redempti</span> <span class='ocrx_word' id='word_1_46' title='bbox 1504 404 1692 446; x_wconf 81' lang='lat' dir='ltr'>salutem.</span> 
     </span>
     <span class='ocr_line' id='line_1_7' title="bbox 92 457 1696 509; baseline 0 -13"><span class='ocrx_word' id='word_1_47' title='bbox 92 471 166 497; x_wconf 90' lang='lat' dir='ltr'>nec</span> <span class='ocrx_word' id='word_1_48' title='bbox 187 459 408 497; x_wconf 87' lang='lat' dir='ltr'>defuerunt</span> <span class='ocrx_word' id='word_1_49' title='bbox 429 458 624 508; x_wconf 91' lang='lat' dir='ltr'>discipuli</span> <span class='ocrx_word' id='word_1_50' title='bbox 645 459 718 509; x_wconf 91' lang='lat' dir='ltr'>qui</span> <span class='ocrx_word' id='word_1_51' title='bbox 744 458 869 496; x_wconf 84' lang='lat' dir='ltr'>illum</span> <span class='ocrx_word' id='word_1_52' title='bbox 896 472 970 508; x_wconf 91' lang='lat' dir='ltr'>pro</span> <span class='ocrx_word' id='word_1_53' title='bbox 997 470 1164 496; x_wconf 89' lang='lat' dir='ltr'>summo</span> <span class='ocrx_word' id='word_1_54' title='bbox 1190 458 1287 496; x_wconf 92' lang='lat' dir='ltr'>diuo</span> <span class='ocrx_word' id='word_1_55' title='bbox 1312 457 1504 497; x_wconf 88' lang='lat' dir='ltr'>colerent.</span> <span class='ocrx_word' id='word_1_56' title='bbox 1566 458 1696 496; x_wconf 88' lang='lat' dir='ltr'>Fuere</span> 
     </span>
     <span class='ocr_line' id='line_1_8' title="bbox 91 511 1696 562; baseline -0.001 -11"><span class='ocrx_word' id='word_1_57' title='bbox 91 513 164 562; x_wconf 86' lang='lat' dir='ltr'>qui</span> <span class='ocrx_word' id='word_1_58' title='bbox 177 515 288 551; x_wconf 87' lang='lat' dir='ltr'>totos</span> <span class='ocrx_word' id='word_1_59' title='bbox 307 514 394 551; x_wconf 89' lang='lat' dir='ltr'>dies</span> <span class='ocrx_word' id='word_1_60' title='bbox 413 527 482 551; x_wconf 91' lang='lat' dir='ltr'>ore</span> <span class='ocrx_word' id='word_1_61' title='bbox 501 515 698 551; x_wconf 88' lang='lat' dir='ltr'>sonarent</span> <span class='ocrx_word' id='word_1_62' title='bbox 718 513 902 562; x_wconf 90' lang='lat' dir='ltr'>psalmos</span> <span class='ocrx_word' id='word_1_63' title='bbox 915 512 1170 559; x_wconf 85' lang='lat' dir='ltr'>innumeros,</span> <span class='ocrx_word' id='word_1_64' title='bbox 1189 525 1264 550; x_wconf 90' lang='lat' dir='ltr'>nec</span> <span class='ocrx_word' id='word_1_65' title='bbox 1285 512 1456 550; x_wconf 77' lang='lat' dir='ltr'>interim</span> <span class='ocrx_word' id='word_1_66' title='bbox 1476 511 1696 562; x_wconf 88' lang='lat' dir='ltr'>quicquam</span> 
     </span>
     <span class='ocr_line' id='line_1_9' title="bbox 91 566 1758 618; baseline 0.001 -14"><span class='ocrx_word' id='word_1_67' title='bbox 91 567 203 605; x_wconf 91' lang='lat' dir='ltr'>aliud</span> <span class='ocrx_word' id='word_1_68' title='bbox 233 570 427 618; x_wconf 85' lang='lat' dir='ltr'>agentes;</span> <span class='ocrx_word' id='word_1_69' title='bbox 466 581 540 606; x_wconf 89' lang='lat' dir='ltr'>nec</span> <span class='ocrx_word' id='word_1_70' title='bbox 569 568 791 606; x_wconf 87' lang='lat' dir='ltr'>defuerunt</span> <span class='ocrx_word' id='word_1_71' title='bbox 820 567 946 605; x_wconf 92' lang='lat' dir='ltr'>huius</span> <span class='ocrx_word' id='word_1_72' title='bbox 974 567 1161 605; x_wconf 90' lang='lat' dir='ltr'>insaniae</span> <span class='ocrx_word' id='word_1_73' title='bbox 1194 579 1400 616; x_wconf 80' lang='lat' dir='ltr'>sequaces.</span> <span class='ocrx_word' id='word_1_74' title='bbox 1462 566 1592 605; x_wconf 84' lang='lat' dir='ltr'>Fuere</span> <span class='ocrx_word' id='word_1_75' title='bbox 1626 567 1696 616; x_wconf 82' lang='lat' dir='ltr'>qui</span> <span class='ocrx_word' id='word_1_76' title='bbox 1719 583 1758 615; x_wconf 78' lang='lat'>70</span> 
     </span>
     <span class='ocr_line' id='line_1_10' title="bbox 89 621 1697 672; baseline 0 -13"><span class='ocrx_word' id='word_1_77' title='bbox 89 621 272 660; x_wconf 81' lang='lat' dir='ltr'>dicerent</span> <span class='ocrx_word' id='word_1_78' title='bbox 292 622 446 671; x_wconf 89' lang='lat' dir='ltr'>impios</span> <span class='ocrx_word' id='word_1_79' title='bbox 466 636 535 660; x_wconf 92' lang='lat' dir='ltr'>eos</span> <span class='ocrx_word' id='word_1_80' title='bbox 555 622 627 672; x_wconf 92' lang='lat' dir='ltr'>qui</span> <span class='ocrx_word' id='word_1_81' title='bbox 647 624 758 661; x_wconf 89' lang='lat' dir='ltr'>caste</span> <span class='ocrx_word' id='word_1_82' title='bbox 778 622 960 660; x_wconf 90' lang='lat' dir='ltr'>colerent</span> <span class='ocrx_word' id='word_1_83' title='bbox 975 621 1303 668; x_wconf 78' lang='lat' dir='ltr'>matrimonium,</span> <span class='ocrx_word' id='word_1_84' title='bbox 1318 621 1370 659; x_wconf 89' lang='lat' dir='ltr'>iis</span> <span class='ocrx_word' id='word_1_85' title='bbox 1384 621 1515 659; x_wconf 88' lang='lat' dir='ltr'>etiam</span> <span class='ocrx_word' id='word_1_86' title='bbox 1531 621 1697 660; x_wconf 88' lang='lat' dir='ltr'>scelera-</span> 
     </span>
     <span class='ocr_line' id='line_1_11' title="bbox 89 675 1695 726; baseline 0 -12"><span class='ocrx_word' id='word_1_87' title='bbox 89 676 217 714; x_wconf 84' lang='lat' dir='ltr'>tiores</span> <span class='ocrx_word' id='word_1_88' title='bbox 246 677 318 726; x_wconf 89' lang='lat' dir='ltr'>qui</span> <span class='ocrx_word' id='word_1_89' title='bbox 351 676 618 725; x_wconf 84' lang='lat' dir='ltr'>postulabant</span> <span class='ocrx_word' id='word_1_90' title='bbox 647 689 794 715; x_wconf 82' lang='lat' dir='ltr'>vxores</span> <span class='ocrx_word' id='word_1_91' title='bbox 831 689 921 714; x_wconf 91' lang='lat' dir='ltr'>esse</span> <span class='ocrx_word' id='word_1_92' title='bbox 959 688 1228 723; x_wconf 87' lang='lat' dir='ltr'>communes;</span> <span class='ocrx_word' id='word_1_93' title='bbox 1265 677 1307 714; x_wconf 88' lang='lat' dir='ltr'>et</span> <span class='ocrx_word' id='word_1_94' title='bbox 1336 675 1381 713; x_wconf 93' lang='lat' dir='ltr'>hi</span> <span class='ocrx_word' id='word_1_95' title='bbox 1409 675 1584 714; x_wconf 86' lang='lat' dir='ltr'>titulum</span> <span class='ocrx_word' id='word_1_96' title='bbox 1619 689 1695 714; x_wconf 88' lang='lat' dir='ltr'>suo</span> 
     </span>
     <span class='ocr_line' id='line_1_12' title="bbox 89 729 1697 781; baseline 0.001 -13"><span class='ocrx_word' id='word_1_97' title='bbox 89 731 205 781; x_wconf 84' lang='lat' dir='ltr'>gregi</span> <span class='ocrx_word' id='word_1_98' title='bbox 233 731 330 770; x_wconf 90' lang='lat' dir='ltr'>dare</span> <span class='ocrx_word' id='word_1_99' title='bbox 359 733 596 780; x_wconf 86' lang='lat' dir='ltr'>potuerunt.</span> <span class='ocrx_word' id='word_1_100' title='bbox 656 732 783 769; x_wconf 87' lang='lat' dir='ltr'>Fuere</span> <span class='ocrx_word' id='word_1_101' title='bbox 814 730 887 780; x_wconf 92' lang='lat' dir='ltr'>qui</span> <span class='ocrx_word' id='word_1_102' title='bbox 915 730 1136 768; x_wconf 88' lang='lat' dir='ltr'>suaderent</span> <span class='ocrx_word' id='word_1_103' title='bbox 1164 730 1284 779; x_wconf 92' lang='lat' dir='ltr'>pium</span> <span class='ocrx_word' id='word_1_104' title='bbox 1312 742 1400 768; x_wconf 88' lang='lat' dir='ltr'>esse</span> <span class='ocrx_word' id='word_1_105' title='bbox 1434 729 1469 768; x_wconf 89' lang='lat' dir='ltr'>si</span> <span class='ocrx_word' id='word_1_106' title='bbox 1503 736 1697 779; x_wconf 86' lang='lat' dir='ltr'>parentes</span> 
     </span>
     <span class='ocr_line' id='line_1_13' title="bbox 90 784 1697 834; baseline -0.001 -11"><span class='ocrx_word' id='word_1_107' title='bbox 90 785 243 823; x_wconf 88' lang='lat' dir='ltr'>liberos</span> <span class='ocrx_word' id='word_1_108' title='bbox 266 799 365 824; x_wconf 89' lang='lat' dir='ltr'>suos</span> <span class='ocrx_word' id='word_1_109' title='bbox 392 786 512 824; x_wconf 85' lang='lat' dir='ltr'>viuos</span> <span class='ocrx_word' id='word_1_110' title='bbox 541 788 772 832; x_wconf 82' lang='lat' dir='ltr'>exurerent,</span> <span class='ocrx_word' id='word_1_111' title='bbox 804 789 844 824; x_wconf 90' lang='lat' dir='ltr'>et</span> <span class='ocrx_word' id='word_1_112' title='bbox 873 784 1038 823; x_wconf 90' lang='lat' dir='ltr'>inuenti</span> <span class='ocrx_word' id='word_1_113' title='bbox 1067 787 1166 823; x_wconf 84' lang='lat' dir='ltr'>sunt</span> <span class='ocrx_word' id='word_1_114' title='bbox 1197 784 1349 834; x_wconf 90' lang='lat' dir='ltr'>quibus</span> <span class='ocrx_word' id='word_1_115' title='bbox 1382 784 1697 833; x_wconf 85' lang='lat' dir='ltr'>persuaderetur</span> 
     </span>
     <span class='ocr_line' id='line_1_14' title="bbox 90 838 1756 901; baseline 0.001 -24"><span class='ocrx_word' id='word_1_116' title='bbox 90 839 240 889; x_wconf 86' lang='lat' dir='ltr'>dogma</span> <span class='ocrx_word' id='word_1_117' title='bbox 258 842 346 878; x_wconf 88' lang='lat' dir='ltr'>tam</span> <span class='ocrx_word' id='word_1_118' title='bbox 367 841 556 890; x_wconf 90' lang='lat' dir='ltr'>impium.</span> <span class='ocrx_word' id='word_1_119' title='bbox 616 841 732 879; x_wconf 88' lang='lat' dir='ltr'>Adeo</span> <span class='ocrx_word' id='word_1_120' title='bbox 753 840 971 879; x_wconf 88' lang='lat' dir='ltr'>credulum</span> <span class='ocrx_word' id='word_1_121' title='bbox 991 842 1053 878; x_wconf 87' lang='lat' dir='ltr'>est</span> <span class='ocrx_word' id='word_1_122' title='bbox 1081 852 1215 901; x_wconf 81' lang='lat' dir='ltr'>genus</span> <span class='ocrx_word' id='word_1_123' title='bbox 1240 838 1481 877; x_wconf 87' lang='lat' dir='ltr'>mortalium</span> <span class='ocrx_word' id='word_1_124' title='bbox 1509 841 1551 877; x_wconf 91' lang='lat' dir='ltr'>et</span> <span class='ocrx_word' id='word_1_125' title='bbox 1579 842 1733 878; x_wconf 89' lang='lat' dir='ltr'>tanta</span> <span class='ocrx_word' id='word_1_126' title='bbox 1718 855 1756 888; x_wconf 75' lang='lat'>75</span> 
     </span>
     <span class='ocr_line' id='line_1_15' title="bbox 87 893 1697 956; baseline 0.001 -25"><span class='ocrx_word' id='word_1_127' title='bbox 87 896 151 932; x_wconf 90' lang='lat' dir='ltr'>est</span> <span class='ocrx_word' id='word_1_128' title='bbox 179 893 449 944; x_wconf 89' lang='lat' dir='ltr'>ingeniorum</span> <span class='ocrx_word' id='word_1_129' title='bbox 477 895 667 933; x_wconf 87' lang='lat' dir='ltr'>varietas</span> <span class='ocrx_word' id='word_1_130' title='bbox 727 894 934 956; x_wconf 82' lang='lat' dir='ltr'>Equidem</span> <span class='ocrx_word' id='word_1_131' title='bbox 964 894 1121 944; x_wconf 87' lang='lat' dir='ltr'>opinor,</span> <span class='ocrx_word' id='word_1_132' title='bbox 1155 894 1190 932; x_wconf 91' lang='lat' dir='ltr'>si</span> <span class='ocrx_word' id='word_1_133' title='bbox 1219 893 1314 943; x_wconf 87' lang='lat' dir='ltr'>quis</span> <span class='ocrx_word' id='word_1_134' title='bbox 1346 893 1556 932; x_wconf 82' lang='lat' dir='ltr'>exoriatur</span> <span class='ocrx_word' id='word_1_135' title='bbox 1585 907 1697 932; x_wconf 90' lang='lat' dir='ltr'>nunc</span> 
     </span>
     <span class='ocr_line' id='line_1_16' title="bbox 90 948 1695 999; baseline 0 -13"><span class='ocrx_word' id='word_1_136' title='bbox 90 949 160 997; x_wconf 91' lang='lat' dir='ltr'>qui</span> <span class='ocrx_word' id='word_1_137' title='bbox 180 948 320 988; x_wconf 89' lang='lat' dir='ltr'>doceat</span> <span class='ocrx_word' id='word_1_138' title='bbox 339 949 584 999; x_wconf 89' lang='lat' dir='ltr'>religiosum</span> <span class='ocrx_word' id='word_1_139' title='bbox 602 963 691 988; x_wconf 89' lang='lat' dir='ltr'>esse</span> <span class='ocrx_word' id='word_1_140' title='bbox 711 949 747 987; x_wconf 91' lang='lat' dir='ltr'>si</span> <span class='ocrx_word' id='word_1_141' title='bbox 766 949 850 988; x_wconf 90' lang='lat' dir='ltr'>viri</span> <span class='ocrx_word' id='word_1_142' title='bbox 870 949 973 987; x_wconf 91' lang='lat' dir='ltr'>nudi</span> <span class='ocrx_word' id='word_1_143' title='bbox 998 962 1093 988; x_wconf 90' lang='lat' dir='ltr'>cum</span> <span class='ocrx_word' id='word_1_144' title='bbox 1113 948 1311 986; x_wconf 84' lang='lat' dir='ltr'>foeminis</span> <span class='ocrx_word' id='word_1_145' title='bbox 1331 948 1456 986; x_wconf 90' lang='lat' dir='ltr'>nudis</span> <span class='ocrx_word' id='word_1_146' title='bbox 1475 949 1662 987; x_wconf 90' lang='lat' dir='ltr'>saltent</span> <span class='ocrx_word' id='word_1_147' title='bbox 1651 962 1695 986; x_wconf 82' lang='lat' dir='ltr'>in</span> 
     </span>
     <span class='ocr_line' id='line_1_17' title="bbox 89 1002 1696 1053; baseline 0 -13"><span class='ocrx_word' id='word_1_148' title='bbox 89 1003 188 1052; x_wconf 86' lang='lat' dir='ltr'>foro,</span> <span class='ocrx_word' id='word_1_149' title='bbox 213 1017 299 1042; x_wconf 91' lang='lat' dir='ltr'>non</span> <span class='ocrx_word' id='word_1_150' title='bbox 327 1004 465 1042; x_wconf 84' lang='lat' dir='ltr'>defore</span> <span class='ocrx_word' id='word_1_151' title='bbox 490 1006 624 1042; x_wconf 90' lang='lat' dir='ltr'>sectae</span> <span class='ocrx_word' id='word_1_152' title='bbox 646 1017 743 1043; x_wconf 87' lang='lat' dir='ltr'>suos</span> <span class='ocrx_word' id='word_1_153' title='bbox 769 1003 995 1052; x_wconf 85' lang='lat' dir='ltr'>discipulos</span> <span class='ocrx_word' id='word_1_154' title='bbox 1021 1017 1066 1041; x_wconf 89' lang='lat' dir='ltr'>ac</span> <span class='ocrx_word' id='word_1_155' title='bbox 1090 1004 1298 1053; x_wconf 71' lang='lat' dir='ltr'>patronos.</span> <span class='ocrx_word' id='word_1_156' title='bbox 1359 1002 1448 1050; x_wconf 74' lang='lat' dir='ltr'>Quo</span> <span class='ocrx_word' id='word_1_157' title='bbox 1471 1003 1604 1053; x_wconf 86' lang='lat' dir='ltr'>magis</span> <span class='ocrx_word' id='word_1_158' title='bbox 1633 1007 1696 1041; x_wconf 88' lang='lat' dir='ltr'>est</span> 
     </span>
     <span class='ocr_line' id='line_1_18' title="bbox 88 1057 1696 1109; baseline 0 -14"><span class='ocrx_word' id='word_1_159' title='bbox 88 1058 493 1108; x_wconf 87' lang='lat' dir='ltr'>circunspiciendum</span> <span class='ocrx_word' id='word_1_160' title='bbox 522 1058 575 1097; x_wconf 91' lang='lat' dir='ltr'>iis</span> <span class='ocrx_word' id='word_1_161' title='bbox 605 1059 677 1109; x_wconf 86' lang='lat' dir='ltr'>qui</span> <span class='ocrx_word' id='word_1_162' title='bbox 705 1059 926 1098; x_wconf 88' lang='lat' dir='ltr'>autoritate</span> <span class='ocrx_word' id='word_1_163' title='bbox 957 1058 1126 1107; x_wconf 88' lang='lat' dir='ltr'>pollent,</span> <span class='ocrx_word' id='word_1_164' title='bbox 1160 1070 1212 1095; x_wconf 87' lang='lat' dir='ltr'>ne</span> <span class='ocrx_word' id='word_1_165' title='bbox 1241 1057 1341 1108; x_wconf 89' lang='lat' dir='ltr'>quid</span> <span class='ocrx_word' id='word_1_166' title='bbox 1371 1057 1546 1096; x_wconf 82' lang='lat' dir='ltr'>doceant</span> <span class='ocrx_word' id='word_1_167' title='bbox 1580 1057 1696 1096; x_wconf 87' lang='lat' dir='ltr'>insti-</span> 
     </span>
     <span class='ocr_line' id='line_1_19' title="bbox 88 1113 1756 1163; baseline -0.001 -13"><span class='ocrx_word' id='word_1_168' title='bbox 88 1114 265 1150; x_wconf 88' lang='lat' dir='ltr'>tuantue</span> <span class='ocrx_word' id='word_1_169' title='bbox 286 1113 395 1163; x_wconf 91' lang='lat' dir='ltr'>quod</span> <span class='ocrx_word' id='word_1_170' title='bbox 416 1126 502 1151; x_wconf 90' lang='lat' dir='ltr'>non</span> <span class='ocrx_word' id='word_1_171' title='bbox 523 1115 697 1163; x_wconf 86' lang='lat' dir='ltr'>quadret</span> <span class='ocrx_word' id='word_1_172' title='bbox 716 1113 767 1151; x_wconf 91' lang='lat' dir='ltr'>ad</span> <span class='ocrx_word' id='word_1_173' title='bbox 788 1113 947 1152; x_wconf 89' lang='lat' dir='ltr'>Christi</span> <span class='ocrx_word' id='word_1_174' title='bbox 967 1113 1164 1162; x_wconf 85' lang='lat' dir='ltr'>regulam.</span> <span class='ocrx_word' id='word_1_175' title='bbox 1716 1119 1756 1148; x_wconf 64' lang='lat'>80</span> 
     </span>
    </p>

    <p class='ocr_par' dir='ltr' id='par_1_4' title="bbox 87 1166 1758 2090">
     <span class='ocr_line' id='line_1_20' title="bbox 145 1166 1695 1217; baseline -0.001 -12"><span class='ocrx_word' id='word_1_176' title='bbox 145 1167 224 1205; x_wconf 87' lang='lat' dir='ltr'>Sed</span> <span class='ocrx_word' id='word_1_177' title='bbox 254 1167 495 1206; x_wconf 90' lang='lat' dir='ltr'>huiusmodi</span> <span class='ocrx_word' id='word_1_178' title='bbox 523 1169 738 1217; x_wconf 85' lang='lat' dir='ltr'>portentis,</span> <span class='ocrx_word' id='word_1_179' title='bbox 770 1170 818 1206; x_wconf 86' lang='lat' dir='ltr'>vt</span> <span class='ocrx_word' id='word_1_180' title='bbox 847 1181 920 1217; x_wconf 92' lang='lat' dir='ltr'>par</span> <span class='ocrx_word' id='word_1_181' title='bbox 948 1170 1023 1214; x_wconf 86' lang='lat' dir='ltr'>est,</span> <span class='ocrx_word' id='word_1_182' title='bbox 1054 1166 1231 1213; x_wconf 88' lang='lat' dir='ltr'>omissis,</span> <span class='ocrx_word' id='word_1_183' title='bbox 1265 1166 1526 1205; x_wconf 88' lang='lat' dir='ltr'>demonstras</span> <span class='ocrx_word' id='word_1_184' title='bbox 1559 1169 1695 1205; x_wconf 90' lang='lat' dir='ltr'>totum</span> 
     </span>
     <span class='ocr_line' id='line_1_21' title="bbox 88 1221 1696 1272; baseline 0 -13"><span class='ocrx_word' id='word_1_185' title='bbox 88 1221 314 1260; x_wconf 89' lang='lat' dir='ltr'>Bohemiae</span> <span class='ocrx_word' id='word_1_186' title='bbox 334 1235 512 1272; x_wconf 87' lang='lat' dir='ltr'>regnum</span> <span class='ocrx_word' id='word_1_187' title='bbox 533 1224 658 1272; x_wconf 92' lang='lat' dir='ltr'>atque</span> <span class='ocrx_word' id='word_1_188' title='bbox 677 1222 804 1261; x_wconf 89' lang='lat' dir='ltr'>etiam</span> <span class='ocrx_word' id='word_1_189' title='bbox 823 1222 1030 1260; x_wconf 89' lang='lat' dir='ltr'>Morauiae</span> <span class='ocrx_word' id='word_1_190' title='bbox 1051 1221 1380 1260; x_wconf 89' lang='lat' dir='ltr'>Marchionatum</span> <span class='ocrx_word' id='word_1_191' title='bbox 1398 1222 1443 1259; x_wconf 93' lang='lat' dir='ltr'>in</span> <span class='ocrx_word' id='word_1_192' title='bbox 1461 1224 1544 1259; x_wconf 88' lang='lat' dir='ltr'>tres</span> <span class='ocrx_word' id='word_1_193' title='bbox 1563 1224 1696 1259; x_wconf 87' lang='lat' dir='ltr'>sectas</span> 
     </span>
     <span class='ocr_line' id='line_1_22' title="bbox 88 1275 1696 1326; baseline 0 -13"><span class='ocrx_word' id='word_1_194' title='bbox 88 1288 176 1314; x_wconf 88' lang='lat' dir='ltr'>esse</span> <span class='ocrx_word' id='word_1_195' title='bbox 195 1275 390 1315; x_wconf 90' lang='lat' dir='ltr'>diuisum.</span> <span class='ocrx_word' id='word_1_196' title='bbox 450 1277 634 1323; x_wconf 90' lang='lat' dir='ltr'>Vtinam,</span> <span class='ocrx_word' id='word_1_197' title='bbox 659 1278 719 1315; x_wconf 92' lang='lat' dir='ltr'>mi</span> <span class='ocrx_word' id='word_1_198' title='bbox 739 1276 916 1324; x_wconf 87' lang='lat' dir='ltr'>Slechta‚</span> <span class='ocrx_word' id='word_1_199' title='bbox 941 1277 1033 1326; x_wconf 83' lang='lat' dir='ltr'>pius</span> <span class='ocrx_word' id='word_1_200' title='bbox 1052 1275 1205 1326; x_wconf 89' lang='lat' dir='ltr'>aliquis</span> <span class='ocrx_word' id='word_1_201' title='bbox 1223 1275 1372 1314; x_wconf 82' lang='lat' dir='ltr'>artifex</span> <span class='ocrx_word' id='word_1_202' title='bbox 1390 1289 1438 1314; x_wconf 82' lang='lat' dir='ltr'>ex</span> <span class='ocrx_word' id='word_1_203' title='bbox 1458 1276 1538 1314; x_wconf 87' lang='lat' dir='ltr'>ista</span> <span class='ocrx_word' id='word_1_204' title='bbox 1563 1277 1696 1314; x_wconf 81' lang='lat' dir='ltr'>triade</span> 
     </span>
     <span class='ocr_line' id='line_1_23' title="bbox 88 1330 1692 1382; baseline -0.001 -14"><span class='ocrx_word' id='word_1_205' title='bbox 88 1331 312 1369; x_wconf 85' lang='lat' dir='ltr'>monadem</span> <span class='ocrx_word' id='word_1_206' title='bbox 329 1333 506 1370; x_wconf 73' lang='lat' dir='ltr'>faceret!</span> <span class='ocrx_word' id='word_1_207' title='bbox 549 1332 628 1370; x_wconf 88' lang='lat' dir='ltr'>Sed</span> <span class='ocrx_word' id='word_1_208' title='bbox 650 1332 750 1370; x_wconf 88' lang='lat' dir='ltr'>dum</span> <span class='ocrx_word' id='word_1_209' title='bbox 773 1331 947 1382; x_wconf 86' lang='lat' dir='ltr'>quisque</span> <span class='ocrx_word' id='word_1_210' title='bbox 967 1330 1166 1381; x_wconf 86' lang='lat' dir='ltr'>priuatim</span> <span class='ocrx_word' id='word_1_211' title='bbox 1187 1330 1273 1368; x_wconf 91' lang='lat' dir='ltr'>suis</span> <span class='ocrx_word' id='word_1_212' title='bbox 1293 1331 1434 1368; x_wconf 87' lang='lat' dir='ltr'>studet</span> <span class='ocrx_word' id='word_1_213' title='bbox 1451 1331 1692 1375; x_wconf 83' lang='lat' dir='ltr'>commodis,</span> 
     </span>
     <span class='ocr_line' id='line_1_24' title="bbox 88 1384 1755 1435; baseline 0.001 -13"><span class='ocrx_word' id='word_1_214' title='bbox 88 1397 163 1423; x_wconf 91' lang='lat' dir='ltr'>nec</span> <span class='ocrx_word' id='word_1_215' title='bbox 182 1385 352 1434; x_wconf 90' lang='lat' dir='ltr'>publica</span> <span class='ocrx_word' id='word_1_216' title='bbox 371 1387 474 1424; x_wconf 90' lang='lat' dir='ltr'>bene</span> <span class='ocrx_word' id='word_1_217' title='bbox 494 1386 661 1434; x_wconf 85' lang='lat' dir='ltr'>habent,</span> <span class='ocrx_word' id='word_1_218' title='bbox 681 1400 755 1424; x_wconf 89' lang='lat' dir='ltr'>nec</span> <span class='ocrx_word' id='word_1_219' title='bbox 771 1386 944 1435; x_wconf 87' lang='lat' dir='ltr'>priuata,</span> <span class='ocrx_word' id='word_1_220' title='bbox 964 1399 1099 1435; x_wconf 90' lang='lat' dir='ltr'>neque</span> <span class='ocrx_word' id='word_1_221' title='bbox 1114 1385 1200 1422; x_wconf 85' lang='lat' dir='ltr'>fere</span> <span class='ocrx_word' id='word_1_222' title='bbox 1215 1384 1438 1435; x_wconf 86' lang='lat' dir='ltr'>quisquam</span> <span class='ocrx_word' id='word_1_223' title='bbox 1454 1385 1696 1434; x_wconf 82' lang='lat' dir='ltr'>ingeniosus</span> <span class='ocrx_word' id='word_1_224' title='bbox 1715 1393 1755 1433; x_wconf 85' lang='lat'>85</span> 
     </span>
     <span class='ocr_line' id='line_1_25' title="bbox 87 1439 1692 1491; baseline 0 -14"><span class='ocrx_word' id='word_1_225' title='bbox 87 1439 311 1487; x_wconf 90' lang='lat' dir='ltr'>inuenitur,</span> <span class='ocrx_word' id='word_1_226' title='bbox 331 1440 413 1478; x_wconf 85' lang='lat' dir='ltr'>nisi</span> <span class='ocrx_word' id='word_1_227' title='bbox 427 1441 477 1478; x_wconf 91' lang='lat' dir='ltr'>ad</span> <span class='ocrx_word' id='word_1_228' title='bbox 493 1453 541 1479; x_wconf 89' lang='lat' dir='ltr'>ea</span> <span class='ocrx_word' id='word_1_229' title='bbox 560 1454 662 1490; x_wconf 91' lang='lat' dir='ltr'>quae</span> <span class='ocrx_word' id='word_1_230' title='bbox 678 1444 778 1479; x_wconf 91' lang='lat' dir='ltr'>sunt</span> <span class='ocrx_word' id='word_1_231' title='bbox 793 1440 1079 1491; x_wconf 84' lang='lat' dir='ltr'>philosophiae</span> <span class='ocrx_word' id='word_1_232' title='bbox 1098 1439 1282 1488; x_wconf 85' lang='lat' dir='ltr'>vulgaris</span> <span class='ocrx_word' id='word_1_233' title='bbox 1301 1454 1309 1487; x_wconf 93' lang='grc'>;</span> <span class='ocrx_word' id='word_1_234' title='bbox 1339 1453 1457 1489; x_wconf 85' lang='lat' dir='ltr'>quae,</span> <span class='ocrx_word' id='word_1_235' title='bbox 1472 1443 1518 1477; x_wconf 87' lang='lat' dir='ltr'>vt</span> <span class='ocrx_word' id='word_1_236' title='bbox 1539 1439 1692 1487; x_wconf 83' lang='lat' dir='ltr'>ferunt,</span> 
     </span>
     <span class='ocr_line' id='line_1_26' title="bbox 88 1493 1695 1544; baseline -0.001 -12"><span class='ocrx_word' id='word_1_237' title='bbox 88 1494 343 1533; x_wconf 88' lang='lat' dir='ltr'>moderatius</span> <span class='ocrx_word' id='word_1_238' title='bbox 375 1495 483 1544; x_wconf 88' lang='lat' dir='ltr'>apud</span> <span class='ocrx_word' id='word_1_239' title='bbox 518 1496 674 1533; x_wconf 85' lang='lat' dir='ltr'>Turcas</span> <span class='ocrx_word' id='word_1_240' title='bbox 707 1495 863 1534; x_wconf 86' lang='lat' dir='ltr'>habent</span> <span class='ocrx_word' id='word_1_241' title='bbox 897 1508 1022 1544; x_wconf 88' lang='lat' dir='ltr'>quam</span> <span class='ocrx_word' id='word_1_242' title='bbox 1055 1493 1164 1543; x_wconf 90' lang='lat' dir='ltr'>apud</span> <span class='ocrx_word' id='word_1_243' title='bbox 1196 1507 1285 1532; x_wconf 90' lang='lat' dir='ltr'>nos.</span> <span class='ocrx_word' id='word_1_244' title='bbox 1345 1493 1438 1531; x_wconf 90' lang='lat' dir='ltr'>Non</span> <span class='ocrx_word' id='word_1_245' title='bbox 1469 1493 1615 1542; x_wconf 87' lang='lat' dir='ltr'>loquor</span> <span class='ocrx_word' id='word_1_246' title='bbox 1645 1494 1695 1531; x_wconf 91' lang='lat' dir='ltr'>de</span> 
     </span>
     <span class='ocr_line' id='line_1_27' title="bbox 88 1547 1696 1599; baseline 0 -13"><span class='ocrx_word' id='word_1_247' title='bbox 88 1548 275 1587; x_wconf 87' lang='lat' dir='ltr'>articulis</span> <span class='ocrx_word' id='word_1_248' title='bbox 295 1562 397 1599; x_wconf 91' lang='lat' dir='ltr'>quos</span> <span class='ocrx_word' id='word_1_249' title='bbox 415 1550 466 1588; x_wconf 92' lang='lat' dir='ltr'>ad</span> <span class='ocrx_word' id='word_1_250' title='bbox 482 1550 610 1587; x_wconf 89' lang='lat' dir='ltr'>fidem</span> <span class='ocrx_word' id='word_1_251' title='bbox 630 1550 921 1599; x_wconf 83' lang='lat' dir='ltr'>pertrahimus,</span> <span class='ocrx_word' id='word_1_252' title='bbox 941 1549 1011 1587; x_wconf 90' lang='lat' dir='ltr'>sed</span> <span class='ocrx_word' id='word_1_253' title='bbox 1033 1549 1084 1587; x_wconf 87' lang='lat' dir='ltr'>de</span> <span class='ocrx_word' id='word_1_254' title='bbox 1103 1548 1155 1586; x_wconf 85' lang='lat' dir='ltr'>iis</span> <span class='ocrx_word' id='word_1_255' title='bbox 1175 1561 1226 1586; x_wconf 81' lang='lat' dir='ltr'>ex</span> <span class='ocrx_word' id='word_1_256' title='bbox 1246 1547 1399 1598; x_wconf 89' lang='lat' dir='ltr'>quibus</span> <span class='ocrx_word' id='word_1_257' title='bbox 1418 1561 1491 1586; x_wconf 90' lang='lat' dir='ltr'>ceu</span> <span class='ocrx_word' id='word_1_258' title='bbox 1508 1547 1696 1586; x_wconf 80' lang='lat' dir='ltr'>fontibus</span> 
     </span>
     <span class='ocr_line' id='line_1_28' title="bbox 88 1603 1696 1654; baseline -0.001 -12"><span class='ocrx_word' id='word_1_259' title='bbox 88 1605 215 1642; x_wconf 88' lang='lat' dir='ltr'>scatet</span> <span class='ocrx_word' id='word_1_260' title='bbox 246 1603 499 1654; x_wconf 86' lang='lat' dir='ltr'>Euangelica</span> <span class='ocrx_word' id='word_1_261' title='bbox 526 1605 667 1654; x_wconf 86' lang='lat' dir='ltr'>pietas,</span> <span class='ocrx_word' id='word_1_262' title='bbox 693 1604 890 1643; x_wconf 90' lang='lat' dir='ltr'>videlicet</span> <span class='ocrx_word' id='word_1_263' title='bbox 919 1617 940 1641; x_wconf 90' lang='lat' dir='ltr'>e</span> <span class='ocrx_word' id='word_1_264' title='bbox 970 1604 1214 1652; x_wconf 88' lang='lat' dir='ltr'>contemptu</span> <span class='ocrx_word' id='word_1_265' title='bbox 1241 1603 1523 1651; x_wconf 89' lang='lat' dir='ltr'>pecuniarum,</span> <span class='ocrx_word' id='word_1_266' title='bbox 1551 1616 1573 1640; x_wconf 92' lang='lat' dir='ltr'>e</span> <span class='ocrx_word' id='word_1_267' title='bbox 1602 1616 1696 1640; x_wconf 85' lang='lat' dir='ltr'>con-</span> 
     </span>
     <span class='ocr_line' id='line_1_29' title="bbox 89 1656 1758 1708; baseline -0.001 -12"><span class='ocrx_word' id='word_1_268' title='bbox 89 1660 256 1708; x_wconf 88' lang='lat' dir='ltr'>temptu</span> <span class='ocrx_word' id='word_1_269' title='bbox 293 1658 514 1705; x_wconf 88' lang='lat' dir='ltr'>honorum,</span> <span class='ocrx_word' id='word_1_270' title='bbox 553 1672 575 1696; x_wconf 94' lang='lat' dir='ltr'>e</span> <span class='ocrx_word' id='word_1_271' title='bbox 612 1659 898 1697; x_wconf 88' lang='lat' dir='ltr'>moderatione</span> <span class='ocrx_word' id='word_1_272' title='bbox 936 1658 1177 1703; x_wconf 84' lang='lat' dir='ltr'>affectuum,</span> <span class='ocrx_word' id='word_1_273' title='bbox 1216 1657 1311 1705; x_wconf 86' lang='lat' dir='ltr'>irae,</span> <span class='ocrx_word' id='word_1_274' title='bbox 1356 1657 1449 1705; x_wconf 92' lang='lat' dir='ltr'>odii,</span> <span class='ocrx_word' id='word_1_275' title='bbox 1488 1656 1695 1695; x_wconf 86' lang='lat' dir='ltr'>inuidiae:</span> <span class='ocrx_word' id='word_1_276' title='bbox 1717 1674 1758 1706; x_wconf 89' lang='lat'>90</span> 
     </span>
     <span class='ocr_line' id='line_1_30' title="bbox 89 1711 1696 1764; baseline -0.001 -14"><span class='ocrx_word' id='word_1_277' title='bbox 89 1713 240 1762; x_wconf 89' lang='lat' dir='ltr'>quibus</span> <span class='ocrx_word' id='word_1_278' title='bbox 286 1712 587 1762; x_wconf 87' lang='lat' dir='ltr'>cupiditatibus</span> <span class='ocrx_word' id='word_1_279' title='bbox 630 1714 666 1751; x_wconf 91' lang='lat' dir='ltr'>si</span> <span class='ocrx_word' id='word_1_280' title='bbox 710 1714 802 1764; x_wconf 91' lang='lat' dir='ltr'>quis</span> <span class='ocrx_word' id='word_1_281' title='bbox 847 1713 1017 1758; x_wconf 85' lang='lat' dir='ltr'>seruiat,</span> <span class='ocrx_word' id='word_1_282' title='bbox 1057 1724 1209 1761; x_wconf 88' lang='lat' dir='ltr'>quaeso</span> <span class='ocrx_word' id='word_1_283' title='bbox 1255 1711 1359 1761; x_wconf 81' lang='lat' dir='ltr'>quid</span> <span class='ocrx_word' id='word_1_284' title='bbox 1395 1711 1555 1750; x_wconf 87' lang='lat' dir='ltr'>confert</span> <span class='ocrx_word' id='word_1_285' title='bbox 1600 1711 1696 1749; x_wconf 87' lang='lat' dir='ltr'>fidei</span> 
     </span>
     <span class='ocr_line' id='line_1_31' title="bbox 88 1765 1696 1817; baseline -0.001 -12"><span class='ocrx_word' id='word_1_286' title='bbox 88 1767 323 1817; x_wconf 76' lang='lat' dir='ltr'>professio?</span> <span class='ocrx_word' id='word_1_287' title='bbox 365 1767 410 1806; x_wconf 92' lang='lat' dir='ltr'>Si</span> <span class='ocrx_word' id='word_1_288' title='bbox 428 1767 524 1817; x_wconf 89' lang='lat' dir='ltr'>plus</span> <span class='ocrx_word' id='word_1_289' title='bbox 550 1767 659 1817; x_wconf 91' lang='lat' dir='ltr'>apud</span> <span class='ocrx_word' id='word_1_290' title='bbox 679 1782 755 1806; x_wconf 90' lang='lat' dir='ltr'>nos</span> <span class='ocrx_word' id='word_1_291' title='bbox 774 1768 886 1806; x_wconf 89' lang='lat' dir='ltr'>valet</span> <span class='ocrx_word' id='word_1_292' title='bbox 905 1767 1092 1811; x_wconf 89' lang='lat' dir='ltr'>auaricia‚</span> <span class='ocrx_word' id='word_1_293' title='bbox 1116 1766 1148 1804; x_wconf 88' lang='lat' dir='ltr'>si</span> <span class='ocrx_word' id='word_1_294' title='bbox 1169 1765 1266 1816; x_wconf 89' lang='lat' dir='ltr'>plus</span> <span class='ocrx_word' id='word_1_295' title='bbox 1292 1766 1477 1813; x_wconf 90' lang='lat' dir='ltr'>ambitio,</span> <span class='ocrx_word' id='word_1_296' title='bbox 1504 1766 1539 1804; x_wconf 88' lang='lat' dir='ltr'>si</span> <span class='ocrx_word' id='word_1_297' title='bbox 1566 1765 1696 1804; x_wconf 84' lang='lat' dir='ltr'>libido</span> 
     </span>
     <span class='ocr_line' id='line_1_32' title="bbox 88 1820 1696 1870; baseline -0.002 -10"><span class='ocrx_word' id='word_1_298' title='bbox 88 1821 336 1870; x_wconf 87' lang='lat' dir='ltr'>sceleratior,</span> <span class='ocrx_word' id='word_1_299' title='bbox 368 1822 405 1860; x_wconf 87' lang='lat' dir='ltr'>si</span> <span class='ocrx_word' id='word_1_300' title='bbox 430 1822 575 1860; x_wconf 90' lang='lat' dir='ltr'>odium</span> <span class='ocrx_word' id='word_1_301' title='bbox 600 1823 775 1870; x_wconf 88' lang='lat' dir='ltr'>saeuius,</span> <span class='ocrx_word' id='word_1_302' title='bbox 800 1822 836 1861; x_wconf 89' lang='lat' dir='ltr'>si</span> <span class='ocrx_word' id='word_1_303' title='bbox 861 1822 970 1860; x_wconf 89' lang='lat' dir='ltr'>liuor</span> <span class='ocrx_word' id='word_1_304' title='bbox 994 1821 1218 1867; x_wconf 90' lang='lat' dir='ltr'>nocentior,</span> <span class='ocrx_word' id='word_1_305' title='bbox 1243 1820 1279 1858; x_wconf 88' lang='lat' dir='ltr'>si</span> <span class='ocrx_word' id='word_1_306' title='bbox 1307 1820 1551 1859; x_wconf 84' lang='lat' dir='ltr'>obtrectatio</span> <span class='ocrx_word' id='word_1_307' title='bbox 1577 1834 1696 1858; x_wconf 85' lang='lat' dir='ltr'>vene-</span> 
     </span>
     <span class='ocr_line' id='line_1_33' title="bbox 89 1875 1694 1926; baseline -0.001 -11"><span class='ocrx_word' id='word_1_308' title='bbox 89 1877 240 1924; x_wconf 88' lang='lat' dir='ltr'>natior‚</span> <span class='ocrx_word' id='word_1_309' title='bbox 260 1890 459 1926; x_wconf 84' lang='lat' dir='ltr'>quorsum</span> <span class='ocrx_word' id='word_1_310' title='bbox 487 1877 638 1916; x_wconf 88' lang='lat' dir='ltr'>attinet</span> <span class='ocrx_word' id='word_1_311' title='bbox 660 1877 844 1926; x_wconf 88' lang='lat' dir='ltr'>profiteri</span> <span class='ocrx_word' id='word_1_312' title='bbox 869 1876 1098 1922; x_wconf 77' lang='lat' dir='ltr'>Christum,</span> <span class='ocrx_word' id='word_1_313' title='bbox 1121 1875 1167 1912; x_wconf 89' lang='lat' dir='ltr'>in</span> <span class='ocrx_word' id='word_1_314' title='bbox 1193 1875 1270 1912; x_wconf 91' lang='lat' dir='ltr'>hoc</span> <span class='ocrx_word' id='word_1_315' title='bbox 1294 1875 1452 1913; x_wconf 87' lang='lat' dir='ltr'>factum</span> <span class='ocrx_word' id='word_1_316' title='bbox 1477 1875 1694 1913; x_wconf 88' lang='lat' dir='ltr'>hominem</span> 
     </span>
     <span class='ocr_line' id='line_1_34' title="bbox 88 1929 1755 1979; baseline -0.002 -9"><span class='ocrx_word' id='word_1_317' title='bbox 88 1933 135 1970; x_wconf 88' lang='lat' dir='ltr'>vt</span> <span class='ocrx_word' id='word_1_318' title='bbox 168 1931 219 1970; x_wconf 93' lang='lat' dir='ltr'>ab</span> <span class='ocrx_word' id='word_1_319' title='bbox 252 1931 319 1969; x_wconf 86' lang='lat' dir='ltr'>his</span> <span class='ocrx_word' id='word_1_320' title='bbox 352 1932 475 1970; x_wconf 83' lang='lat' dir='ltr'>rebus</span> <span class='ocrx_word' id='word_1_321' title='bbox 508 1944 584 1969; x_wconf 91' lang='lat' dir='ltr'>nos</span> <span class='ocrx_word' id='word_1_322' title='bbox 617 1933 840 1970; x_wconf 77' lang='lat' dir='ltr'>auocaret?</span> <span class='ocrx_word' id='word_1_323' title='bbox 884 1931 998 1969; x_wconf 91' lang='lat' dir='ltr'>Haec</span> <span class='ocrx_word' id='word_1_324' title='bbox 1033 1929 1140 1968; x_wconf 92' lang='lat' dir='ltr'>mihi</span> <span class='ocrx_word' id='word_1_325' title='bbox 1169 1929 1324 1967; x_wconf 90' lang='lat' dir='ltr'>dicenti</span> <span class='ocrx_word' id='word_1_326' title='bbox 1353 1929 1425 1979; x_wconf 90' lang='lat' dir='ltr'>qui</span> <span class='ocrx_word' id='word_1_327' title='bbox 1456 1942 1695 1968; x_wconf 87' lang='lat' dir='ltr'>succensere</span> <span class='ocrx_word' id='word_1_328' title='bbox 1716 1943 1755 1974; x_wconf 77' lang='lat'>95</span> 
     </span>
     <span class='ocr_line' id='line_1_35' title="bbox 89 1983 1696 2036; baseline -0.001 -13"><span class='ocrx_word' id='word_1_329' title='bbox 89 1985 213 2030; x_wconf 85' lang='lat' dir='ltr'>volet,</span> <span class='ocrx_word' id='word_1_330' title='bbox 246 1988 483 2024; x_wconf 89' lang='lat' dir='ltr'>succenseat</span> <span class='ocrx_word' id='word_1_331' title='bbox 512 1985 660 2025; x_wconf 91' lang='lat' dir='ltr'>Iacobo</span> <span class='ocrx_word' id='word_1_332' title='bbox 689 1986 886 2036; x_wconf 89' lang='lat' dir='ltr'>apostolo,</span> <span class='ocrx_word' id='word_1_333' title='bbox 921 1985 992 2036; x_wconf 90' lang='lat' dir='ltr'>qui</span> <span class='ocrx_word' id='word_1_334' title='bbox 1021 1984 1243 2033; x_wconf 87' lang='lat' dir='ltr'>diligenter</span> <span class='ocrx_word' id='word_1_335' title='bbox 1271 1997 1316 2022; x_wconf 90' lang='lat' dir='ltr'>ac</span> <span class='ocrx_word' id='word_1_336' title='bbox 1344 1983 1534 2034; x_wconf 89' lang='lat' dir='ltr'>pluribus</span> <span class='ocrx_word' id='word_1_337' title='bbox 1558 1984 1696 2022; x_wconf 89' lang='lat' dir='ltr'>verbis</span> 
     </span>
     <span class='ocr_line' id='line_1_36' title="bbox 88 2040 750 2090; baseline 0.002 -12"><span class='ocrx_word' id='word_1_338' title='bbox 88 2040 187 2078; x_wconf 87' lang='lat' dir='ltr'>haec</span> <span class='ocrx_word' id='word_1_339' title='bbox 208 2040 372 2078; x_wconf 90' lang='lat' dir='ltr'>disserit</span> <span class='ocrx_word' id='word_1_340' title='bbox 392 2040 438 2078; x_wconf 92' lang='lat' dir='ltr'>in</span> <span class='ocrx_word' id='word_1_341' title='bbox 457 2041 648 2090; x_wconf 86' lang='lat' dir='ltr'>Epistola</span> <span class='ocrx_word' id='word_1_342' title='bbox 666 2054 750 2079; x_wconf 88' lang='lat' dir='ltr'>sua.</span> 
     </span>
    </p>

    <p class='ocr_par' dir='ltr' id='par_1_5' title="bbox 88 2092 1779 2961">
     <span class='ocr_line' id='line_1_37' title="bbox 145 2092 1695 2146; baseline -0.002 -14"><span class='ocrx_word' id='word_1_343' title='bbox 145 2095 308 2133; x_wconf 84' lang='lat' dir='ltr'>Sectam</span> <span class='ocrx_word' id='word_1_344' title='bbox 327 2095 456 2144; x_wconf 89' lang='lat' dir='ltr'>igitur</span> <span class='ocrx_word' id='word_1_345' title='bbox 474 2108 599 2145; x_wconf 89' lang='lat' dir='ltr'>quam</span> <span class='ocrx_word' id='word_1_346' title='bbox 620 2098 666 2134; x_wconf 93' lang='lat' dir='ltr'>tu</span> <span class='ocrx_word' id='word_1_347' title='bbox 685 2095 823 2146; x_wconf 89' lang='lat' dir='ltr'>primo</span> <span class='ocrx_word' id='word_1_348' title='bbox 842 2095 931 2133; x_wconf 92' lang='lat' dir='ltr'>loco</span> <span class='ocrx_word' id='word_1_349' title='bbox 952 2106 1150 2141; x_wconf 87' lang='lat' dir='ltr'>recenses,</span> <span class='ocrx_word' id='word_1_350' title='bbox 1174 2093 1232 2130; x_wconf 89' lang='lat' dir='ltr'>sic</span> <span class='ocrx_word' id='word_1_351' title='bbox 1251 2092 1379 2131; x_wconf 81' lang='lat' dir='ltr'>velim</span> <span class='ocrx_word' id='word_1_352' title='bbox 1399 2105 1487 2130; x_wconf 86' lang='lat' dir='ltr'>esse</span> <span class='ocrx_word' id='word_1_353' title='bbox 1514 2093 1695 2142; x_wconf 88' lang='lat' dir='ltr'>primam</span> 
     </span>
     <span class='ocr_line' id='line_1_38' title="bbox 88 2147 1695 2199; baseline -0.002 -12"><span class='ocrx_word' id='word_1_354' title='bbox 88 2152 136 2188; x_wconf 87' lang='lat' dir='ltr'>vt</span> <span class='ocrx_word' id='word_1_355' title='bbox 167 2149 333 2187; x_wconf 89' lang='lat' dir='ltr'>vnicam</span> <span class='ocrx_word' id='word_1_356' title='bbox 366 2163 455 2188; x_wconf 89' lang='lat' dir='ltr'>esse</span> <span class='ocrx_word' id='word_1_357' title='bbox 487 2149 661 2199; x_wconf 84' lang='lat' dir='ltr'>cupiam.</span> <span class='ocrx_word' id='word_1_358' title='bbox 722 2150 830 2199; x_wconf 79' lang='lat' dir='ltr'>Quid</span> <span class='ocrx_word' id='word_1_359' title='bbox 864 2149 979 2187; x_wconf 90' lang='lat' dir='ltr'>enim</span> <span class='ocrx_word' id='word_1_360' title='bbox 1012 2148 1146 2197; x_wconf 85' lang='lat' dir='ltr'>magis</span> <span class='ocrx_word' id='word_1_361' title='bbox 1181 2147 1340 2185; x_wconf 89' lang='lat' dir='ltr'>accedit-</span> <span class='ocrx_word' id='word_1_362' title='bbox 1377 2147 1428 2185; x_wconf 89' lang='lat' dir='ltr'>ad</span> <span class='ocrx_word' id='word_1_363' title='bbox 1468 2147 1695 2196; x_wconf 85' lang='lat' dir='ltr'>imaginem</span> 
     </span>
     <span class='ocr_line' id='line_1_39' title="bbox 89 2201 1779 2255; baseline -0.003 -13"><span class='ocrx_word' id='word_1_364' title='bbox 89 2204 281 2243; x_wconf 89' lang='lat' dir='ltr'>coelestis</span> <span class='ocrx_word' id='word_1_365' title='bbox 308 2203 563 2243; x_wconf 85' lang='lat' dir='ltr'>hierarchiae</span> <span class='ocrx_word' id='word_1_366' title='bbox 592 2218 718 2255; x_wconf 91' lang='lat' dir='ltr'>quam</span> <span class='ocrx_word' id='word_1_367' title='bbox 747 2206 794 2243; x_wconf 91' lang='lat' dir='ltr'>vt</span> <span class='ocrx_word' id='word_1_368' title='bbox 824 2204 996 2253; x_wconf 82' lang='lat' dir='ltr'>digestis</span> <span class='ocrx_word' id='word_1_369' title='bbox 1031 2201 1247 2240; x_wconf 90' lang='lat' dir='ltr'>ordinibus</span> <span class='ocrx_word' id='word_1_370' title='bbox 1279 2215 1445 2240; x_wconf 89' lang='lat' dir='ltr'>summa</span> <span class='ocrx_word' id='word_1_371' title='bbox 1479 2201 1615 2239; x_wconf 86' lang='lat' dir='ltr'>redeat</span> <span class='ocrx_word' id='word_1_372' title='bbox 1644 2201 1693 2238; x_wconf 80' lang='lat' dir='ltr'>ad</span> <span class='ocrx_word' id='word_1_373' title='bbox 1720 2217 1779 2237; x_wconf 91' lang='lat'>100</span> 
     </span>
     <span class='ocr_line' id='line_1_40' title="bbox 89 2255 1694 2308; baseline -0.002 -12"><span class='ocrx_word' id='word_1_374' title='bbox 89 2259 255 2297; x_wconf 83' lang='lat' dir='ltr'>vnum?</span> <span class='ocrx_word' id='word_1_375' title='bbox 301 2260 374 2297; x_wconf 86' lang='lat' dir='ltr'>aut</span> <span class='ocrx_word' id='word_1_376' title='bbox 411 2272 513 2308; x_wconf 88' lang='lat' dir='ltr'>quae</span> <span class='ocrx_word' id='word_1_377' title='bbox 552 2273 617 2297; x_wconf 89' lang='lat' dir='ltr'>res</span> <span class='ocrx_word' id='word_1_378' title='bbox 653 2259 800 2298; x_wconf 88' lang='lat' dir='ltr'>vtilior</span> <span class='ocrx_word' id='word_1_379' title='bbox 838 2260 889 2297; x_wconf 89' lang='lat' dir='ltr'>ad</span> <span class='ocrx_word' id='word_1_380' title='bbox 923 2257 1181 2295; x_wconf 88' lang='lat' dir='ltr'>excludenda</span> <span class='ocrx_word' id='word_1_381' title='bbox 1215 2256 1363 2294; x_wconf 91' lang='lat' dir='ltr'>mundi</span> <span class='ocrx_word' id='word_1_382' title='bbox 1398 2255 1603 2294; x_wconf 74' lang='lat' dir='ltr'>dissidia?</span> <span class='ocrx_word' id='word_1_383' title='bbox 1652 2255 1694 2293; x_wconf 90' lang='lat' dir='ltr'>Si</span> 
     </span>
     <span class='ocr_line' id='line_1_41' title="bbox 88 2310 1695 2363; baseline -0.002 -12"><span class='ocrx_word' id='word_1_384' title='bbox 88 2313 284 2363; x_wconf 90' lang='lat' dir='ltr'>princeps</span> <span class='ocrx_word' id='word_1_385' title='bbox 303 2312 510 2362; x_wconf 86' lang='lat' dir='ltr'>quispiam</span> <span class='ocrx_word' id='word_1_386' title='bbox 533 2314 799 2363; x_wconf 87' lang='lat' dir='ltr'>tyrannidem</span> <span class='ocrx_word' id='word_1_387' title='bbox 827 2312 1034 2359; x_wconf 88' lang='lat' dir='ltr'>moliatur,</span> <span class='ocrx_word' id='word_1_388' title='bbox 1059 2310 1260 2360; x_wconf 86' lang='lat' dir='ltr'>precibus,</span> <span class='ocrx_word' id='word_1_389' title='bbox 1285 2311 1466 2357; x_wconf 87' lang='lat' dir='ltr'>hortatu,</span> <span class='ocrx_word' id='word_1_390' title='bbox 1491 2310 1695 2348; x_wconf 86' lang='lat' dir='ltr'>doctrina-</span> 
     </span>
     <span class='ocr_line' id='line_1_42' title="bbox 90 2364 1696 2417; baseline -0.002 -12"><span class='ocrx_word' id='word_1_391' title='bbox 90 2381 169 2417; x_wconf 88' lang='lat' dir='ltr'>que</span> <span class='ocrx_word' id='word_1_392' title='bbox 198 2370 241 2406; x_wconf 89' lang='lat' dir='ltr'>et</span> <span class='ocrx_word' id='word_1_393' title='bbox 269 2368 494 2406; x_wconf 88' lang='lat' dir='ltr'>autoritate</span> <span class='ocrx_word' id='word_1_394' title='bbox 527 2368 707 2407; x_wconf 87' lang='lat' dir='ltr'>Romani</span> <span class='ocrx_word' id='word_1_395' title='bbox 740 2367 959 2406; x_wconf 89' lang='lat' dir='ltr'>Pontificis</span> <span class='ocrx_word' id='word_1_396' title='bbox 992 2367 1274 2415; x_wconf 88' lang='lat' dir='ltr'>componetur.</span> <span class='ocrx_word' id='word_1_397' title='bbox 1334 2364 1577 2414; x_wconf 85' lang='lat' dir='ltr'>Tyrannum</span> <span class='ocrx_word' id='word_1_398' title='bbox 1611 2365 1696 2414; x_wconf 84' lang='lat' dir='ltr'>agit</span> 
     </span>
     <span class='ocr_line' id='line_1_43' title="bbox 89 2418 1694 2471; baseline -0.002 -11"><span class='ocrx_word' id='word_1_399' title='bbox 89 2421 305 2471; x_wconf 89' lang='lat' dir='ltr'>episcopus</span> <span class='ocrx_word' id='word_1_400' title='bbox 337 2421 500 2471; x_wconf 88' lang='lat' dir='ltr'>aliquis,</span> <span class='ocrx_word' id='word_1_401' title='bbox 535 2422 615 2461; x_wconf 90' lang='lat' dir='ltr'>erit</span> <span class='ocrx_word' id='word_1_402' title='bbox 648 2422 758 2461; x_wconf 91' lang='lat' dir='ltr'>vnde</span> <span class='ocrx_word' id='word_1_403' title='bbox 792 2421 1027 2461; x_wconf 87' lang='lat' dir='ltr'>subsidium</span> <span class='ocrx_word' id='word_1_404' title='bbox 1060 2419 1254 2468; x_wconf 85' lang='lat' dir='ltr'>imploret</span> <span class='ocrx_word' id='word_1_405' title='bbox 1286 2419 1476 2469; x_wconf 89' lang='lat' dir='ltr'>populus.</span> <span class='ocrx_word' id='word_1_406' title='bbox 1537 2418 1694 2457; x_wconf 85' lang='lat' dir='ltr'>Existit-</span> 
     </span>
     <span class='ocr_line' id='line_1_44' title="bbox 90 2474 1775 2526; baseline -0.001 -12"><span class='ocrx_word' id='word_1_407' title='bbox 90 2476 243 2526; x_wconf 89' lang='lat' dir='ltr'>aliquis</span> <span class='ocrx_word' id='word_1_408' title='bbox 280 2476 350 2525; x_wconf 90' lang='lat' dir='ltr'>qui</span> <span class='ocrx_word' id='word_1_409' title='bbox 389 2477 699 2515; x_wconf 85' lang='lat' dir='ltr'>daemoniacam</span> <span class='ocrx_word' id='word_1_410' title='bbox 738 2476 913 2515; x_wconf 87' lang='lat' dir='ltr'>inuehat</span> <span class='ocrx_word' id='word_1_411' title='bbox 951 2475 1195 2520; x_wconf 87' lang='lat' dir='ltr'>doctrinam,</span> <span class='ocrx_word' id='word_1_412' title='bbox 1237 2474 1439 2523; x_wconf 85' lang='lat' dir='ltr'>supererit</span> <span class='ocrx_word' id='word_1_413' title='bbox 1478 2474 1695 2512; x_wconf 75' lang='lat' dir='ltr'>Romanus</span> <span class='ocrx_word' id='word_1_414' title='bbox 1719 2490 1775 2522; x_wconf 71' lang='lat'>105</span> 
     </span>
     <span class='ocr_line' id='line_1_45' title="bbox 90 2527 1693 2581; baseline -0.002 -12"><span class='ocrx_word' id='word_1_415' title='bbox 90 2533 239 2580; x_wconf 88' lang='lat' dir='ltr'>pastor,</span> <span class='ocrx_word' id='word_1_416' title='bbox 280 2530 352 2580; x_wconf 93' lang='lat' dir='ltr'>qui</span> <span class='ocrx_word' id='word_1_417' title='bbox 393 2544 416 2569; x_wconf 88' lang='lat' dir='ltr'>e</span> <span class='ocrx_word' id='word_1_418' title='bbox 453 2531 570 2580; x_wconf 84' lang='lat' dir='ltr'>puris</span> <span class='ocrx_word' id='word_1_419' title='bbox 608 2531 883 2581; x_wconf 87' lang='lat' dir='ltr'>Euangelicae</span> <span class='ocrx_word' id='word_1_420' title='bbox 922 2527 1209 2579; x_wconf 87' lang='lat' dir='ltr'>philosophiae</span> <span class='ocrx_word' id='word_1_421' title='bbox 1246 2528 1434 2566; x_wconf 85' lang='lat' dir='ltr'>fontibus</span> <span class='ocrx_word' id='word_1_422' title='bbox 1479 2528 1693 2577; x_wconf 85' lang='lat' dir='ltr'>depromat</span> 
     </span>
     <span class='ocr_line' id='line_1_46' title="bbox 91 2582 1695 2634; baseline -0.002 -11"><span class='ocrx_word' id='word_1_423' title='bbox 91 2585 218 2634; x_wconf 88' lang='lat' dir='ltr'>digna</span> <span class='ocrx_word' id='word_1_424' title='bbox 237 2584 516 2634; x_wconf 85' lang='lat' dir='ltr'>dispensatore</span> <span class='ocrx_word' id='word_1_425' title='bbox 538 2588 580 2623; x_wconf 90' lang='lat' dir='ltr'>et</span> <span class='ocrx_word' id='word_1_426' title='bbox 598 2586 763 2624; x_wconf 88' lang='lat' dir='ltr'>Vicario</span> <span class='ocrx_word' id='word_1_427' title='bbox 783 2585 950 2625; x_wconf 87' lang='lat' dir='ltr'>Christi.</span> <span class='ocrx_word' id='word_1_428' title='bbox 1012 2583 1130 2631; x_wconf 79' lang='lat' dir='ltr'>Quod</span> <span class='ocrx_word' id='word_1_429' title='bbox 1157 2582 1290 2620; x_wconf 89' lang='lat' dir='ltr'>sicubi</span> <span class='ocrx_word' id='word_1_430' title='bbox 1317 2596 1404 2620; x_wconf 91' lang='lat' dir='ltr'>non</span> <span class='ocrx_word' id='word_1_431' title='bbox 1430 2582 1695 2631; x_wconf 83' lang='lat' dir='ltr'>respondebit</span> 
     </span>
     <span class='ocr_line' id='line_1_47' title="bbox 90 2637 1694 2689; baseline -0.003 -11"><span class='ocrx_word' id='word_1_432' title='bbox 90 2651 282 2678; x_wconf 86' lang='lat' dir='ltr'>summus</span> <span class='ocrx_word' id='word_1_433' title='bbox 301 2639 371 2677; x_wconf 90' lang='lat' dir='ltr'>ille</span> <span class='ocrx_word' id='word_1_434' title='bbox 394 2640 580 2686; x_wconf 80' lang='lat' dir='ltr'>PraesuL</span> <span class='ocrx_word' id='word_1_435' title='bbox 604 2641 789 2689; x_wconf 90' lang='lat' dir='ltr'>primum</span> <span class='ocrx_word' id='word_1_436' title='bbox 813 2640 902 2677; x_wconf 90' lang='lat' dir='ltr'>fieri</span> <span class='ocrx_word' id='word_1_437' title='bbox 928 2652 1012 2676; x_wconf 91' lang='lat' dir='ltr'>non</span> <span class='ocrx_word' id='word_1_438' title='bbox 1038 2638 1175 2687; x_wconf 85' lang='lat' dir='ltr'>potest</span> <span class='ocrx_word' id='word_1_439' title='bbox 1199 2639 1246 2675; x_wconf 89' lang='lat' dir='ltr'>vt</span> <span class='ocrx_word' id='word_1_440' title='bbox 1269 2637 1341 2686; x_wconf 89' lang='lat' dir='ltr'>qui</span> <span class='ocrx_word' id='word_1_441' title='bbox 1366 2637 1561 2675; x_wconf 87' lang='lat' dir='ltr'>omnibus</span> <span class='ocrx_word' id='word_1_442' title='bbox 1585 2649 1694 2686; x_wconf 86' lang='lat' dir='ltr'>prae-</span> 
     </span>
     <span class='ocr_line' id='line_1_48' title="bbox 91 2691 1695 2741; baseline -0.002 -10"><span class='ocrx_word' id='word_1_443' title='bbox 91 2693 208 2739; x_wconf 86' lang='lat' dir='ltr'>sidet,</span> <span class='ocrx_word' id='word_1_444' title='bbox 230 2693 458 2732; x_wconf 83' lang='lat' dir='ltr'>satisfaciat</span> <span class='ocrx_word' id='word_1_445' title='bbox 478 2694 698 2733; x_wconf 89' lang='lat' dir='ltr'>omnibus:</span> <span class='ocrx_word' id='word_1_446' title='bbox 728 2694 877 2733; x_wconf 89' lang='lat' dir='ltr'>deinde</span> <span class='ocrx_word' id='word_1_447' title='bbox 898 2695 1088 2731; x_wconf 84' lang='lat' dir='ltr'>nostrum</span> <span class='ocrx_word' id='word_1_448' title='bbox 1109 2693 1183 2739; x_wconf 91' lang='lat' dir='ltr'>est,</span> <span class='ocrx_word' id='word_1_449' title='bbox 1202 2694 1408 2741; x_wconf 89' lang='lat' dir='ltr'>quantum</span> <span class='ocrx_word' id='word_1_450' title='bbox 1429 2692 1534 2738; x_wconf 87' lang='lat' dir='ltr'>licet,</span> <span class='ocrx_word' id='word_1_451' title='bbox 1555 2691 1695 2728; x_wconf 85' lang='lat' dir='ltr'>omnia</span> 
     </span>
     <span class='ocr_line' id='line_1_49' title="bbox 89 2746 1778 2798; baseline -0.004 -13"><span class='ocrx_word' id='word_1_452' title='bbox 89 2748 136 2786; x_wconf 89' lang='lat' dir='ltr'>in</span> <span class='ocrx_word' id='word_1_453' title='bbox 155 2748 308 2786; x_wconf 87' lang='lat' dir='ltr'>bonam</span> <span class='ocrx_word' id='word_1_454' title='bbox 328 2750 489 2797; x_wconf 80' lang='lat' dir='ltr'>partem</span> <span class='ocrx_word' id='word_1_455' title='bbox 508 2748 783 2798; x_wconf 89' lang='lat' dir='ltr'>interpretari.</span> <span class='ocrx_word' id='word_1_456' title='bbox 841 2748 1056 2786; x_wconf 88' lang='lat' dir='ltr'>Praeterea</span> <span class='ocrx_word' id='word_1_457' title='bbox 1075 2746 1228 2784; x_wconf 86' lang='lat' dir='ltr'>bonam</span> <span class='ocrx_word' id='word_1_458' title='bbox 1249 2748 1410 2796; x_wconf 88' lang='lat' dir='ltr'>partem</span> <span class='ocrx_word' id='word_1_459' title='bbox 1430 2759 1574 2784; x_wconf 91' lang='lat' dir='ltr'>eorum</span> <span class='ocrx_word' id='word_1_460' title='bbox 1594 2758 1695 2794; x_wconf 87' lang='lat' dir='ltr'>quae</span> <span class='ocrx_word' id='word_1_461' title='bbox 1720 2758 1778 2779; x_wconf 84' lang='lat'>110</span> 
     </span>
     <span class='ocr_line' id='line_1_50' title="bbox 91 2800 1693 2852; baseline -0.003 -12"><span class='ocrx_word' id='word_1_462' title='bbox 91 2802 210 2849; x_wconf 87' lang='lat' dir='ltr'>fiunt,</span> <span class='ocrx_word' id='word_1_463' title='bbox 234 2815 318 2840; x_wconf 93' lang='lat' dir='ltr'>non</span> <span class='ocrx_word' id='word_1_464' title='bbox 338 2802 416 2851; x_wconf 86' lang='lat' dir='ltr'>ipsi</span> <span class='ocrx_word' id='word_1_465' title='bbox 436 2802 644 2847; x_wconf 90' lang='lat' dir='ltr'>Pontifici,</span> <span class='ocrx_word' id='word_1_466' title='bbox 666 2804 735 2841; x_wconf 89' lang='lat' dir='ltr'>sed</span> <span class='ocrx_word' id='word_1_467' title='bbox 756 2803 808 2841; x_wconf 92' lang='lat' dir='ltr'>iis</span> <span class='ocrx_word' id='word_1_468' title='bbox 828 2802 981 2852; x_wconf 86' lang='lat' dir='ltr'>quibus</span> <span class='ocrx_word' id='word_1_469' title='bbox 1001 2801 1090 2850; x_wconf 91' lang='lat' dir='ltr'>ipse</span> <span class='ocrx_word' id='word_1_470' title='bbox 1110 2800 1340 2838; x_wconf 88' lang='lat' dir='ltr'>necessario</span> <span class='ocrx_word' id='word_1_471' title='bbox 1361 2800 1464 2847; x_wconf 89' lang='lat' dir='ltr'>fidit,</span> <span class='ocrx_word' id='word_1_472' title='bbox 1490 2800 1693 2848; x_wconf 81' lang='lat' dir='ltr'>imputare</span> 
     </span>
     <span class='ocr_line' id='line_1_51' title="bbox 91 2853 1693 2904; baseline -0.003 -10"><span class='ocrx_word' id='word_1_473' title='bbox 91 2856 300 2895; x_wconf 82' lang='lat' dir='ltr'>debemus.</span> <span class='ocrx_word' id='word_1_474' title='bbox 359 2856 428 2894; x_wconf 87' lang='lat' dir='ltr'>Ad</span> <span class='ocrx_word' id='word_1_475' title='bbox 448 2856 548 2895; x_wconf 89' lang='lat' dir='ltr'>haec</span> <span class='ocrx_word' id='word_1_476' title='bbox 563 2857 808 2895; x_wconf 87' lang='lat' dir='ltr'>meminisse</span> <span class='ocrx_word' id='word_1_477' title='bbox 829 2856 1025 2894; x_wconf 85' lang='lat' dir='ltr'>conuenit</span> <span class='ocrx_word' id='word_1_478' title='bbox 1046 2855 1169 2893; x_wconf 91' lang='lat' dir='ltr'>illum</span> <span class='ocrx_word' id='word_1_479' title='bbox 1189 2855 1432 2893; x_wconf 85' lang='lat' dir='ltr'>hominibus</span> <span class='ocrx_word' id='word_1_480' title='bbox 1451 2853 1693 2904; x_wconf 83' lang='lat' dir='ltr'>praesidere,</span> 
     </span>
     <span class='ocr_line' id='line_1_52' title="bbox 92 2908 1691 2961; baseline -0.003 -13"><span class='ocrx_word' id='word_1_481' title='bbox 92 2910 162 2948; x_wconf 89' lang='lat' dir='ltr'>sed</span> <span class='ocrx_word' id='word_1_482' title='bbox 208 2910 452 2958; x_wconf 81' lang='lat' dir='ltr'>hominem3</span> <span class='ocrx_word' id='word_1_483' title='bbox 500 2924 632 2961; x_wconf 89' lang='lat' dir='ltr'>neque</span> <span class='ocrx_word' id='word_1_484' title='bbox 677 2912 747 2949; x_wconf 89' lang='lat' dir='ltr'>diu</span> <span class='ocrx_word' id='word_1_485' title='bbox 786 2913 972 2950; x_wconf 88' lang='lat' dir='ltr'>constare</span> <span class='ocrx_word' id='word_1_486' title='bbox 1016 2922 1135 2958; x_wconf 80' lang='lat' dir='ltr'>posse</span> <span class='ocrx_word' id='word_1_487' title='bbox 1181 2911 1372 2947; x_wconf 90' lang='lat' dir='ltr'>mutuam</span> <span class='ocrx_word' id='word_1_488' title='bbox 1417 2908 1691 2953; x_wconf 67' lang='lat' dir='ltr'>concordiam,</span> 
     </span>
    </p>
   </div>
   <div class='ocr_carea' id='block_1_4' title="bbox 271 3015 1505 3099">
    <p class='ocr_par' dir='ltr' id='par_1_6' title="bbox 271 3015 1505 3099">
     <span class='ocr_line' id='line_1_53' title="bbox 271 3015 1505 3058; baseline 0 -10"><span class='ocrx_word' id='word_1_489' title='bbox 271 3019 323 3056; x_wconf 77' lang='lat'>64.</span> <span class='ocrx_word' id='word_1_490' title='bbox 350 3016 591 3058; x_wconf 76' lang='lat' dir='ltr'>Augustinus]</span> <span class='ocrx_word' id='word_1_491' title='bbox 610 3019 704 3048; x_wconf 61' lang='lat' dir='ltr'>Ham.</span> <span class='ocrx_word' id='word_1_492' title='bbox 725 3027 777 3056; x_wconf 78' lang='lat'>40,</span> <span class='ocrx_word' id='word_1_493' title='bbox 798 3027 838 3056; x_wconf 83' lang='lat'>57</span> <span class='ocrx_word' id='word_1_494' title='bbox 857 3028 863 3047; x_wconf 82' lang='lat' dir='ltr'><strong><em>z</em></strong></span> <span class='ocrx_word' id='word_1_495' title='bbox 889 3016 926 3047; x_wconf 86' lang='lat' dir='ltr'>of</span> <span class='ocrx_word' id='word_1_496' title='bbox 940 3016 1002 3046; x_wconf 81' lang='lat' dir='ltr'>the</span> <span class='ocrx_word' id='word_1_497' title='bbox 1020 3015 1219 3056; x_wconf 79' lang='lat' dir='ltr'>Apostolici</span> <span class='ocrx_word' id='word_1_498' title='bbox 1237 3016 1308 3047; x_wconf 82' lang='lat' dir='ltr'>and</span> <span class='ocrx_word' id='word_1_499' title='bbox 1328 3017 1505 3048; x_wconf 69' lang='lat' dir='ltr'>Euchitac.</span> 
     </span>
     <span class='ocr_line' id='line_1_54' title="bbox 862 3066 920 3099; baseline -0.034 0"><span class='ocrx_word' id='word_1_500' title='bbox 862 3074 873 3099; x_wconf 95' lang='lat'>1</span> <span class='ocrx_word' id='word_1_501' title='bbox 899 3066 920 3097; x_wconf 73' lang='lat'><strong>2</strong></span> 
     </span>
    </p>
   </div>
  </div>
 </body>
</html>
