1990 3353
103 124 226 179 1156]
534 126 604 164 TO
642 126 872 166 CONRAD
913 126 1248 165 PEUTINGER
1622 129 1701 167 373

95 235 283 285 experior
310 248 399 274 esse
427 234 567 273 virum
591 234 714 283 longe
739 233 989 272 dissimilem
1016 233 1265 284 quibusdam
1292 233 1481 272 eiusdem
1507 234 1700 272 sodalitii.

96 289 205 328 Nam
224 291 385 338 praeter
402 288 683 327 eruditionem
704 287 889 336 solidam,
908 290 1071 338 praeter
1089 301 1256 327 morum
1277 288 1561 338 integritatem
1581 291 1703 338 atque

96 344 225 382 etiam
265 344 519 391 comitatem,
562 342 745 391 comperi
783 355 868 380 non
914 342 1179 381 mediocriter
1215 343 1352 381 valere
1388 344 1430 381 et
1468 342 1624 381 iudicio
1662 346 1702 380 et

97 398 279 437 consilio.
341 398 594 448 Frequenter
621 396 731 434 inter
757 409 833 435 nos
858 397 1132 435 commentati
1161 410 1306 435 sumus
1335 397 1384 435 de
1409 397 1568 435 ratione
1592 410 1702 435 com-

94 453 312 502 ponendae
339 452 465 491 huius
493 451 755 489 Lutheranae
782 451 1014 501 tragoediae
1044 451 1134 490 sine
1172 464 1323 501 magno
1355 452 1467 490 orbis
1499 450 1698 490 tumultu.

98 506 231 555 Quem
250 507 366 545 enim
378 507 484 545 bene
496 505 703 544 volentem
720 505 845 543 rebus
859 505 1057 544 humanis
1071 519 1157 544 non
1177 508 1435 544 commoueat
1451 506 1529 544 hoc
1542 505 1702 544 fabulae
1725 524 1763 546 10

95 562 346 600 exordium?
383 573 497 611 quae,
529 559 612 598 nisi
637 562 902 609 prospectum
928 559 1067 607 fuerit,
1098 560 1331 609 periculum
1361 560 1416 599 sit
1445 574 1497 598 ne
1526 560 1570 598 in
1601 563 1702 598 cata-

96 615 296 665 strophen
315 616 435 654 exeat
454 614 711 654 Christianae
731 614 922 663 religioni
942 613 1351 664 periculosissimam.
1396 615 1460 653 Ex
1475 614 1702 653 leuioribus

96 669 230 709 initiis
252 683 373 720 saepe
392 671 489 708 nata
517 670 619 707 sunt
638 669 847 707 horrenda
873 669 1023 707 mundi
1043 668 1226 707 dissidia.
1285 671 1349 707 Ac
1375 682 1467 707 mea
1493 669 1703 707 sententia

96 724 164 763 hic
203 738 366 774 quoque
403 737 550 762 verum
588 728 652 761 est
691 723 799 772 quod
838 723 1005 773 scripsit
1042 723 1208 761 Marcus
1245 723 1420 771 Tullius,
1456 737 1599 773 pacem
1633 723 1700 762 vel

94 778 285 828 iniquam
305 778 412 817 bello
427 778 677 828 aequissimo
692 777 895 827 potiorem
917 790 1017 816 esse.
1057 779 1120 815 Ac
1141 777 1224 816 iam
1252 790 1364 816 nunc
1380 778 1522 816 fabula
1536 778 1703 828 longius
1724 795 1761 827 15

94 846 311 883 progressa
348 835 410 871 est
449 845 574 883 quarn
605 832 754 879 velim;
797 834 839 870 et
878 834 1019 871 tamen
1057 832 1193 870 adhuc
1230 833 1378 882 opinor
1416 832 1576 870 malum
1615 846 1703 871 esse

95 887 366 935 medicabile3
409 889 518 925 certe
556 886 785 925 sanabilius
822 890 886 925 est
920 900 1046 937 quam
1084 887 1118 924 si
1157 886 1308 936 quibus
1344 887 1477 936 coepit
1512 886 1704 925 auctibus

95 942 261 991 longius
279 943 408 980 etiam
434 941 695 991 prouehatur.
758 941 827 979 Sic
851 944 993 979 autem
1018 941 1156 980 sanari
1182 941 1358 991 cupiam,
1383 954 1437 979 ne
1462 941 1621 979 malum
1651 942 1702 979 ad

94 998 262 1047 tempus
291 1009 559 1046 suppressum
587 998 681 1045 post
709 995 864 1034 maiore
898 1009 993 1034 cum
1023 995 1261 1034 discrimine
1281 996 1564 1034 recrudescat:
1594 997 1702 1045 quod

93 1051 202 1089 solet
232 1064 310 1089 vsu
338 1050 482 1090 venire
511 1050 684 1088 medicis
713 1050 783 1100 qui
812 1050 982 1099 potione
1014 1050 1252 1100 propellunt
1285 1050 1455 1097 febrem,
1489 1063 1573 1089 non
1608 1053 1703 1088 ante
1724 1069 1763 1090 20

93 1106 282 1155 purgatis
301 1105 421 1143 venis
440 1105 549 1143 vnde
570 1105 697 1142 febris
720 1107 849 1143 scatet
866 1119 875 1152 3
904 1108 975 1143 aut
998 1105 1069 1155 qui
1090 1105 1280 1143 cicatrice
1300 1105 1515 1143 obducunt
1534 1105 1700 1151 vulnus,

94 1160 285 1198 nondum
306 1160 405 1198 satis
426 1160 573 1197 educto
597 1172 712 1208 pure.

149 1214 408 1262 Quibusdam
442 1214 609 1252 videtur
642 1214 851 1263 optimum
885 1213 996 1252 factu
1025 1215 1071 1251 vt-
1100 1227 1164 1252 res
1194 1213 1333 1252 omnis
1361 1214 1537 1252 saeuicia
1566 1214 1703 1253 coher-

94 1271 258 1308 ceatur:
302 1281 326 1307 a
355 1268 505 1318 quibus
534 1281 608 1306 nec
637 1268 769 1306 Faber
796 1268 1024 1307 admodum
1055 1268 1263 1316 dissentit,
1296 1269 1379 1306 nisi
1413 1271 1616 1307 metueret
1652 1282 1703 1306 ne

94 1336 242 1373 parum
280 1323 459 1361 feliciter
496 1323 611 1361 cedat
644 1322 876 1361 austeritas.
936 1322 1011 1361 Ait
1046 1336 1131 1360 non
1166 1323 1268 1361 satis
1301 1336 1390 1361 esse
1421 1323 1583 1361 fortiter
1621 1323 1702 1362 huc
1723 1340 1762 1372 25

94 1377 264 1416 tendere
293 1390 375 1427 quo
405 1380 525 1415 vocat
553 1377 685 1415 animi
715 1377 923 1415 voluntas.
984 1376 1174 1415 Plurima
1203 1377 1559 1427 circunspicienda
1588 1381 1698 1416 sunt.

93 1432 286 1470 Primum
307 1434 352 1470 vt
373 1431 430 1469 sic
450 1431 690 1469 consulatur
710 1431 904 1481 dignitati
931 1434 971 1470 et
991 1431 1205 1469 autoritati
1226 1431 1407 1470 Romani
1429 1431 1702 1470 Pontificis—

92 1487 160 1525 cui
180 1486 332 1524 merito
352 1487 493 1524 fauent
512 1499 672 1533 omnes,
692 1489 739 1524 vt
759 1486 914 1525 Christi
936 1486 1089 1524 vicario
1116 1499 1294 1534 summo,
1316 1486 1387 1536 qui
1413 1486 1628 1525 Christum
1653 1500 1701 1525 ex

91 1541 233 1579 animo
247 1540 496 1589 diligunt—‚
514 1553 565 1578 ne
582 1540 681 1590 quid
697 1540 875 1579 iacturae
891 1541 1073 1590 patiatur
1088 1540 1339 1590 Euangelica
1354 1540 1517 1579 veritas.
1557 1541 1702 1590 Neque

94 1595 240 1633 dubito
262 1595 365 1645 quin
392 1594 470 1633 11οο
496 1594 637 1633 animo
663 1594 719 1633 sit
739 1594 823 1633 Leo
843 1597 995 1642 noster,
1019 1597 1066 1633 vt
1092 1596 1185 1633 tum
1213 1595 1383 1633 demum
1403 1608 1446 1634 se
1473 1595 1701 1644 gloriosum
1722 1611 1764 1642 30

93 1663 182 1688 esse
202 1651 331 1699 putet,
355 1649 391 1686 si
418 1649 650 1687 doctrinam
678 1648 889 1700 Principis
915 1649 981 1688 sui
999 1649 1153 1687 viderit
1174 1650 1326 1700 vbique
1352 1650 1508 1688 florere.
1570 1650 1703 1700 Negat

91 1705 169 1743 hoc
201 1705 369 1743 tantum
404 1716 493 1742 esse
526 1705 808 1753 spectandum,
842 1704 941 1754 quid
973 1707 1181 1742 mereatur
1210 1703 1423 1742 Lutherus
1452 1707 1524 1742 aut
1558 1705 1594 1743 si
1629 1705 1700 1755 qui

93 1758 278 1797 Luthero
315 1758 471 1805 fauent,
514 1758 584 1796 sed
623 1758 722 1808 quid
762 1759 966 1797 conducat
1004 1758 1194 1808 publicae
1234 1758 1347 1797 orbis
1385 1759 1700 1809 tranquillitati.

92 1812 235 1862 Magni
262 1812 387 1851 refert
414 1812 486 1862 qui
515 1825 689 1851 manum
716 1812 967 1852 admoueant
993 1812 1092 1851 huic
1120 1812 1241 1860 malo,
1265 1815 1306 1851 et
1336 1814 1485 1862 quibus
1512 1814 1702 1852 remediis

92 1869 275 1906 curetur.
332 1867 584 1905 Admiscent
607 1868 720 1905 enim
741 1881 828 1906 sese
849 1867 946 1905 huic
973 1867 1143 1917 negocio
1164 1867 1332 1917 quidam
1353 1867 1424 1917 qui
1444 1868 1537 1906 leua
1562 1869 1701 1907 saedu-
1721 1884 1760 1917 35

90 1922 207 1961 litate
241 1922 403 1960 malum
443 1924 685 1970 exasperant
719 1928 843 1972 atque
882 1921 1190 1972 conduplicant,
1229 1935 1315 1960 non
1354 1925 1443 1960 tam
1482 1922 1701 1961 Pontificis

89 1975 306 2015 autoritati
341 1989 465 2026 quam
494 1976 582 2014 suis
612 1976 841 2015 commodis
871 1977 1161 2014 consulentes:
1195 1976 1378 2014 breuiter
1405 1976 1464 2014 sic
1493 1981 1624 2026 agunt
1653 1982 1701 2015 vt

92 2044 178 2069 non
217 2030 360 2068 minus
397 2030 563 2068 laedant
600 2031 780 2081 optimas
818 2031 960 2069 literas
998 2044 1043 2068 ac
1082 2030 1249 2080 linguas
1288 2044 1415 2080 quam
1450 2030 1699 2070 Lutherum.

93 2085 238 2135 Neque
269 2097 450 2134 aequum
481 2087 541 2123 est
575 2085 628 2123 ob
663 2085 835 2123 Lutheri
870 2098 1036 2124 causam
1069 2085 1227 2123 laedere
1259 2085 1444 2132 innoxia,
1474 2085 1559 2123 imo
1589 2099 1700 2124 sanc-

90 2140 255 2179 tissima
279 2138 420 2178 studia
434 2153 448 2186 ‚·
479 2151 554 2177 nec
584 2140 749 2189 expedit
774 2140 864 2178 sine
890 2153 1011 2178 causa
1039 2139 1180 2189 plures
1206 2139 1250 2177 in
1279 2139 1454 2178 Lutheri
1481 2141 1699 2189 negocium
1718 2155 1762 2186 40

91 2194 318 2233 inuoluere.

144 2248 339 2287 Addebat
360 2260 447 2285 esse
467 2248 808 2298 perpendendum
830 2262 912 2298 quo
932 2248 1047 2287 fonte
1068 2251 1193 2287 natus
1213 2248 1358 2286 fuisset
1377 2248 1445 2286 hic
1465 2249 1697 2288 tumultus:

91 2302 295 2341 nimirum
323 2315 372 2340 ex
402 2301 497 2341 odio
526 2302 729 2341 bonarum
758 2302 984 2350 literarum,
1012 2316 1113 2352 quas
1142 2315 1254 2340 nunc
1283 2302 1495 2341 maliciosa
1517 2303 1700 2343 versutia

89 2359 295 2396 conantur
327 2356 554 2395 admiscere
585 2356 826 2396 Lutherano
860 2357 1054 2407 negocio;
1101 2370 1181 2406 quo
1212 2357 1414 2395 nimirum
1443 2358 1586 2396 eodem
1618 2358 1698 2396 telo

89 2411 314 2450 conficiant
345 2413 551 2460 vtrosque,
586 2411 684 2449 licet
714 2412 898 2450 multum
931 2412 1038 2450 inter
1070 2424 1159 2449 sese
1188 2414 1377 2450 semotos.
1439 2412 1506 2450 Ita
1533 2412 1622 2450 fieri
1653 2415 1699 2450 vt
1718 2423 1758 2456 45

92 2466 219 2504 multi
247 2465 335 2504 sint
364 2465 507 2503 infesti
536 2465 710 2504 Lutheri
740 2466 1104 2516 oppugnatoribus,
1139 2479 1223 2503 11011
1253 2466 1304 2504 ob
1334 2466 1447 2504 aliud
1478 2467 1559 2504 nisi
1590 2467 1698 2517 quod

92 2521 218 2559 iidem
256 2519 431 2557 tendant
469 2519 581 2558 hisce
619 2520 824 2559 cuniculis
862 2521 906 2558 in
941 2520 1069 2559 bonas
1107 2520 1274 2567 literas;
1324 2522 1449 2570 atque
1487 2521 1565 2559 hoc
1604 2521 1698 2559 odio

91 2573 290 2613 commoti
322 2573 520 2611 nonnulli
549 2574 690 2612 fauent
723 2575 919 2622 Luthero,
958 2575 1029 2625 qui
1066 2588 1151 2612 non
1185 2578 1302 2612 erant
1339 2575 1495 2625 alioqui
1532 2576 1696 2614 fauturi.

93 2627 350 2667 Ostendebat
371 2640 455 2665 non
475 2628 564 2666 sine
587 2641 738 2678 magno
759 2629 897 2667 dolore
918 2642 1042 2679 quam
1064 2628 1204 2678 paucis
1224 2629 1346 2666 annis
1365 2642 1489 2679 quam
1511 2630 1592 2668 late
1612 2643 1698 2668 sese

90 2683 309 2733 sparsisset
325 2682 453 2719 huius
467 2682 568 2720 mali
589 2683 840 2732 contagium.
902 2684 989 2721 Sibi
1006 2697 1089 2721 non
1105 2683 1269 2732 ignotos
1286 2696 1372 2722 esse
1391 2684 1697 2723 Germanorum
1718 2696 1760 2726 50

716 2810 763 2830 11.
788 2810 877 2839 quae
895 2803 936 2830 l-'z
964 2799 1022 2829 cui
1038 2802 1083 2831 II.

136 2890 167 2920 8.
196 2887 433 2929 Frequenter]
481 2888 588 2919 Since
634 2888 729 2918 their
777 2890 856 2920 first
968 2899 1021 2928 50.
1047 2898 1118 2919 non
1138 2889 1290 2930 ignotos]
1310 2889 1360 2920 Cf.
1375 2889 1514 2920 Faber's
1526 2892 1696 2920 Consilium

92 2933 253 2972 m‹·eting
268 2935 305 2962 at
321 2932 481 2962 Louvain
497 2931 596 2970 early
612 2931 650 2962 in
667 2932 827 2964 October.
926 2934 1000 2972 (see
1026 2942 1056 2971 p.
1076 2933 1156 2973 357)
1170 2944 1178 2963 ε
1213 2933 1409 2964 ‘Nouimus
1434 2935 1694 2964 Germanorum

141 2986 191 3014 14.
216 2975 374 3015 Tullius]
392 2977 481 3006 Fam.
502 2976 535 3006 6.
549 2976 580 3006 6.
600 2984 629 3014 5.
927 2977 1076 3015 animos,
1096 2976 1261 3007 videmus
1280 2977 1492 3007 B0h‹›miam
1512 2979 1562 3007 tot
1589 2978 1695 3007 annis

137 3030 189 3059 31.
218 3018 346 3059 Nvgat]
363 3030 402 3049 sc.
424 3018 544 3049 Faber.
928 3020 1155 3059 pertinacem,
1175 3023 1211 3050 ot
1227 3021 1270 3050 ab
1288 3021 1415 3051 horum
1440 3021 1595 3051 factione
1621 3030 1695 3050 non
