1990 3353
316 114 396 153 544
787 117 1041 156 LETTERS
1081 117 1150 156 OF
1186 118 1452 157 ERASMUS
1798 116 1894 171 [152
1906 130 1919 155 1

319 226 391 272 est,
424 225 522 274 quid
556 239 623 263 me
656 226 903 271 dementius,
935 225 971 264 si
1001 226 1267 266 Lutheranus
1300 228 1443 267 haberi
1470 228 1611 276 velim,
1645 241 1776 278 quum
1808 227 1926 266 illius

319 278 450 318 libros
483 292 569 317 non
603 279 773 329 legam?
828 281 915 318 Aut
948 280 1046 330 quid
1081 283 1188 320 esset
1223 295 1365 321 causae
1393 295 1500 332 quur
1530 296 1597 321 me
1630 282 1846 321 coniiciam
1880 282 1926 320 in

320 333 543 372 factionem
573 336 659 372 tam
688 334 997 384 periculosam?
1052 335 1147 373 Risi
1179 349 1275 374 vero
1308 336 1410 374 satis
1439 349 1650 375 censorem
1687 336 1819 375 istum
1852 336 1926 386 qui

322 401 371 425 ex
398 388 604 437 colloquio
624 387 896 439 deprehendit
917 388 1152 428 Lutherum
1180 390 1287 428 nihil
1314 390 1427 429 aliud
1456 404 1543 429 esse
1563 404 1688 440 quam
1715 391 1926 429 caudicem

264 454 304 488 70
322 455 367 480 ac
405 442 604 492 stipitem,
645 443 782 481 omnis
821 443 1051 493 theologiae
1098 444 1256 482 rudem.
1335 445 1509 483 Vtinam
1546 446 1613 483 vir
1650 445 1722 483 ille
1758 447 1925 483 tantum

321 496 492 535 haberet
524 497 821 535 moderationis
856 501 1059 547 quantum
1093 498 1219 536 habet
1250 499 1499 538 eruditionis
1535 499 1813 549 theologicae!
1871 499 1926 537 Et

320 551 484 589 vtinam
517 553 604 589 tam
635 551 866 590 studuisset
899 552 1139 591 concordiae
1171 553 1430 592 Christianae
1462 567 1587 603 quam
1621 567 1663 592 se
1702 553 1926 592 declarauit

321 605 477 655 aliquid
497 619 618 655 posse
645 606 690 644 in
717 606 843 645 sacris
870 607 1029 644 literis!
1087 607 1167 645 Sed
1197 608 1366 645 interim
1386 608 1458 646 vbi
1487 608 1689 646 iudicium
1717 607 1835 645 illius
1854 607 1926 657 qui

322 660 428 709 apud
450 673 526 698 vos
546 661 588 698 et
606 659 782 699 habetur
801 662 842 699 et
872 663 935 699 est
959 661 1019 698 rei
1048 661 1303 711 theologicae
1330 662 1665 710 callentissimus,
1688 662 1759 711 qui
1788 661 1926 711 palam

262 725 301 758 75
321 714 366 752 in
396 714 506 764 regia
534 714 828 763 pronunciauit
858 715 1081 754 Erasmum
1116 729 1202 754 non
1233 715 1396 754 minore
1429 716 1653 755 interuallo
1691 715 1871 766 relinqui
1903 728 1928 753 a

322 768 504 807 Luthero
533 770 578 807 in
604 769 780 807 scientia
808 782 1016 808 sacrarum
1047 770 1274 818 literarum,
1298 784 1423 820 quam
1451 771 1524 809 ille
1553 771 1605 809 ab
1634 771 1808 808 Erasmo
1837 770 1926 808 vin-

323 825 482 861 ceretur
500 823 739 873 eloquentia
752 825 772 862 ⁶?
830 824 886 862 Et
906 837 985 873 qua
1004 824 1140 862 fronte
1160 838 1271 863 nunc
1292 838 1359 862 me
1379 824 1528 864 volunt
1550 824 1809 863 committere
1830 837 1926 862 cum

323 877 519 925 Luthero,
543 878 614 928 qui
643 878 845 917 hactenus
874 891 941 916 me
969 878 1229 917 blaterarunt
1258 879 1366 917 nihil
1393 879 1505 918 aliud
1534 893 1622 919 esse
1642 892 1767 930 quam
1794 891 1927 928 gram-

322 933 553 970 matisten‘?

262 993 304 1024 80
377 987 457 1026 Sed
479 986 590 1036 finge
610 986 720 1025 nihil
739 987 842 1025 scire
862 987 1108 1026 Lutherum.
1169 988 1276 1036 Quid
1297 990 1390 1027 tum
1419 989 1593 1038 postea?
1639 987 1808 1025 Bellum
1828 1000 1928 1025 vero

323 1042 592 1090 enthymema
621 1041 748 1089 illius,
773 1042 855 1091 qui,
877 1043 924 1080 vt
954 1042 1113 1090 scribis,
1140 1042 1299 1092 placido
1325 1042 1446 1081 vultu
1476 1044 1515 1080 te
1546 1043 1713 1081 intuens
1742 1041 1927 1080 subindi-

324 1095 446 1138 cauit‚
488 1095 525 1133 si
568 1096 774 1134 Lutherus
818 1098 926 1134 esset
963 1096 1168 1144 indoctus,
1207 1110 1230 1135 a
1273 1110 1342 1135 me
1386 1097 1588 1146 profectos
1628 1097 1742 1135 illius
1785 1096 1925 1134 libros.

327 1150 553 1188 Germania
591 1152 654 1188 tot
686 1150 788 1188 viris
825 1150 1001 1188 eruditis
1034 1153 1074 1189 et
1105 1151 1394 1201 eloquentibus
1425 1151 1620 1199 abundat,
1656 1153 1697 1189 et
1731 1163 1806 1199 ego
1838 1152 1927 1189 tam

324 1204 448 1253 longe
486 1207 671 1242 semotus
699 1205 812 1243 solus
845 1205 907 1242 illi
938 1205 1053 1243 adfui
1089 1206 1300 1244 scribenti.
1362 1205 1469 1253 Quid
1504 1219 1608 1255 opus
1641 1208 1729 1243 erat
1763 1206 1814 1243 ad
1847 1205 1929 1243 ista

265 1264 304 1303 85
325 1261 413 1296 tam
442 1258 593 1297 stolida
618 1259 896 1309 respondere?
953 1259 1032 1298 Sed
1059 1262 1277 1309 magnates
1302 1263 1402 1298 sunt
1423 1260 1496 1309 qui
1522 1260 1604 1298 ista
1629 1260 1787 1297 dicunt.
1847 1259 1926 1297 Sed

326 1326 459 1363 neque
488 1314 708 1352 stemmata
736 1327 869 1363 neque
898 1316 1066 1364 torques
1094 1314 1210 1352 addit
1240 1314 1502 1364 sapientiam.
1559 1314 1794 1352 Praestaret
1826 1313 1930 1352 istos

327 1368 371 1405 in
403 1367 609 1406 conuiuiis
643 1368 693 1406 de
721 1370 877 1406 venatu
910 1368 1024 1418 loqui
1058 1369 1198 1418 potius
1227 1382 1352 1418 quam
1381 1368 1432 1407 de
1465 1368 1532 1407 his
1560 1368 1684 1406 rebus
1713 1380 1814 1418 quas
1842 1380 1929 1405 non

328 1422 583 1471 intelligunt.
644 1422 855 1460 Lutherus
884 1435 980 1461 suos
1012 1423 1140 1461 libros
1173 1423 1343 1473 agnouit
1376 1436 1522 1461 omnes
1559 1423 1667 1472 apud
1699 1423 1926 1462 Caesarem.

279 1522 281 1524 q
329 1476 416 1526 Ego
440 1476 549 1514 nihil
576 1489 759 1526 vnquam
785 1477 922 1515 aedidi
946 1478 1011 1515 cui
1038 1491 1123 1516 non
1150 1478 1411 1528 apposuerim
1432 1476 1616 1516 nominis
1635 1477 1719 1515 mei
1740 1476 1925 1515 titulum.

265 1546 307 1578 90
328 1531 411 1568 Nec
435 1544 620 1580 vuquaxn
643 1531 778 1569 aliena
797 1531 907 1569 mihi
926 1532 1148 1581 vindicaui,
1171 1546 1246 1570 nec
1266 1546 1358 1571 mea
1383 1532 1520 1570 titulis
1544 1531 1692 1569 alienis
1717 1530 1925 1580 supposui.

327 1585 396 1623 Ab
435 1585 721 1632 obscoenitate,
762 1599 785 1624 a
832 1586 1045 1634 seditione,
1087 1599 1110 1625 a
1157 1586 1386 1635 periculosa
1424 1587 1728 1629 ‚asseueratione
1767 1597 1932 1634 semper

327 1639 521 1678 abstinui.
568 1639 774 1678 Ecclesiae
794 1640 947 1678 iudicio
967 1653 1058 1679 mea
1077 1653 1237 1690 semper
1257 1640 1445 1688 submisi,
1471 1641 1685 1678 doctorum
1707 1639 1929 1678 hominum

327 1694 514 1732 consiliis
545 1694 723 1732 libenter
753 1695 1012 1742 auscultaui;
1051 1698 1218 1744 paratus
1249 1694 1375 1733 etiam
1414 1708 1529 1733 nunc·
1563 1694 1727 1742 sarcire,
1761 1695 1797 1732 si
1827 1693 1927 1743 quid

326 1748 501 1786 offendit
530 1748 668 1786 doctos
697 1751 737 1787 et
767 1761 915 1798 graues
943 1748 1066 1788 viros.
1126 1749 1297 1799 Excipio
1331 1762 1481 1799 paucos
1510 1749 1581 1799 qui
1610 1751 1650 1786 et
1683 1748 1931 1798 impotentis

267 1819 307 1850 95
329 1802 413 1840 odii
447 1805 487 1840 et
521 1815 669 1852 parum
703 1803 855 1852 integri
888 1803 1031 1842 iudicii
1070 1804 1134 1842 sui
1172 1804 1392 1842 manifesta
1430 1804 1629 1842 dederunt
1668 1804 1926 1851 argumenta.

328 1857 433 1895 Mihi
463 1870 680 1906 nunquam
706 1858 786 1895 fuit
812 1858 977 1896 animus
1002 1871 1188 1908 pugnare
1213 1871 1309 1896 cum
1333 1858 1540 1896 Ecclesiae
1566 1857 1825 1907 primatibus.
1885 1856 1930 1895 Si

327 1911 605 1960 praescribent
627 1924 730 1961 quae
757 1912 911 1950 facient
936 1913 985 1950 ad
1018 1912 1192 1961 gloriam
1213 1913 1380 1961 Christi,
1402 1913 1595 1951 lubentes
1617 1912 1926 1961 amplectemur.

329 1966 403 2004 Sin
434 1966 512 2003 erit
538 1966 647 2015 quod
678 1966 797 2004 nobis
826 1967 974 2004 merito
1005 1967 1232 2016 displiceat,
1256 1967 1379 2005 modo
1409 1980 1459 2004 ne
1489 1967 1543 2005 sit
1572 1966 1708 2016 palam
1737 1965 1926 2014 impium,

328 2020 612 2059 tolerabimus.
672 2020 844 2059 Habent
875 2020 938 2059 illi
977 2021 1196 2059 dominum
1234 2034 1372 2068 suum,
1409 2022 1474 2059 cui
1505 2023 1617 2059 stant
1655 2022 1728 2058 aut
1761 2020 1925 2058 cadunt.

250 2085 310 2107 100
330 2074 385 2113 Et
407 2074 586 2112 arbitror
605 2075 708 2124 phas
728 2088 816 2113 esse
834 2077 967 2114 tacere
988 2076 1095 2124 quod
1117 2089 1262 2114 verum
1283 2078 1357 2123 est,
1383 2076 1417 2113 si
1444 2089 1528 2113 non
1556 2075 1611 2112 sit
1636 2087 1729 2124 spes
1755 2074 1926 2112 fructus.

330 2129 397 2167 Sic
432 2129 621 2168 Christus
652 2129 781 2167 tacuit
813 2130 921 2179 apud
957 2129 1180 2168 Herodem.
1241 2130 1324 2168 Nec
1358 2143 1453 2168 sum
1482 2131 1569 2168 tam
1608 2128 1853 2167 temerarius
1885 2129 1930 2165 vt

329 2196 516 2233 pugnare
536 2183 668 2221 velim
697 2196 792 2222 cum
821 2183 966 2222 edictis
996 2197 1259 2222 summorum
1288 2184 1537 2234 principum,
1562 2183 1755 2222 tantillus
1780 2181 1930 2220 vermi-

331 2237 458 2276 culus.
520 2237 564 2276 Si
584 2241 754 2287 poscent
774 2251 797 2276 a
816 2251 883 2276 me
902 2239 1133 2285 consilium,
1156 2241 1197 2276 et
1217 2238 1360 2277 volent
1380 2239 1421 2276 id
1448 2238 1569 2276 licere
1600 2239 1703 2284 tuto,
1726 2236 1831 2275 dabo
1856 2249 1932 2286 pro

330 2304 422 2330 mea
450 2292 731 2341 simplicitate,
766 2293 800 2330 si
829 2306 913 2331 non
943 2294 1138 2342 prudens,
1172 2295 1280 2331 certe
1310 2293 1442 2331 fidele.
1503 2292 1599 2330 Non
1629 2292 1678 2329 de
1707 2290 1839 2329 nihilo
1868 2291 1931 2328 est

254 2358 310 2390 105
332 2346 441 2395 quod
461 2347 530 2384 hic
549 2347 721 2384 affectus
740 2348 803 2385 tot
823 2348 1013 2397 gentium
1029 2348 1192 2385 animos
1207 2347 1432 2396 occupauit,
1451 2360 1497 2385 ac
1513 2346 1687 2384 subinde
1703 2344 1931 2394 repullulat

331 2401 504 2438 malum.
565 2400 765 2439 Fortassis
796 2401 929 2451 magis
958 2402 1184 2450 expedierit
1210 2401 1368 2439 imitari
1393 2401 1619 2450 prudentes
1648 2400 1839 2444 medicos,
1860 2397 1932 2448 qui

332 2454 491 2493 saniem
517 2467 684 2492 omnem
715 2458 939 2505 repurgant
968 2456 1209 2506 priusquam
1231 2455 1386 2494 vulnus
1411 2455 1619 2494 obducant
1642 2453 1838 2500 cicatrice,
1861 2452 1932 2502 qui

1860 2508 1874 2521 0

418 2583 471 2620 84.
496 2585 571 2613 erat
588 2585 620 2612 H
638 2594 645 2613 ι
667 2584 722 2614 eat
740 2586 774 2614 F.
885 2584 937 2622 98.
964 2583 1067 2613 nobis
1085 2584 1212 2613 merito
1228 2585 1302 2613 add.
1320 2584 1362 2613 H.
1468 2592 1521 2622 99.
1548 2581 1605 2612 cui
1621 2584 1678 2612 H:
1701 2581 1790 2621 qbus
1806 2582 1841 2611 F.

375 2682 428 2713 08.
454 2683 652 2723 censorem]
703 2683 721 2713 I
761 2684 891 2712 cannot
938 2681 1096 2722 identify
1165 2683 1228 2722 Ep.
1247 2691 1309 2720 502
1331 2681 1465 2712 introd.
1513 2681 1548 2711 It
1572 2691 1656 2720 may
1679 2681 1719 2710 be
1743 2679 1930 2719 compared
1986 2708 1990 2716 ,

332 2735 404 2764 any
435 2726 474 2756 of
509 2725 572 2755 the
602 2726 703 2756 three
734 2727 854 2756 critics
886 2726 1097 2756 mentioned
1166 2726 1256 2756 with
1281 2726 1342 2756 the
1366 2725 1481 2764 crafty
1505 2726 1691 2755 utterance
1716 2724 1754 2753 in
1772 2723 1834 2763 Ep.
1853 2724 1930 2762 967.

333 2769 429 2799 here.
478 2769 512 2799 It
544 2770 573 2799 is
604 2769 751 2799 evident
782 2769 874 2799 from
902 2770 926 2799 l.
953 2769 993 2800 81
1019 2769 1098 2800 that
1171 2770 1284 2807 180-5.

334 2812 504 2842 Erasmus
536 2812 607 2842 had
647 2812 757 2843 heard
796 2814 834 2843 of
869 2812 971 2843 them
1006 2813 1099 2844 from
1212 2822 1265 2851 90.
1290 2812 1408 2843 titulis
1425 2811 1569 2852 alienis]
1586 2811 1657 2841 But
1674 2810 1716 2840 cf.
1736 2809 1797 2840 the
1815 2808 1931 2839 works

334 2855 531 2895 Mountjoy.
1171 2856 1352 2886 discussed
1382 2856 1420 2885 in
1452 2855 1537 2894 Epp.
1569 2864 1632 2894 495
1661 2853 1807 2893 intmd„
1838 2853 1931 2882 1061.

381 2901 433 2930 88.
462 2899 657 2939 Lutherus]
677 2899 728 2930 Cf.
749 2900 810 2939 Ep.
831 2901 924 2930 1218.
948 2909 1024 2938 1511.
1170 2909 1274 2939 505n‚
1294 2909 1376 2938 1149
1392 2898 1523 2928 introd.

378 2944 429 2982 89.
456 2941 590 2980 aedidi]
607 2943 693 2973 This
705 2944 897 2974 statement
914 2944 943 2973 is
956 2944 1099 2981 correct,
1213 2953 1267 2982 92.
1293 2941 1460 2982 submisi]
1479 2942 1529 2973 Cf.
1551 2941 1613 2980 Ep.
1635 2949 1728 2979 1225.
1747 2949 1846 2979 119n.

335 2988 366 3017 if
388 2988 450 3017 the
474 2986 653 3026 emphasis
674 2987 716 3017 be
734 2986 807 3017 laid
825 2997 871 3018 on
887 2989 994 3018 aeclz'di
1011 2997 1018 3017 :
1041 2996 1099 3017 sec
1217 2997 1288 3017 100.
1315 2985 1447 3026 tacere]
1467 2985 1518 3016 Cf.
1537 2985 1598 3025 Ep.
1618 2994 1708 3024 1119.
1729 2993 1809 3022 40¹¹·
