1990 3353
128 137 249 190 1033]
462 140 531 177 TO
570 139 798 178 ALBERT
837 142 907 179 OF
944 142 1380 184 BRANDENBURG
1648 149 1722 188 101

124 250 465 289 accommodaret.
526 249 642 288 Haec
662 249 833 299 quidam
853 249 1096 288 stultissimi
1116 250 1173 289 sic
1199 251 1461 302 interpretati
1488 257 1586 292 sunt
1608 257 1725 305 quasi
1746 269 1785 300 55

124 303 309 343 Luthero
337 305 547 343 fauerem:
590 316 685 342 cum
714 303 892 341 istorum
921 317 1045 342 nemo
1077 304 1293 344 hominem
1326 306 1461 345 adhuc
1500 310 1722 356 monuerit,

123 358 212 408 ipse
230 359 343 398 solus
369 357 580 397 admonui.
639 358 728 407 Ego
750 357 925 396 Lutheri
953 371 1029 396 nec
1058 362 1272 398 accusator
1298 373 1394 398 sum
1424 374 1498 399 nec
1526 364 1726 412 patronus

123 425 198 450 nec
226 426 330 451 reus.
389 413 450 450 De
479 412 630 462 spiritu
658 411 843 450 hominis
871 425 956 450 non
985 413 1120 451 ausim
1148 413 1356 462 iudicare3
1387 418 1450 454 est
1479 417 1594 455 enim
1623 418 1725 456 diffi-

124 466 345 515 cillimum,
367 467 611 517 praesertim
631 466 676 503 in
703 467 862 515 partem
886 467 1078 516 peiorem.
1140 468 1195 507 Et
1221 470 1362 507 tamen
1388 470 1424 507 si
1452 470 1518 509 illi
1541 471 1723 510 fauerem

123 523 171 558 vt
189 521 279 559 viro
308 522 426 570 bono,
450 521 558 571 quod
584 521 770 559 fatentur
794 523 836 559 et
861 521 1026 569 hostes;
1056 521 1092 560 si
1110 524 1156 560 vt
1182 536 1262 571 reo,
1287 523 1397 573 quod
1420 524 1567 563 iuratis
1597 525 1723 564 etiam
1744 531 1785 564 60

124 575 333 614 iudicibus
362 576 613 626 permittunt
641 575 777 624 leges3
808 575 843 612 si
873 577 920 614 vt
950 588 1154 625 oppresso.
1180 577 1288 627 quod
1322 578 1453 617 dictat
1485 579 1726 620 humanitas

124 630 215 668 —si
233 632 280 668 vt
300 643 494 680 oppresso
517 629 569 668 ab
600 629 667 668 his
693 629 764 678 qui
793 629 990 668 simulato
1018 633 1236 680 praetextu
1265 631 1429 671 deuotis
1457 634 1609 672 animis
1638 637 1725 673 ten-

125 684 232 722 dunt
265 685 463 723 aduersus
492 684 622 722 bonas
653 683 808 728 literas,
842 697 948 733 quae
977 685 1147 723 tandem
1177 688 1285 724 esset
1314 687 1484 734 inuidia,
1519 689 1644 727 modo
1673 703 1725 728 ne

124 751 269 777 causae
280 752 348 777 me
363 738 635 777 admiscerem
648 739 669 776 ⁴?
716 738 937 776 Postremo
949 738 1237 778 Christianum
1251 742 1323 787 est,
1340 742 1498 791 opinor,
1514 743 1573 781 sic
1588 744 1726 782 fauere

78 784 84 791 ¹
124 792 307 831 Luthero
325 796 387 841 vt,
407 793 443 831 si
463 793 664 831 innocens
683 794 756 840 est,
780 792 914 831 nolim
941 806 1039 831 eum
1068 793 1354 843 improborum
1384 796 1635 836 factionibus
1658 812 1725 848 op·
1743 803 1783 842 65

123 846 274 896 primi3
305 847 371 886 sin
392 849 512 894 errat,
538 847 668 885 velim
687 847 835 895 sanari,
859 860 943 885 non
964 847 1103 897 perdi:
1135 849 1214 887 hoc
1236 850 1350 887 enim
1370 851 1505 900 magis
1531 853 1726 902 congruit

122 914 219 939 cum
248 902 437 951 exemplo
468 901 636 948 Christi,
660 901 731 951 qui
751 901 867 940 iuxta
886 902 1118 951 Prophetae
1136 903 1427 943 testimonium
1448 905 1584 944 linum
1603 907 1724 946 fumi-

122 969 226 1005 gans
248 969 332 994 non
352 956 545 1003 extinxit,
569 969 701 1006 neque
720 955 916 994 baculum
937 958 1193 996 confractum
1214 959 1474 999 comminuit.

179 1010 367 1059 Optarim
400 1013 544 1060 pectus
575 1010 694 1058 illud,
729 1010 837 1060 quod
871 1010 1037 1049 videtur
1075 1012 1225 1050 habere
1264 1013 1493 1062 praeclaras
1524 1016 1725 1065 quasdam

124 1064 329 1103 scintillas
348 1065 625 1114 Euangelicae
654 1064 875 1110 doctrinae,
902 1078 987 1103 non
1016 1067 1205 1115 opprimi,
1231 1067 1301 1105 sed
1330 1071 1562 1108 correctum
1586 1070 1725 1109 vocari
1746 1082 1786 1116 70

122 1118 173 1157 ad
192 1119 510 1168 praedicandam
536 1119 711 1169 gloriam
732 1119 901 1158 Christi.
962 1120 1084 1158 Nunc
1112 1121 1296 1171 theologi
1321 1123 1502 1172 quidam,
1525 1138 1628 1174 quos
1650 1139 1724 1175 ego

123 1173 234 1219 noui,
254 1187 328 1212 nec
343 1173 571 1212 admonent
588 1187 661 1212 nec
676 1174 823 1212 docent
834 1173 1066 1212 Lutheruni
1084 1190 1093 1220 ;
1117 1177 1284 1214 tantum
1297 1176 1456 1216 insanis
1472 1178 1726 1217 clamoribus

119 1228 229 1277 apud
258 1229 459 1278 populum
485 1228 710 1267 traducunt
737 1228 966 1275 hominem.
989 1232 1030 1267 et
1050 1230 1190 1268 virum
1212 1231 1463 1269 saeuissimis
1482 1235 1524 1271 et
1543 1234 1725 1272 virulen-

120 1282 298 1320 tissimis
313 1282 686 1321 obtrectationibus
697 1283 887 1328 lacerant,
898 1283 1005 1321 nihil
1018 1284 1220 1323 habentes
1232 1285 1277 1322 in
1285 1298 1352 1324 ore
1364 1290 1526 1335 praeter
1538 1287 1725 1327 haereses

118 1338 162 1374 et
181 1337 422 1375 haereticos.
473 1336 625 1386 Negari
644 1350 728 1375 non
748 1339 885 1386 potest
904 1337 971 1376 hic
991 1338 1220 1377 clamatum
1240 1340 1368 1378 fuisse
1391 1342 1498 1390 apud
1520 1343 1723 1392 populum
1746 1354 1783 1386 75

118 1390 386 1437 odiosissime,
408 1391 460 1429 ab
480 1391 531 1428 iis
551 1391 623 1441 qui
641 1391 770 1429 libros
789 1391 965 1430 Lutheri
985 1393 1173 1431 nondum
1194 1393 1399 1433 viderunt.
1452 1395 1724 1446 Compertum

118 1448 183 1484 est
202 1445 405 1494 quosdam
426 1446 678 1484 nominatim
698 1446 916 1484 damnasse
937 1460 1040 1496 quae
1061 1461 1145 1485 non
1171 1448 1476 1488 intellexerant.
1537 1451 1722 1499 Quorum

121 1499 227 1537 illud
247 1502 312 1538 est
329 1513 485 1548 vnum;
514 1500 726 1538 Lutherus
745 1500 968 1550 scripserat
989 1514 1064 1539 nos
1084 1515 1169 1540 non
1195 1504 1331 1541 teneri
1358 1502 1421 1542 ad*
1436 1505 1723 1544 confitendum

119 1557 285 1604 peccata
322 1554 529 1603 mortalia,
571 1554 654 1593 nisi
692 1555 926 1602 manifesta,
966 1556 1153 1594 sentiens
1191 1557 1414 1596 manifesta
1452 1573 1555 1609 quae
1604 1560 1725 1598 nobis

119 1609 418 1647 confitentibus
437 1611 577 1647 essent
599 1611 708 1648 nota.

161 1733 215 1762 55.
241 1723 456 1754 stultissime
472 1724 506 1757 β.

117 1767 169 1806 58.
195 1777 278 1798 reus
293 1778 360 1806 ‘²7²
384 1766 493 1797 iudex
510 1767 533 1800 β
545 1769 580 1797 F,

686 1723 740 1761 56.
767 1732 926 1754 nemon:
951 1723 1074 1754 nullus
1089 1727 1130 1755 H.

707 1776 760 1805 59.
788 1767 817 1796 si
833 1778 876 1806 ‘²7
892 1778 900 1798 :
924 1777 982 1799 om.
999 1767 1047 1801 3².

115 1813 172 1843 62.
197 1812 227 1841 si
259 1813 298 1842 vt
329 1820 495 1850 oppresso
525 1821 566 1840 a:
601 1820 661 1841 om.
692 1811 736 1844 B:
773 1812 808 1841 et
839 1811 965 1841 obruto
997 1813 1039 1842 H.

770 1609 820 1647 Id
841 1609 1011 1659 quidam
1032 1610 1258 1649 Carmelita
1277 1612 1497 1661 theologus
1517 1614 1575 1652 sic
1599 1615 1723 1653 inter·
1742 1621 1783 1650 So

1311 1735 1362 1764 57.
1387 1725 1467 1766 1172:
1492 1728 1724 1770 Luttheri71.

1172 1769 1227 1799 60.
1254 1769 1363 1800 etiam
1381 1772 1420 1800 αδ
1435 1781 1442 1800 :
1466 1782 1525 1803 om.
1543 1772 1580 1812 7¹
1597 1784 1604 1803 :
1628 1773 1657 1805 &1
1672 1773 1720 1814 73.

1183 1813 1353 1844 simulato
1386 1816 1434 1848 βε
1466 1816 1655 1848 simulatae
1689 1830 1720 1850 α.

117 1855 257 1886 deuotis
279 1854 413 1885 animis
436 1855 469 1889 β,
493 1856 531 1892 cs.
554 1856 634 1891 Epp.
665 1863 759 1893 1053.
783 1864 902 1894 520—1‚
933 1865 1027 1894 1097.
1051 1865 1105 1894 35,
1135 1857 1228 1895 1098.
1258 1866 1307 1897 15,
1339 1859 1429 1889 1128.
1450 1870 1484 1898 9,
1511 1860 1606 1899 1167.
1632 1862 1675 1892 26
1697 1866 1725 1892 et

117 1901 242 1936 saepius
255 1910 263 1930 z
288 1897 492 1929 deuotionis
507 1910 537 1928 α.

115 1944 172 1975 66.
197 1943 254 1973 sin
278 1944 358 1977 BF:
382 1943 412 1972 si
435 1953 490 1981 αὙ.

116 1987 274 2018 reuocari
290 1987 312 2020 β
323 1989 360 2016 F.

115 2031 210 2070 apud
227 2033 303 2060 aF:
327 2029 372 2060 ad
388 2040 420 2069 γ.

115 2074 302 2105 hominem
325 2077 390 2112 post
409 2073 570 2103 lacerant
592 2075 666 2104 adel.
685 2074 728 2107 B:
753 2083 810 2103 0⁷²2.
831 2085 886 2113 <²7-

651 1899 705 1936 64.
729 1908 787 1928 me
804 1908 928 1929 causae
945 1900 979 1932 β.

659 1943 713 1972 68.
740 1943 900 1973 extinxit
923 1941 1014 1979 αῑβι
1040 1944 1222 1983 extinguit
1245 1944 1289 1976 αἳ.

455 1995 503 2024 71.
528 1984 808 2025 praedicandam
825 1986 975 2025 gloriam
993 1999 1012 2016 α
1028 1998 1035 2017 :
1060 1988 1366 2026 praedicationem
1383 1990 1514 2028 gloriae
1531 1992 1564 2024 β.
1670 2002 1723 2031 73.

539 2029 658 2059 virum
676 2030 895 2060 saeuissimis
911 2033 947 2061 et
963 2041 1021 2062 om.
1041 2032 1074 2063 β.

1087 1902 1140 1930 est
1157 1902 1229 1931 add.
1248 1903 1284 1932 F.
1405 1903 1458 1942 65.
1485 1913 1568 1934 eum
1585 1907 1659 1936 add.
1679 1908 1723 1936 H.

1458 1957 1511 1985 70.
1536 1949 1653 1979 vocari
1666 1960 1721 1988 α’γ.

1188 2041 1240 2070 74.
1265 2032 1423 2064 lacerant
1441 2036 1518 2065 aF:
1536 2035 1671 2066 latrant
1686 2048 1720 2077 γ.

1025 2083 1074 2112 75.
1099 2076 1136 2105 et
1161 2074 1361 2107 haereticos
1388 2089 1432 2108 a:
1457 2080 1492 2108 et
1518 2078 1724 2110 haereticus

116 2120 163 2151 B:
189 2121 224 2148 et
247 2117 470 2148 haereticum
493 2127 539 2157 ’γε
568 2119 604 2147 et
628 2117 824 2148 haereticos
847 2121 882 2147 et
906 2117 1139 2148 antichristos
1156 2122 1204 2149 F:
1229 2119 1438 2161 haereticos,
1464 2121 1720 2162 heresiarchas,

117 2162 313 2193 schismata
328 2163 364 2191 et
380 2160 616 2191 antichristos
632 2163 674 2192 H.

115 2205 204 2236 talia.
220 2216 239 2234 α
253 2217 258 2235 z
284 2204 455 2244 capitalia
470 2207 513 2236 H.

158 2320 210 2359 58.
239 2319 337 2360 reus]
387 2321 627 2352 ‘answerable
676 2321 729 2352 for
742 2320 760 2353 ⁷.
807 2321 881 2353 The

116 2364 265 2404 reading
292 2365 330 2395 of
355 2365 448 2395 most
471 2364 509 2395 of
531 2365 594 2395 the
617 2366 881 2397 unauthorized

113 2406 272 2438 editions
288 2418 355 2438 can
372 2407 503 2448 hardly
520 2409 561 2438 be
578 2418 598 2438 a
614 2410 820 2448 corruption
847 2411 886 2440 of

115 2451 177 2481 the
203 2451 353 2491 reading
381 2451 536 2491 adopted
553 2452 592 2482 in
611 2452 647 2491 F,
667 2453 739 2483 and
758 2454 787 2483 is
804 2464 882 2493 pro-

115 2494 222 2534 bably
240 2495 418 2526 therefore
445 2498 591 2527 correct.
640 2497 712 2527 But
730 2496 773 2529 cf.
792 2497 881 2537 Epp.

117 2547 209 2576 1041.
229 2548 282 2578 34,
306 2539 398 2577 1167.
420 2549 496 2578 247.

158 2584 210 2612 62.
239 2582 442 2623 praetextu]
478 2583 529 2614 Cf.
561 2583 647 2623 Epp.
677 2585 752 2624 694.
784 2594 880 2622 40-1‚

115 2634 188 2664 701.
207 2635 258 2655 21.

157 2671 210 2707 64.
236 2670 354 2700 fauere
383 2669 560 2710 Luthero]
596 2670 670 2701 The
703 2671 880 2711 carefully

114 2713 301 2743 measured
325 2715 474 2753 support
496 2714 602 2754 given
627 2714 711 2746 here
728 2715 791 2745 did
816 2720 879 2746 not

114 2757 267 2795 inipress
298 2756 446 2797 Luther,
481 2758 563 2787 who
596 2760 706 2789 wrote
738 2758 776 2789 of
804 2759 879 2789 this

112 2799 220 2830 letter
236 2810 274 2831 as
296 2801 455 2840 ‘egregia
471 2801 626 2840 epistola
654 2801 792 2833 Erasini
811 2827 818 2834 .
838 2825 846 2832 .
866 2826 874 2833 .

111 2842 154 2874 de
182 2853 239 2873 ine
267 2843 424 2874 multum
455 2844 626 2876 solliciti.
648 2868 655 2875 .
677 2869 696 2884 .,
728 2846 787 2876 vbi
820 2856 877 2876 nie

109 2888 247 2926 egregie
284 2888 436 2927 tutatur,
475 2889 526 2918 ita
555 2890 678 2919 tamen
711 2892 748 2920 vt
780 2890 875 2920 nihil

110 2930 232 2960 minus
248 2940 357 2969 quam
368 2940 425 2961 me
442 2932 555 2962 tutari
568 2932 736 2963 videatur
751 2943 759 2972 ;
783 2933 875 2964 sicut

108 2973 196 3004 solet
223 2983 286 3013 pro
313 2974 530 3005 dexteritate
559 2976 641 3006 sua'
672 2974 776 3007 ='1.1‹:.2
796 2979 870 3014 264.

111 3025 240 3056 19-23:
265 3017 403 3049 26Jan.
426 3019 538 3058 1520).

799 2161 851 2199 76.
878 2161 922 2191 iis
938 2172 958 2191 α
973 2172 980 2191 :
1005 2162 1062 2192 his
1078 2163 1112 2195 β.

624 2204 676 2235 80.
705 2204 962 2235 confitentibus
978 2208 1049 2236 (cdd.
1068 2207 1105 2236 F.

1204 2164 1371 2194 viderant
1387 2167 1419 2198 β.
1551 2176 1601 2205 79.
1628 2176 1722 2197 mor-

1198 2207 1395 2239 Carmelita
1409 2208 1593 2249 theologus
1608 2221 1666 2241 om.
1682 2214 1718 2242 F.

993 2324 1045 2362 67.
1075 2323 1293 2365 Prophetae]
1336 2323 1384 2355 Is.
1412 2334 1465 2363 42.
1495 2334 1540 2365 33
1579 2325 1622 2357 cf.
1657 2326 1718 2367 Ep.

949 2377 1026 2406 939·
1052 2376 1119 2404 ΙΙ3-

996 2411 1044 2449 78.
1074 2410 1254 2441 Lutherus
1307 2411 1514 2453 scripserat]
1565 2413 1610 2444 In
1658 2413 1720 2444 the

952 2457 1056 2484 Sermo
1094 2457 1131 2484 de
1164 2457 1367 2493 poenitentia,
1408 2456 1648 2496 WVittenbmg,
1686 2457 1718 2488 J.

952 2498 1202 2537 Grunenberg,
1232 2499 1324 2537 1518,
1351 2498 1392 2531 f0.
1410 2499 1456 2530 A³
1479 2503 1519 2531 v⁰
1544 2500 1721 2540 (Weimar

952 2541 1006 2572 vd.
1036 2541 1058 2571 i.
1083 2542 1187 2580 322)ss
1213 2542 1397 2573 ‘Primum
1427 2545 1466 2574 vt
1495 2544 1596 2575 nullo
1612 2543 1719 2574 modo

950 2594 1158 2624 praesumas
1182 2586 1342 2616 confiteri
1374 2590 1518 2626 peccata
1548 2587 1717 2627 venialia,

951 2628 1010 2658 sed
1030 2638 1095 2659 nec
1111 2629 1233 2659 omnia
1256 2630 1435 2671 mortalia,
1453 2632 1539 2670 quia
1556 2632 1719 2672 impossi-

951 2671 1022 2702 bile
1038 2673 1091 2702 est
1108 2674 1145 2702 vt
1169 2673 1291 2704 onmia
1314 2674 1483 2705 mortalia
1507 2675 1719 2714 cogn‹›seas.'

950 2715 967 2745 1
986 2725 1060 2745 owe
1078 2715 1152 2746 this
1169 2716 1350 2748 reference
1366 2719 1402 2748 to
1414 2718 1507 2750 Prof.
1524 2718 1718 2749 Preserved

949 2759 1081 2791 Smith.
1129 2760 1198 2790 For
1237 2761 1418 2791 Erasmus’
1448 2764 1643 2793 treatment
1684 2763 1723 2791 of

947 2803 1022 2833 this
1035 2803 1136 2842 point
1149 2804 1187 2833 in
1202 2804 1267 2834 the
1279 2806 1384 2842 colloq.
1397 2807 1575 2844 Formulae,
1594 2806 1717 2837 March

951 2855 1045 2884 1522,
1065 2847 1107 2877 cf.
1128 2847 1192 2886 Ep.
1213 2857 1306 2886 1301.
1327 2850 1448 2887 28—32.

989 2890 1042 2920 80.
1070 2890 1281 2932 Carmelita]
1298 2890 1442 2932 Clearly
1461 2892 1718 2931 Egmomlanm

948 2933 1024 2973 (Ep.
1045 2933 1118 2971 878.
1139 2935 1244 2974 1311);
1283 2935 1328 2966 cf.
1355 2936 1424 2966 Zw.
1452 2936 1507 2966 E.²
1528 2946 1560 2976 p.
1579 2937 1654 2974 384.
1675 2937 1717 2966 28

945 2987 1014 3015 seq.
1049 2977 1110 3016 Ep.
1132 2987 1225 3017 1153.
1244 2987 1329 3018 41—3
1342 2979 1458 3009 shows
1474 2980 1553 3010 that
1570 2979 1616 3009 he
1633 2980 1715 3010 took

947 3021 1114 3059 umbi-age
1142 3023 1179 3052 at
1205 3022 1280 3051 this
1305 3031 1458 3061 passage.
1510 3023 1642 3061 Hem-e,
1670 3033 1717 3053 no
