1990 3353
297 130 377 169 418
763 129 1016 169 LETTERS
1056 131 1125 170 OF
1165 131 1432 171 ERASMUS
1770 132 1812 186 [1
1821 144 1898 182 520

297 241 521 280 autoribus.
582 241 627 279 Si
659 254 682 279 a
716 240 803 279 solo
835 240 996 278 Thoma
1028 240 1307 288 dissentirem,
1340 240 1473 279 videri
1504 253 1667 290 possem
1701 242 1747 280 in
1776 241 1899 280 illum

298 295 491 346 iniquior.
550 295 669 333 Nunc
697 297 737 333 et
763 295 814 333 ab
839 295 1059 333 Ambrosio
1085 297 1126 333 et
1151 295 1203 333 ab
1232 296 1492 344 Hieronymo
1519 297 1560 333 et
1585 295 1636 333 ab
1661 296 1900 345 Augustino

238 358 278 393 75
298 363 381 388 non
414 363 506 388 raro
540 349 756 396 dissentio,
790 349 861 387 sed
896 351 1155 397 reuerenter;
1198 350 1243 387 in
1277 350 1482 388 Thomam
1521 349 1647 388 etiam
1686 349 1900 389 candidior

298 418 421 454 quam
460 406 507 443 vt
545 403 693 442 multis
731 403 852 441 bonis
890 405 931 441 et
968 404 1138 442 eruditis
1175 404 1279 442 viris
1323 406 1489 453 gratum
1529 403 1596 442 sit.
1675 404 1754 443 Sed
1792 404 1899 443 hanc

297 458 572 497 reuerentiam
594 471 680 496 non
700 458 845 507 opinor
865 470 932 495 me
954 457 1100 497 debere
1120 457 1376 507 Hugonibus
1395 459 1467 496 aut
1487 457 1665 507 Lyranis
1690 458 1897 503 omnibus.

296 512 421 551 etiam
444 512 480 550 si
501 512 666 562 Lyrano
686 525 770 550 non
787 511 896 550 nihil
917 512 1127 550 debemus.
1189 512 1364 550 Nullum
1384 511 1465 551 fuit
1484 512 1670 550 seculum
1691 514 1779 550 tam
1798 512 1900 550 felix

296 567 398 616 quin
436 566 593 616 optima
629 565 889 616 paucioribus
920 566 1160 616 placuerint.
1220 567 1301 606 Sed
1335 566 1446 605 haud
1480 566 1564 604 scio
1597 579 1650 605 an
1686 566 1772 605 vllo
1805 566 1902 616 plus

237 624 278 654 80
297 621 462 659 licuerit
490 620 694 664 inscitiae,
717 620 919 667 audaciae,
947 620 1243 670 impudentiae,
1268 620 1486 659 stoliditati
1511 620 1759 670 linguaeque
1784 622 1900 671 petu-

296 674 460 713 lantiae.
501 673 640 713 Libris
660 674 864 722 diffidunt,
882 675 953 725 qui
968 676 1093 713 tacita
1113 676 1332 714 doctorum
1352 675 1572 714 hominum
1591 674 1743 713 iudicia
1762 675 1902 713 subire

300 732 529 779 coguntur;
564 742 626 768 res
652 729 809 778 geritur
835 729 990 779 linguis
1009 743 1169 768 veneno
1196 729 1351 778 tinctis,
1374 729 1500 779 idque
1525 729 1635 778 apud
1662 729 1900 779 imperitam

296 783 471 833 plebem,
500 784 607 833 apud
638 783 823 822 credulas
852 783 1127 823 mulierculas.
1188 782 1240 821 In
1270 783 1421 822 horum
1451 783 1631 834 simplici
1659 783 1902 822 credulitate

297 840 384 877 tota
414 837 610 876 victoriae
642 851 735 888 spes
765 838 850 876 illis
880 838 958 876 sita
987 840 1062 877 est.
1123 838 1156 876 O
1185 838 1313 876 fortes
1343 838 1465 886 viros,
1499 839 1570 888 qui
1598 837 1676 876 hoc
1704 851 1786 876 vno
1816 837 1900 876 telo

237 895 276 936 85
296 893 579 931 formidabiles
616 895 725 940 sunt,
770 906 850 942 quo
888 894 1136 930 metuuntur
1172 894 1213 930 et
1249 894 1433 930 scurrae!
1509 893 1565 930 Et
1603 893 1744 941 postea
1780 892 1902 931 nobis

297 947 517 997 imputant,
542 946 577 985 si
598 946 669 996 qui
689 947 805 997 peius
825 947 874 985 de
901 947 1004 997 ipsis
1036 946 1229 995 sentiant,
1253 947 1289 984 si
1316 947 1526 996 pauciores
1555 959 1644 985 sese
1672 947 1902 995 adiungant

297 1002 555 1040 sacrosancto
577 1002 760 1050 ipsorum
781 1001 895 1051 gregi
914 1016 923 1049 ;
953 1014 1048 1039 cum
1068 1001 1148 1051 ipsi
1170 1001 1394 1050 publicitus
1421 1001 1548 1039 etiam
1575 1000 1784 1039 declarent
1811 1000 1900 1050 ipsa

298 1069 339 1094 re
359 1058 514 1106 quanto
533 1055 705 1106 propius
725 1056 865 1094 absint
885 1056 934 1093 ab
955 1055 1096 1104 impiis
1120 1055 1388 1105 sycophantis
1415 1069 1536 1104 quam
1565 1068 1589 1093 a
1610 1068 1707 1093 vere
1733 1055 1902 1105 pietatis

296 1110 535 1148 cultoribus.
596 1110 677 1148 Sed
696 1109 782 1148 illis
802 1111 1016 1160 continget
1036 1109 1260 1159 aliquando
1275 1123 1349 1148 sua
1365 1109 1566 1157 Nemesis,
1585 1109 1778 1148 videlicet
1798 1109 1901 1159 ipsis

235 1177 276 1209 90
297 1177 371 1202 suo
400 1164 481 1202 sibi
509 1164 697 1203 iumento
725 1164 885 1203 malum
914 1163 1228 1211 accersentibus,
1255 1166 1295 1202 et
1326 1164 1539 1213 continget
1568 1163 1760 1202 alicunde
1789 1163 1899 1202 malo

297 1218 406 1257 nodo
426 1218 562 1257 malus
582 1231 746 1256 cuneus.
808 1218 952 1268 Neque
971 1219 1086 1256 enim
1110 1218 1348 1256 consultum
1374 1218 1552 1257 arbitror
1580 1218 1774 1257 dimicare
1803 1231 1897 1256 cum

296 1273 514 1311 ventribus
544 1273 780 1321 coniuratis,
813 1273 885 1322 qui
918 1286 993 1311 nec
1027 1285 1147 1311 aures
1179 1273 1334 1311 habent
1364 1286 1439 1311 nec
1471 1275 1667 1311 mentem.
1726 1273 1781 1311 Et
1809 1271 1898 1310 viro

298 1326 537 1366 Christiano
556 1327 726 1376 dignius
749 1330 813 1366 est
838 1327 944 1365 ferre
970 1340 1132 1366 scurras
1159 1340 1285 1376 quam
1311 1327 1481 1366 imitari.
1541 1327 1627 1365 Nos
1657 1329 1729 1365 tuo
1759 1326 1904 1376 tuique

297 1381 502 1420 similium
535 1382 716 1429 hortatu,
748 1382 818 1420 sed
853 1383 897 1420 in
927 1381 1074 1431 primis
1102 1382 1267 1432 auspice
1296 1381 1474 1430 Christo,
1506 1393 1726 1431 pergemus
1755 1382 1795 1419 et
1826 1394 1901 1419 nos

236 1448 276 1480 95
297 1436 408 1485 ipsos
435 1438 477 1474 et
506 1436 610 1474 alios
639 1436 882 1475 huiusmodi
905 1436 1063 1486 vigiliis
1091 1436 1142 1474 ad
1173 1435 1343 1475 meliora
1371 1449 1599 1486 prouocare.
1653 1435 1767 1473 Bene
1796 1435 1904 1481 vale,

298 1491 469 1541 patrone
491 1504 583 1529 cum
604 1490 751 1540 primis
771 1491 952 1528 colende.

352 1545 527 1583 Louanii
548 1557 664 1583 ,XVIL
688 1545 826 1583 Galen.
850 1545 1076 1583 Ianuarias.
1137 1557 1248 1583 ANNo
1269 1557 1430 1583 M.D.xx.

668 1761 790 1801 1172.
851 1760 914 1801 To
947 1759 1218 1803 GODESCALO
1248 1761 1544 1803 RosmroNDT.

348 1871 540 1918 Epistolae
558 1872 606 1907 ad
624 1872 792 1908 diuersos
810 1885 845 1918 p.
869 1875 947 1918 561.
1533 1873 1708 1908 Louvain.

347 1930 437 1966 HN:
465 1931 579 1967 Lond.
600 1943 654 1964 xv.
676 1942 716 1975 3:
743 1931 815 1967 LB.
837 1941 914 1976 557.
1358 1930 1412 1978 <(.
1438 1941 1476 1974 17
1497 1931 1726 1977 December>
1752 1941 1854 1977 1520.

344 2032 417 2073 [An
446 2034 692 2072 approximate
720 2033 947 2064 month-date
975 2042 1040 2064 can
1068 2033 1109 2063 be
1137 2031 1303 2072 assigned
1331 2032 1422 2062 from
1455 2032 1517 2063 the
1550 2042 1630 2063 new
1658 2032 1778 2063 attack
1808 2043 1902 2073 upon

300 2075 467 2106 Erasmus
483 2087 490 2106 :
514 2086 570 2107 see
588 2076 610 2107 l.
629 2076 701 2117 2n.]

301 2187 504 2218 ERASMVS
525 2188 748 2218 ROTEROD.
772 2187 948 2218 INSIGNI
974 2186 1210 2218 THEOLOGO
1231 2186 1273 2215 D.
1295 2185 1592 2216 GODSCHALCO
1617 2185 1905 2224 ROSEMVNDO,

609 2257 909 2288 LOVANIENSIS
940 2255 1212 2286 ACADmIIAE
1244 2254 1454 2294 REGTORI,
1487 2254 1522 2283 S.
1547 2255 1589 2284 D.

355 2361 595 2399 MAGmmcss
630 2360 677 2399 D.
713 2361 872 2407 Rector,
906 2374 990 2398 non
1025 2359 1170 2398 dubito
1203 2359 1305 2408 quin
1340 2360 1385 2396 tu
1420 2357 1524 2396 scias
1556 2358 1595 2395 id
1635 2357 1745 2407 quod
1777 2371 1902 2396 nemo

300 2414 441 2460 nescit,
465 2428 588 2464 quam
609 2415 800 2453 seditiose
819 2415 1091 2453 debacchatus
1110 2413 1165 2452 sit
1184 2413 1229 2450 in
1249 2425 1405 2450 nomen
1430 2424 1571 2450 meum
1596 2410 1706 2449 alter
1732 2411 1899 2461 quidam

301 2469 494 2516 Iac-obita,
519 2469 645 2518 priori
675 2469 738 2507 illi
766 2468 934 2507 rabulae
962 2467 1301 2514 succenturiatus,
1329 2480 1352 2504 a
1382 2466 1499 2504 nullo
1530 2465 1720 2504 conuicio
1749 2468 1900 2516 tempe-

348 2584 440 2613 1111.
469 2592 519 2621 73.
544 2584 674 2622 possim
694 2594 717 2613 ε.
846 2584 897 2621 83.
924 2583 981 2612 αδ;
1005 2581 1209 2613 credulitati
1226 2592 1257 2620 γ.
1380 2580 1430 2610 86.
1459 2581 1486 2609 si
1505 2584 1576 2611 ante
1594 2579 1775 2619 pauciores
1792 2588 1849 2608 om.
1870 2579 1897 2608 δ.

301 2636 355 2665 91.
383 2627 476 2657 nodo
493 2628 536 2660 B:
562 2626 666 2656 modo
683 2638 713 2657 α.
951 2636 1002 2664 97.
1030 2636 1049 2656 a
1069 2625 1210 2655 Christo
1230 2625 1312 2654 nuto
1326 2627 1392 2659 post
1409 2633 1499 2654 Anno
1516 2626 1592 2654 add.
1612 2625 1707 2653 Loncl.
1726 2634 1731 2652 :
1756 2632 1814 2652 om.
1834 2624 1896 2651 [Β.

303 2670 396 2699 1172.
425 2679 487 2700 Tir.
505 2679 637 2700 msmm
652 2679 832 2700 Timomco
848 2680 905 2700 om.
924 2672 965 2699 H.
1150 2677 1176 2697 1.
1205 2667 1244 2697 D.
1267 2677 1324 2697 om.
1344 2669 1384 2696 II.
1535 2676 1565 2706 3.
1592 2666 1750 2696 Iacobita
1767 2668 1810 2696 F:
1836 2665 1900 2695 Do-

302 2714 507 2743 minieanus
524 2715 566 2743 H.

349 2834 441 2863 1171.
471 2842 519 2871 73.
539 2832 687 2873 Thomu]
707 2832 757 2863 (js.
774 2833 835 2871 Ep.
858 2833 948 2862 1126.
962 2833 1061 2862 26211.
1174 2832 1267 2861 1172.
1293 2842 1320 2862 2.
1347 2831 1439 2862 alter
1455 2830 1623 2871 quidam]
1642 2830 1716 2860 'l'he
1732 2830 1902 2870 preachel·

349 2878 400 2915 78.
426 2876 582 2916 Lyrano]
601 2878 664 2906 Sco
683 2876 743 2915 Ep.
766 2878 834 2906 182.
855 2877 953 2906 11611.
1137 2875 1174 2904 of
1198 2876 1236 2904 16
1254 2876 1331 2905 Dec..
1350 2886 1357 2911 ;
1381 2886 1437 2905 see
1455 2876 1516 2915 Ep.
1542 2884 1634 2913 1173.
1660 2874 1773 2912 108-9.

347 2921 395 2950 81.
426 2921 553 2950 tacita.
571 2943 578 2949 .
595 2919 807 2959 i11di‹·ia]('f.
828 2920 887 2958 Ep.
907 2928 998 2957 1155.
1018 2920 1064 2948 16.
1179 2927 1209 2956 3.
1238 2918 1479 2958 I;1‹÷01›ita]Cf.
1499 2919 1560 2957 Ep.
1584 2927 1675 2956 1153.
1697 2927 1794 2956 11311.

347 2965 398 2994 86.
426 2964 623 3002 paucioresy
642 2964 691 2993 Cf.
713 2963 773 3001 Ep.
795 2963 885 3002 1183.
908 2971 1022 3000 121—3.
1193 2962 1300 3001 priori
1321 2985 1328 2992 .
1347 2986 1353 2993 .
1372 2985 1380 2993 .
1399 2961 1559 3002 rabulae]
1579 2961 1793 2992 Laurentius
1810 2971 1817 2999 ;
1841 2970 1899 2991 see

346 3017 397 3046 92.
423 3005 625 3046 ventribus]
644 3006 695 3036 Cf.
714 3007 774 3045 Ep.
798 3007 889 3036 1166.
910 3007 957 3036 16.
1130 3005 1191 3044 Ep.
1214 3006 1305 3035 1166.
1327 3007 1406 3045 2611,
1427 3006 1496 3035 and
1516 3005 1536 3035 l.
1555 3015 1595 3044 32
1614 3006 1710 3041 infra.
