1990 3353
114 138 130 162 1
141 137 159 161 2
168 124 238 177 25]
584 126 654 164 TO
692 125 879 164 PETER
916 125 1235 166 BARBIRIUS
1628 127 1708 165 563

110 249 255 286 pacem
289 234 597 285 aliquantulum
627 236 814 285 iniquam
843 249 967 285 quam
1001 235 1161 274 bellum
1193 235 1504 285 aequissimum.
1566 239 1708 287 Atque

110 291 271 329 vtinam
289 290 443 328 sedatis
463 291 618 329 animis
636 291 833 340 vtrinque
852 290 1118 329 incumbatur
1138 289 1184 328 in
1203 289 1292 336 hoc,
1315 293 1363 329 vt
1391 291 1436 328 in
1456 291 1708 341 Euangelica
1727 311 1791 341 300

108 345 282 383 veritate
314 345 631 392 consentiamus,
660 344 903 394 priusquam
932 344 981 382 ad
1014 344 1321 394 propagandam
1350 344 1593 394 religionem
1619 360 1707 395 pro-

107 401 322 448 peremus!
380 399 537 437 Verum
558 412 604 437 ea
629 412 695 437 res
722 412 807 436 non
837 398 965 448 vulgo
993 397 1164 447 proditis
1192 397 1356 446 libellis,
1380 400 1450 437 sed
1481 400 1708 449 obsignatis

108 454 352 504 secretisque
382 453 568 491 consiliis
595 454 703 491 esset
731 452 899 502 agenda.
961 452 1276 502 Exquirendum
1303 453 1413 491 vnde
1441 453 1508 491 hic
1537 454 1707 493 affectus

108 509 195 546 tam
225 508 306 546 late
339 507 546 556 occuparit
584 508 748 545 animos
785 506 1017 545 hominum.
1077 507 1265 545 Fortasse
1304 507 1362 545 sic
1394 508 1556 546 facilius
1593 509 1706 547 tolle-

108 565 222 600 retur
254 563 331 600 hoc
365 561 534 609 malum,
570 561 606 600 si
640 561 776 599 fontes
808 561 919 599 vnde
951 562 1080 599 scatet
1117 560 1372 601 tollerentur.
1433 562 1588 600 Verum
1629 564 1706 602 hoc
1726 581 1788 613 305

106 629 129 653 a
155 616 390 655 monarchis
414 616 698 665 proficiscatur
723 616 900 665 oportet.
958 615 1046 665 Ego
1077 614 1269 665 perfectis
1299 614 1350 653 iis
1370 629 1472 666 quae
1504 618 1705 665 proximis

107 670 308 709 nundinis
328 669 514 717 exibunt,
539 670 753 720 aggrediar
772 669 930 719 aliquid
956 683 1042 707 non
1064 672 1148 708 tam
1175 670 1375 708 aduersus
1396 670 1636 712 Lutherum,
1662 673 1706 710 in

107 738 230 774 quem
250 725 413 763 abunde
433 725 678 762 detonatum
698 726 761 762 est
781 723 991 771 conuiciis,
1015 724 1050 762 si
1072 723 1172 773 quid
1199 723 1250 761 iis
1275 723 1398 763 rebus
1424 725 1702 774 proficeretur,

106 779 175 817 sed
198 779 330 829 magis
351 778 402 817 ad
422 778 766 828 compescendum
786 778 864 816 hoc
884 777 1117 817 dissidium.

159 833 250 871 Iam
280 833 364 872 scio
393 833 515 881 dices,
543 833 633 871 ‘Sic
662 834 747 871 itur
775 831 824 870 ad
855 833 1014 871 bellum
1030 832 1048 870 ⁵.
1109 832 1293 881 Vtinam,
1322 833 1382 871 mi
1412 833 1587 881 Barbiri,
1611 848 1706 873 vere
1725 850 1790 881 310

104 888 180 926 hoc
210 890 347 937 posset
380 888 426 926 in
456 900 522 925 me
552 887 657 926 dici!
715 887 795 926 Sed
827 900 969 925 vereor
999 901 1050 925 ne
1082 887 1385 937 propemodum
1415 890 1511 926 ante
1540 890 1705 938 tempus

103 942 236 980 adhuc
265 942 478 980 venerim:
512 942 612 980 adeo
642 955 731 980 sese
758 942 1029 989 condensant,
1068 954 1142 980 nec
1168 942 1258 979 loco
1290 942 1442 981 cedunt
1469 943 1706 982 coniuratae

104 997 341 1046 phalanges.
403 996 489 1034 Nae
518 1009 592 1046 ego
621 996 876 1045 praeclarum
905 996 1076 1034 interim
1106 1009 1251 1045 operae
1277 996 1461 1046 precium
1480 997 1612 1035 feram
1633 999 1705 1048 qui

103 1051 299 1101 vtrinque
322 1050 505 1100 lapidorl
567 1051 690 1100 Apud
712 1053 877 1089 nostros
897 1050 1122 1089 falsissimo
1144 1050 1267 1090 titulo
1292 1051 1485 1090 traducor
1505 1052 1704 1091 Luthera-

104 1119 193 1152 nus,
218 1105 326 1154 apud
344 1106 573 1143 Germanos
593 1105 702 1143 male
723 1105 846 1144 audio
865 1107 914 1144 vt
934 1105 1195 1143 Lutheranae
1214 1105 1406 1144 factionis
1426 1106 1700 1146 aduersarius.
1724 1120 1785 1151 315

103 1160 183 1198 Sed
205 1159 367 1197 vtinam
388 1160 455 1198 vel
476 1160 594 1208 vitae,
618 1173 703 1198 non
724 1160 846 1198 modo
866 1160 1009 1206 famae,
1033 1159 1190 1198 iactura
1211 1173 1362 1211 queam
1382 1160 1487 1199 hanc
1508 1161 1705 1210 pernicio-

104 1214 314 1253 sissimam
353 1216 644 1264 tempestatem
682 1217 843 1253 vertere
881 1214 926 1252 in
964 1213 1339 1263 tranquillitatem!
1412 1214 1500 1265 Ego
1539 1216 1704 1254 nullum

102 1268 260 1306 exitum
293 1268 425 1315 video,
459 1269 543 1307 nisi
582 1268 776 1307 Christus
813 1269 900 1319 ipse
938 1268 1055 1307 velut
1092 1269 1165 1306 ἀπὸ
1202 1272 1372 1320 μηχανῆς
1404 1269 1567 1308 felicem
1601 1273 1703 1309 cata-

101 1323 301 1372 strophen
316 1324 503 1372 imponat
519 1323 677 1361 infelici
691 1323 861 1361 fabulae.
908 1325 1051 1372 Atque
1067 1323 1236 1362 interim
1250 1337 1380 1373 quum
1402 1325 1702 1373 propemodum

102 1377 388 1416 obsurduerim
418 1378 468 1415 ad
500 1378 729 1416 Lutherani
748 1378 1009 1425 vocabulum,
1035 1378 1222 1417 nondum
1251 1378 1353 1417 satis
1381 1378 1574 1428 intelligo
1603 1379 1701 1430 quid
1723 1392 1787 1422 320

101 1433 155 1470 sit
190 1445 276 1470 esse
310 1431 610 1470 Lutheranum.
671 1431 716 1470 Si
748 1432 1017 1471 Lutheranus
1047 1434 1111 1471 est
1145 1433 1328 1483 quisquis
1363 1433 1536 1471 Lutheri
1574 1434 1703 1472 libros

100 1486 216 1535 legit,
236 1486 337 1535 legit
357 1488 398 1524 et
419 1487 630 1525 Latonius.
693 1486 768 1525 Sin
788 1487 1053 1525 Lutheranus
1072 1500 1157 1525 non
1178 1491 1240 1525 est
1259 1488 1331 1537 qui
1350 1487 1453 1537 legit
1473 1490 1519 1526 vt
1541 1489 1703 1526 refellat

100 1544 171 1578 aut
201 1540 381 1588 damnet,
405 1540 645 1590 qui,·queso,
672 1541 936 1580 Lutheranus
964 1541 1044 1579 erit
1073 1542 1145 1591 qui
1179 1542 1255 1580 hoc
1286 1542 1427 1580 animo
1456 1541 1572 1592 legit,
1592 1545 1637 1580 vt
1666 1543 1702 1581 si

100 1595 198 1645 quid
228 1594 330 1633 insit
350 1596 457 1644 quod
486 1595 608 1633 faciat
638 1595 689 1633 ad
718 1595 871 1634 bonam
902 1597 1100 1644 mentem,
1124 1598 1326 1646 excerpat,
1349 1597 1383 1634 si
1409 1596 1508 1646 quid
1538 1598 1698 1645 erroris,

101 1651 327 1688 detestetur
347 1663 392 1688 ac
411 1649 602 1688 reiiciat?
659 1650 703 1688 Si
723 1649 990 1688 Lutheranus
1009 1653 1072 1688 est
1093 1651 1164 1700 qui
1185 1651 1325 1689 omnia
1345 1649 1460 1689 illius
1487 1653 1527 1689 et
1548 1652 1701 1702 scripta
1722 1660 1783 1692 325

99 1707 140 1742 et
170 1703 388 1742 scribenda
418 1704 519 1742 citra
548 1704 834 1754 exceptionem
864 1707 1007 1742 tuetur
1036 1717 1082 1743 ac
1110 1705 1265 1755 probat,
1290 1705 1386 1743 talis
1415 1706 1548 1744 adhuc
1577 1720 1700 1745 nemo

99 1758 208 1796 mihi
228 1760 464 1808 compertus
485 1760 557 1806 cst,
581 1772 656 1797 nec
676 1759 855 1798 arbitror
874 1772 1111 1809 quenquam
1137 1772 1224 1798 esse
1252 1762 1338 1798 tam
1358 1760 1499 1798 insani
1527 1761 1695 1800 cerebri.

100 1813 187 1862 Ego
216 1825 313 1851 sane
344 1826 417 1851 nec
442 1813 703 1862 Hieronymo
733 1826 804 1852 nec
830 1814 1071 1863 Augustino
1101 1814 1159 1852 sic
1186 1815 1375 1853 addictus
1404 1827 1492 1852 esse
1519 1815 1700 1864 vellem3

99 1867 167 1905 vix
189 1867 315 1906 etiam
335 1867 416 1917 ipsi
435 1866 579 1915 Paulo,
604 1870 651 1906 vt
670 1867 824 1918 aliquid
844 1868 979 1907 dicam
998 1870 1267 1917 ὑπερβολικῶς.

152 1921 368 1960 Caeterum
401 1934 477 1971 ego
507 1923 578 1972 qui
613 1935 688 1961 nec
717 1922 809 1972 lego
838 1922 967 1961 libros
1000 1923 1116 1961 illius
1145 1936 1220 1961 nec
1253 1923 1430 1962 defendo
1460 1923 1694 1974 quicquam,
1719 1939 1783 1969 330

98 1989 178 2026 quo
203 1978 321 2026 pacto
341 1975 476 2026 fingor
496 1976 794 2015 Lutheranus?
851 1977 896 2015 Si
917 1977 1171 2016 orthodoxus
1192 1980 1256 2016 est
1277 1978 1464 2028 quisquis
1488 1979 1698 2019 maledicit

98 2030 296 2078 Luthero,
326 2030 622 2081 gratulandum
651 2034 714 2070 est
741 2031 894 2082 populo
925 2031 1174 2071 Christiano.
1235 2032 1314 2070 Sed
1348 2046 1504 2081 vereor,
1542 2034 1699 2083 optime

98 2084 274 2131 Barbiri,
315 2097 367 2123 ne
407 2085 638 2135 complures
676 2086 762 2124 sint
800 2086 872 2136 qui
911 2086 1075 2136 magnis
1122 2087 1322 2125 conuiciis
1359 2086 1614 2126 insectantur
1652 2088 1697 2127 in

98 2139 349 2178 Lutheranis
378 2139 488 2178 leuia
517 2140 886 2191 quaedam—quod
917 2154 1048 2191 genus
1077 2141 1140 2187 sit,
1175 2141 1400 2190 ‘Quicquid
1430 2142 1518 2191 agit
1546 2142 1692 2189 iustus,

94 2195 305 2243 peccatum
331 2194 509 2242 esse'—,
534 2207 665 2244 quum
688 2195 769 2245 ipsi
793 2208 878 2233 non
904 2195 1075 2234 credant
1104 2196 1145 2233 id
1172 2195 1280 2246 quod
1301 2199 1363 2234 est
1383 2197 1513 2235 totius
1534 2199 1699 2236 nostrae
1718 2205 1778 2237 335

97 2247 191 2286 fidei
211 2248 332 2296 basis,
354 2247 548 2287 videlicet
567 2249 756 2288 animum
775 2262 988 2299 superesse
1008 2263 1030 2288 a
1051 2252 1185 2288 morte
1204 2251 1395 2300 corporis.
1454 2251 1534 2290 Sed
1555 2255 1697 2290 tamen

97 2302 215 2341 video
245 2302 346 2341 duas
375 2302 558 2341 rationes
583 2304 734 2354 quibus
762 2304 1031 2343 Lutheranus
1050 2305 1181 2342 videri
1208 2317 1369 2354 queam.
1430 2305 1635 2354 Primum,
1660 2306 1696 2345 si

96 2357 360 2395 Lutheranus
397 2359 460 2395 est
493 2371 515 2395 e
549 2358 666 2396 cuius
691 2358 810 2397 libris
836 2359 974 2397 hausit
1005 2359 1264 2397 occasionem
1295 2359 1445 2398 erroris
1477 2360 1527 2408 (si
1557 2362 1696 2399 tamen

96 2407 253 2462 aliquid
282 2411 422 2450 hausit
451 2424 500 2449 ex
529 2413 659 2462 meis),
694 2413 775 2451 dici
806 2413 962 2462 possim
989 2414 1267 2452 Lutheranus.
1328 2414 1407 2453 Sed
1433 2415 1509 2453 hac
1536 2415 1694 2454 ratione

97 2465 362 2504 Lutheranus
395 2466 475 2504 erit
500 2468 541 2504 et
563 2467 791 2516 Apostolus
823 2468 992 2517 Paulus,
1023 2481 1045 2506 e
1072 2467 1188 2506 cuius
1218 2469 1381 2518 scriptis
1409 2469 1527 2519 plura
1557 2469 1696 2508 hausit
1715 2479 1779 2510 340

96 2532 221 2569 quam
250 2532 300 2558 ex
329 2520 444 2558 meis.
504 2521 626 2560 Vnde
665 2522 780 2560 enim
817 2522 1011 2561 haeretici
1044 2524 1207 2560 veteres
1240 2523 1470 2562 hauserunt
1508 2537 1694 2563 errorum

94 2586 266 2612 suorum
295 2574 466 2622 semina,
490 2575 571 2614 nisi
597 2589 618 2613 e
645 2577 771 2614 sacris
798 2576 951 2615 libris‘?
1006 2577 1061 2615 Et
1082 2578 1221 2615 tamen
1243 2577 1386 2616 nullus
1406 2578 1484 2616 hoc
1516 2579 1696 2628 imputat

95 2627 247 2666 horum
266 2629 493 2667 autoribus.
536 2630 603 2668 Ad
625 2630 736 2678 haec,
760 2631 794 2669 si
815 2631 1081 2669 Lutheranus
1110 2634 1173 2669 est
1200 2632 1271 2681 qui
1299 2645 1543 2683 quocunque
1572 2634 1695 2672 modo

137 2737 212 2776 306.
240 2737 342 2767 iisa:
366 2737 424 2768 his
435 2740 470 2769 F.
560 2740 634 2778 308.
661 2741 760 2771 iisa:
785 2741 844 2771 his
855 2744 890 2773 F.
981 2751 1055 2780 309.
1079 2745 1128 2773 F:
1153 2742 1385 2774 discidiuma.
1476 2754 1549 2784 311.
1577 2749 1694 2785 posset

94 2781 198 2811 hocF
276 2789 351 2820 313.
376 2780 541 2814 ferama:
560 2784 636 2814 fero
647 2786 690 2814 H.
759 2785 834 2823 318.
859 2787 904 2815 F:
923 2785 1011 2815 velit
1021 2785 1089 2815 ἀπω
1100 2784 1251 2824 Μίχανεσ
1266 2798 1296 2818 α.
1361 2797 1433 2827 323.
1460 2798 1568 2828 queso
1584 2801 1641 2820 om.
1655 2793 1692 2821 F.

93 2833 166 2863 325.
191 2824 228 2855 Si
246 2834 289 2855 a:
313 2825 376 2855 Sin
393 2827 428 2856 F.
543 2826 617 2865 328.
641 2829 693 2858 F:
717 2827 933 2859 Hieronimo
948 2841 978 2860 α.
1092 2839 1166 2868 329.
1192 2831 1231 2860 vt
1248 2853 1255 2861 .
1277 2854 1284 2861 .
1301 2854 1309 2862 .
1331 2831 1548 2871 ὑπερβολικῶς
1562 2836 1635 2865 aelel.
1650 2837 1692 2864 II.

93 2877 168 2907 335.
194 2867 276 2898 fidei
293 2870 434 2898 nostrae
451 2871 486 2900 F.
596 2879 670 2909 337.
697 2871 859 2902 Primum
877 2875 951 2903 add.
972 2875 1013 2904 H.
1127 2883 1200 2913 339.
1226 2873 1298 2904 dici
1314 2876 1445 2914 possim
1466 2876 1693 2907 Lutheranus

93 2922 150 2942 om.
168 2914 203 2944 F.
310 2921 383 2951 340.
409 2913 444 2942 et
460 2913 653 2952 Apostolus
668 2925 726 2945 om.
745 2918 782 2947 F.

136 3009 208 3039 299.
235 3000 376 3042 pacem]
393 3000 445 3032 Cf.
463 3000 535 3032 Cic.
555 3004 644 3033 Fam.
663 3003 694 3033 6.
712 3003 741 3033 6.
762 3012 791 3041 5.
929 3013 1005 3043 335.
1032 3007 1215 3043 peceatum
1234 3004 1325 3044 esse]
1344 3006 1393 3038 Cf.
1412 3007 1473 3046 Ep.
1496 3017 1586 3047 1¹95·
1608 3008 1688 3046 6411.

832 3072 856 3097 Ο
877 3073 899 3098 O
923 3072 948 3097 2
