1990 3353
276 138 353 176 104
735 133 987 173 LETTERS
1025 132 1096 172 OF
1134 131 1400 171 ERASMUS
1748 128 1871 183 [1519

331 243 616 282 Discruciabat
636 243 715 281 hoc
735 242 825 290 pias
845 244 1018 289 mentes,
1040 255 1135 280 cum
1155 242 1346 280 audirent
1365 242 1409 280 in
1430 242 1584 282 scholis
1604 243 1771 282 nullum
1790 244 1876 282 fere

196 315 257 347 155
277 311 511 337 sermonem
543 297 592 335 de
622 296 810 335 doctrina
840 296 1103 345 Euangelica,
1136 309 1271 334 sacros
1304 296 1398 334 illos
1427 299 1470 335 et
1501 297 1553 335 ab
1582 297 1764 336 Ecclesia
1791 297 1876 335 iam

279 354 381 392 olim
420 352 613 402 probatos
645 351 843 389 authores
873 350 1016 388 haberi
1044 363 1118 400 pro
1148 350 1400 399 antiquatis:
1438 350 1523 389 imo
1558 351 1602 389 in
1631 352 1757 390 sacris
1785 364 1877 390 con-

279 407 469 446 cionibus
500 406 730 444 minimum
767 404 902 443 audiri
939 404 990 442 de
1023 404 1200 452 Christo,
1235 404 1285 442 de
1322 407 1525 454 potestate
1562 405 1792 453 Pontificis,
1829 407 1878 443 de

280 460 550 512 opinionibus
583 460 812 497 recentium
845 459 930 496 fere
969 458 1134 506 omnia;
1182 461 1314 496 totam
1353 459 1580 497 orationem
1618 460 1703 498 iam
1741 460 1880 510 palam

281 517 512 566 quaestum,
549 513 841 558 adulationem,
874 512 1148 552 ambitionem
1182 515 1222 551 et
1253 513 1394 551 fucum
1436 527 1507 563 pre
1545 526 1588 551 se
1625 514 1741 552 ferre.
1799 513 1882 552 His

203 577 263 609 160
282 569 588 620 imputandum,
614 570 772 617 opinor,
793 566 921 605 etiam
942 567 977 605 si
997 580 1078 617 qua
1102 567 1452 617 intemperantius
1477 568 1641 617 scripsit
1659 567 1881 606 Lutherus.

284 624 482 673 Quisquis
515 622 629 660 fauet
663 621 938 671 Euangelicae
973 621 1195 668 doctrinae,
1230 621 1266 659 is
1303 622 1416 660 fauet
1451 622 1639 660 Romano
1670 622 1881 669 Pontifici,

283 678 354 729 qui
391 677 517 715 huius
552 676 714 726 primus
751 678 814 714 est
851 689 1005 725 praeco,
1048 689 1144 714 cum
1182 675 1331 714 caeteri
1368 676 1549 726 episcopi
1581 676 1666 715 sint
1697 677 1884 715 eiusdem

284 744 494 783 precones.
574 731 731 769 Omnes
779 730 960 779 episcopi
999 729 1155 769 Christi
1194 730 1307 768 vices
1348 733 1510 779 gerunt,
1552 731 1622 769 sed
1662 731 1772 770 inter
1809 731 1886 769 hos

286 785 496 838 praecellit
525 785 740 823 Romanus
760 783 973 823 Pontifex.
1029 785 1091 822 De
1111 797 1158 822 00
1178 784 1237 822 sic
1257 784 1523 822 sentiendum
1544 787 1618 832 est,
1646 786 1755 834 quod
1776 784 1886 823 nulli

206 849 266 888 165
287 842 347 880 rei
385 839 519 889 magis
556 840 669 877 fauet
707 852 833 888 quam
875 838 1027 888 gloriae
1068 838 1237 886 Christi,
1278 839 1396 876 cuius
1434 851 1477 877 se
1515 839 1760 878 ministrum
1797 852 1885 877 esse

287 895 499 946 gloriatur.
560 893 622 931 De
652 893 729 931 hoc
757 894 937 943 pessime
965 894 1183 931 merentur
1211 892 1283 942 qui
1313 905 1385 941 per
1412 893 1694 932 adulationem
1724 893 1789 931 illi
1816 893 1887 931 tri-

287 951 424 988 buunt
454 948 565 999 quod
600 961 675 986 nec
707 948 797 997 ipse
831 947 1019 997 agnoscit
1052 959 1127 985 nec
1162 947 1328 996 expedit
1366 947 1480 997 gregi
1513 947 1763 986 Christiano.
1834 947 1889 986 Et

288 1007 429 1043 tamen
468 1002 664 1040 nonnulli
702 1002 774 1052 qui
812 1003 985 1040 mouent
1022 1002 1099 1039 has
1137 1001 1379 1050 tragoedias,
1421 1014 1504 1039 non
1544 1002 1702 1040 faciunt
1750 1002 1890 1040 studio

290 1057 520 1104 Pontificis,
553 1056 623 1094 sed
651 1056 778 1094 huius
807 1058 1010 1105 potestate
1040 1055 1089 1093 ad
1119 1068 1242 1094 suum
1274 1057 1494 1105 quaestum
1523 1069 1722 1106 suamque
1751 1058 1891 1106 tyran-

210 1129 272 1163 170
290 1113 430 1151 nidem
451 1112 695 1149 abutuntur.
754 1110 982 1157 Habemus,
1006 1112 1053 1148 vt
1072 1109 1263 1157 arbitror,
1285 1110 1534 1148 Pontificem
1553 1111 1683 1159 pium.
1743 1111 1822 1149 Sed
1846 1111 1892 1148 in

290 1167 422 1207 tantis
452 1178 593 1203 rerum
623 1165 819 1203 fiuctibus
851 1164 1034 1214 plurima
1071 1167 1171 1202 sunt-
1204 1177 1310 1214 quae
1346 1164 1418 1202 ille
1456 1165 1642 1213 ignorat:
1691 1165 1893 1215 quaedam

291 1222 418 1260 etiam
440 1220 472 1258 si
495 1220 607 1267 velit,
633 1232 718 1257 non
738 1221 875 1268 potest
895 1219 1094 1265 obtinere,
1119 1218 1201 1266 sed,
1226 1221 1272 1256 vt
1292 1218 1429 1268 inquit
1450 1218 1574 1267 Maro,

511 1300 660 1338 Fertur
688 1299 806 1349 equis
834 1299 988 1348 auriga,
1019 1313 1094 1338 1100
1123 1301 1241 1338 audit
1269 1313 1414 1338 currus
1444 1300 1638 1339 habenas.

294 1385 436 1424 Huius
474 1384 603 1432 igitur
632 1383 832 1434 pietatem
863 1382 1035 1420 adiuuat
1065 1383 1138 1432 qui
1163 1383 1407 1421 exhortatur
1433 1382 1483 1420 ad
1514 1395 1561 1420 ea
1581 1395 1684 1432 quae
1714 1383 1895 1421 maxime

216 1457 275 1490 175
296 1439 462 1478 Christo
491 1438 616 1486 digna
643 1440 757 1476 sunt.
817 1437 1049 1475 Obscurum
1080 1450 1165 1475 non
1193 1438 1257 1475 est
1286 1449 1374 1474 esse
1394 1436 1465 1486 qui
1489 1436 1605 1475 illius
1634 1437 1896 1475 sanctitatem

295 1494 472 1532 incitent
506 1493 705 1531 aduersus
735 1491 988 1538 Lutherum,
1019 1492 1104 1529 imo
1137 1491 1336 1529 aduersus
1370 1504 1514 1528 omnes
1545 1492 1615 1540 qui
1649 1491 1802 1529 audent
1832 1491 1896 1529 ad—

296 1560 444 1586 uersus
474 1547 644 1585 illorum
679 1546 871 1595 dogmata
904 1545 1067 1584 mutire.
1126 1545 1206 1584 Sed
1242 1544 1437 1583 maximis
1474 1545 1731 1595 principibus
1765 1545 1899 1595 magis

298 1602 570 1652 spectandum
591 1600 689 1650 quid
709 1600 812 1638 velit
832 1602 1028 1650 perpetua
1046 1599 1242 1638 voluntas
1263 1598 1481 1637 Pontificis
1501 1612 1628 1648 quam
1652 1599 1898 1649 obsequium

297 1655 565 1705 improbitate
585 1657 806 1693 extortum.

220 1724 281 1755 180
355 1711 447 1749 Iam
477 1709 618 1759 quales
649 1709 734 1747 sint
762 1708 957 1747 authores
991 1707 1116 1746 huius
1150 1707 1360 1746 tumultus
1394 1721 1555 1757 possem
1587 1708 1801 1756 verissime
1836 1708 1900 1745 de-

301 1766 543 1810 monstrare,
584 1763 667 1802 nisi
705 1765 932 1801 metuerem
976 1776 1040 1808 ne,
1079 1763 1181 1800 dum
1214 1762 1423 1801 veridicus
1460 1775 1548 1802 esse
1585 1775 1721 1812 pergo,
1758 1762 1903 1801 videar

301 1819 538 1859 maledicus.
599 1818 755 1856 Multos
781 1817 879 1855 noui
910 1817 1187 1863 familiariter,
1208 1816 1331 1854 multi
1352 1816 1494 1866 quales
1518 1816 1604 1855 sint
1630 1817 1755 1855 editis
1781 1816 1903 1855 libris

302 1874 382 1924 ipsi
410 1873 682 1920 declararunt,
706 1884 782 1910 nec-
810 1871 854 1909 in
875 1871 960 1909 vllo
983 1871 1150 1920 speculo
1176 1871 1310 1920 magis
1335 1871 1488 1909 relucet
1515 1871 1653 1920 imago
1678 1871 1834 1909 mentis
1858 1883 1903 1908 ac

301 1928 421 1966 vitae.
481 1928 620 1976 Atque
639 1927 802 1964 vtinam
830 1926 902 1964 isti
925 1925 996 1975 qui
1021 1928 1197 1963 sumunt
1224 1925 1304 1962 sibi
1330 1925 1559 1963 censoriam
1579 1925 1798 1974 virgulam,
1823 1938 1904 1974 qua

224 1997 284 2036 185
304 1995 405 2033 quos
434 1981 567 2019 velint
599 1980 769 2018 eiiciant
803 1980 852 2018 de
886 1982 1033 2018 senatu
1062 1979 1408 2026 Christianorum,
1440 1980 1607 2028 penitus
1639 1979 1905 2018 imbibissent

305 2036 537 2076 doctrinam
569 2037 610 2073 et
644 2035 838 2073 affectum
871 2034 1052 2072 Christi!
1109 2033 1169 2071 Ea
1200 2047 1284 2071 non
1315 2033 1522 2083 contingit
1554 2034 1636 2071 nisi
1668 2034 1821 2072 animis
1853 2034 1905 2072 ab

306 2091 421 2129 omni
445 2090 723 2140 cupiditatum
749 2089 876 2126 huius
901 2088 1050 2127 mundi
1073 2088 1194 2126 sorde
1215 2088 1418 2127 defecatis.
1477 2090 1547 2126 An
1575 2088 1644 2126 isti
1672 2088 1777 2126 tales
1805 2087 1906 2133 sint,

307 2146 342 2183 is
372 2158 469 2183 mox
495 2144 728 2193 experietur
758 2142 829 2193 qui
859 2156 955 2181 cum
987 2142 1073 2180 illis
1102 2144 1197 2191 agat
1226 2142 1276 2180 de
1305 2155 1347 2179 re
1377 2155 1479 2191 quae
1508 2142 1556 2180 ad
1588 2144 1805 2191 quaestum
1834 2145 1906 2180 aut

308 2199 483 2250 gloriam
508 2201 581 2236 aut
600 2198 830 2236 vindictam
859 2210 1002 2235 eorum
1031 2196 1247 2245 pertineat.
1306 2196 1479 2234 Vtinam
1507 2197 1664 2246 possim
1693 2196 1907 2234 insinuare

232 2276 291 2308 ¹90
308 2253 450 2292 animo
479 2252 740 2290 celsitudinis
768 2255 863 2289 tuae
884 2264 987 2301 quae
1016 2264 1139 2300 super
1165 2250 1232 2288 his
1258 2250 1381 2288 rebus
1407 2253 1447 2288 et
1474 2253 1686 2299 perspecta
1710 2250 1840 2289 habeo
1866 2253 1908 2288 et

309 2308 541 2357 comperta!
598 2320 695 2344 nam
715 2319 782 2344 me
802 2305 917 2344 decet
937 2304 1177 2343 meminisse
1198 2305 1423 2342 modestiae
1443 2304 1712 2343 Christianae.

366 2362 479 2400 Haec
518 2373 565 2398 eo
604 2360 775 2398 liberius
809 2360 899 2398 dico
938 2359 1047 2408 quod
1086 2359 1224 2397 modis
1261 2359 1456 2396 omnibus
1493 2371 1588 2396 sum
1626 2372 1649 2396 a
1687 2358 1909 2397 Reuchlini

312 2415 569 2464 Lutherique
606 2428 727 2452 causa
764 2413 1052 2452 alienissimus.
1132 2413 1215 2450 Nec
1254 2413 1367 2450 enim
1406 2413 1492 2462 ipse
1531 2412 1658 2451 velim
1704 2412 1911 2452 eiusmodi

311 2469 498 2516 scribere,
531 2481 605 2506 nec
635 2482 727 2506 eam
756 2468 988 2506 doctrinam
1018 2466 1125 2505 mihi
1154 2480 1298 2516 arrogo
1327 2470 1372 2504 vt
1402 2467 1453 2505 ab
1483 2466 1576 2504 aliis
1600 2466 1753 2516 scripta
1781 2467 1911 2505 velim

359 2565 431 2595 154.
457 2555 530 2586 fere
548 2554 691 2585 nullum
709 2555 741 2587 β.
843 2562 914 2592 155.
941 2555 976 2584 et
993 2563 1052 2584 om.
1066 2554 1100 2587 β.
1206 2552 1276 2589 156.
1303 2551 1536 2581 concionibus
1549 2562 1595 2591 αγ
1610 2563 1617 2582 :
1643 2552 1914 2584 conditionibus

313 2599 360 2634 [3².
524 2607 595 2637 159.
619 2597 865 2628 adulationem
883 2599 957 2628 add.
974 2599 1012 2628 F.
1144 2597 1181 2626 et
1197 2605 1239 2625 a:
1262 2604 1302 2624 ac
1318 2596 1352 2629 β.
1521 2596 1590 2625 160.
1618 2604 1690 2634 qua
1706 2597 1729 2630 β
1744 2607 1751 2627 :
1773 2605 1862 2635 quae
1880 2608 1912 2627 α.

318 2644 389 2674 162.
414 2643 487 2673 sint
505 2640 584 2681 0:7³:
610 2642 695 2671 sunt
711 2641 756 2680 7¹.
893 2641 964 2679 163.
990 2649 1056 2679 αγε
1080 2639 1197 2670 vicem
1215 2639 1285 2670 BF.
1433 2639 1503 2676 164.
1529 2639 1714 2678 praecellit
1730 2640 1775 2674 B:
1798 2640 1913 2671 excel—

315 2686 360 2717 lit
376 2698 408 2716 α.
588 2687 659 2722 165.
684 2685 802 2714 faueat
819 2686 851 2719 β.
987 2693 1063 2713 esse
1078 2692 1137 2712 om.
1155 2683 1189 2716 β,
1358 2682 1426 2719 167.
1455 2690 1520 2712 nec
1537 2682 1613 2721 ipse
1629 2683 1668 2712 αδ
1684 2692 1693 2713 z
1716 2692 1762 2714 ne
1777 2683 1854 2722 ipse
1867 2694 1889 2723 ’γ
1905 2694 1914 2714 :

315 2740 361 2760 ne
378 2730 452 2769 ipse
469 2728 617 2767 quidem
634 2729 657 2762 β
668 2730 704 2760 F.
854 2728 925 2759 168.
952 2726 1124 2757 nonnulli
1141 2728 1215 2756 add.
1231 2727 1267 2756 F.
1421 2733 1491 2763 175.
1517 2725 1746 2756 sanctitatem
1763 2726 1862 2758 illius
1878 2729 1912 2760 Β.

319 2783 391 2813 177.
416 2772 561 2802 illorum
578 2783 599 2801 ο,
615 2783 623 2802 :
647 2771 806 2811 ipsorum
823 2774 858 2802 F.
998 2771 1069 2802 180.
1093 2770 1169 2800 sint
1186 2769 1226 2798 αδ
1241 2779 1248 2800 :
1274 2769 1358 2798 sunt
1374 2768 1441 2801 BF.
1586 2769 1656 2807 183.
1683 2769 1752 2809 ipsi
1770 2772 1844 2801 add.
1869 2773 1911 2802 Η.

316 2827 355 2847 ac
381 2827 424 2847 a:
457 2817 493 2846 et
517 2816 550 2849 β.
647 2815 716 2853 184.
742 2814 801 2845 (2²1
837 2814 996 2845 censoria
1021 2813 1068 2845 αἱ.
1163 2813 1232 2851 187.
1258 2811 1356 2842 omni
1385 2812 1431 2845 B:
1466 2811 1631 2842 omnium
1658 2823 1689 2843 a.
1784 2814 1855 2845 188.
1884 2815 1916 2845 is

314 2863 445 2896 scripsi:
471 2859 508 2890 id
531 2870 561 2890 a.
679 2859 750 2897 189.
777 2859 937 2898 pertinet
952 2859 986 2892 β.
1097 2857 1162 2890 βδε
1186 2864 1324 2895 possem
1341 2852 1410 2894 ‘¹7⁸-
1535 2864 1605 2895 192.
1630 2865 1711 2886 sum
1727 2857 1771 2890 B:
1795 2857 1864 2888 sim
1881 2869 1916 2889 a.

320 2913 391 2944 193.
417 2901 475 2943 ‘²7⁸
491 2913 499 2933 :
522 2901 688 2932 Lutherii
704 2900 769 2942 7¹6.

453 3006 523 3036 173.
552 2995 666 3036 Maro]
696 2996 729 3025 G.
754 3004 779 3025 1.
799 3003 874 3034 514.
1052 2993 1120 3031 183.
1148 2993 1262 3032 imago
1281 2991 1430 3032 mentis]
1457 2991 1509 3022 Cf.
1527 2992 1591 3032 Ep.
1612 3003 1704 3024 1101.
1726 3004 1783 3033 7n.
