1990 3353
266 131 347 170 380
735 133 985 172 LETTERS
1023 132 1094 171 OF
1129 131 1396 171 ERAsMUS
1741 130 1870 186 [1520

269 241 413 291 Neque
450 255 547 280 vero
581 256 663 280 vno
705 243 876 280 nomine
913 242 1020 280 mihi
1058 241 1215 292 placuit
1253 255 1366 291 opus.
1428 241 1620 280 Eruditio
1654 255 1757 292 quae
1790 241 1870 280 tibi

268 299 467 345 perpetua
486 298 558 344 est,
584 297 651 335 hic
671 297 778 334 mihi
804 310 889 334 non
916 296 1052 346 potuit
1077 308 1164 334 esse
1196 308 1313 334 noua.
1373 295 1453 333 Sed
1481 296 1526 334 in
1558 296 1705 344 primis
1734 296 1871 334 arrisit

269 351 422 388 candor
454 351 526 389 ille
554 355 596 389 et
625 351 908 400 perspicuitas,
941 363 1044 401 quae
1074 363 1163 388 rem
1197 350 1256 388 ita
1285 350 1402 399 ponit
1431 350 1484 388 ob
1513 350 1654 389 oculos
1681 354 1728 389 vt
1756 363 1871 389 caeco

211 418 251 440 10
269 418 432 454 quoque
450 405 582 455 possit
600 417 687 443 esse
704 405 934 454 conspicua.
979 404 1136 443 Arrisit
1154 404 1320 442 animus
1341 404 1419 442 iste
1434 404 1590 442 Gratiis
1609 408 1651 442 et
1664 403 1872 443 amicitiae

270 461 405 507 natm,
440 459 513 509 qui
545 461 664 498 tanto
696 459 837 497 studio
871 461 1012 498 tuetur
1050 458 1235 497 hominis
1273 457 1547 496 eruditissimi
1589 458 1871 497 innocentiam

269 514 471 551 aduersus
493 513 880 564 impudentissimos
907 513 1194 563 sycophantas.
1252 512 1408 551 Arrisit
1428 513 1606 562 denique
1632 515 1683 560 te,
1707 512 1783 551 hoc
1809 515 1874 551 est

269 567 459 605 absoluto
478 581 655 618 veroque
675 568 940 617 philosopho,
955 567 1082 617 digna
1102 566 1351 605 moderatio:
1382 580 1463 616 qua
1481 568 1539 605 sic
1559 567 1724 605 fortiter
1743 568 1874 616 patro·

270 622 421 660 cinaris
440 623 582 670 amico,
598 624 644 661 vt
663 635 687 659 a
705 622 906 660 conuiciis
925 622 969 659 in
989 621 1272 660 aduersarium
1292 623 1505 670 temperes,
1525 621 1656 670 magis
1677 623 1874 671 reputans

214 684 252 716 15
271 676 371 726 quid
401 678 441 714 te
460 689 585 726 quam
610 677 710 726 quid
740 677 813 715 illo
840 677 1014 726 dignum
1042 678 1161 714 esset.
1221 675 1329 713 Nam
1359 675 1556 713 breuitati
1585 688 1669 713 non
1700 675 1873 725 perinde

272 731 402 778 faueo,
443 744 539 769 cum
577 731 684 769 mihi
722 731 818 769 licet
857 730 1171 780 occupatissimo
1209 730 1437 779 perlectum
1476 743 1580 778 opus
1618 729 1773 768 famem
1810 729 1875 767 sui

272 785 498 834 reliquerit.
559 786 672 824 Bene
692 786 794 833 vale,
817 785 1056 824 doctissime
1077 783 1173 822 Riti.
1199 784 1468 834 Agrippinae.
1494 786 1622 822 Anno
1642 796 1803 823 M.D.xx.

694 986 816 1026 1161.
879 985 1010 1027 Ὲ11011
1044 968 1230 1027 131111οΗ
1258 984 1470 1026 HUTTEN.

321 1091 590 1128 Patriotisches
608 1092 759 1136 Archiv,
777 1092 839 1127 vii.
865 1104 901 1137 p.
923 1102 941 1126 2
948 1102 964 1137 5
987 1092 1048 1136 (ja).
1514 1091 1748 1138 Ebernburg.

322 1150 400 1185 HE.
422 1161 491 1186 200
507 1150 574 1196 (Β).
1415 1145 1418 1147 ’
1441 1160 1481 1194 13
1499 1149 1708 1186 November
1731 1160 1832 1196 1520.

321 1242 411 1282 [The
429 1242 651 1281 manuscript
664 1251 739 1272 was
754 1251 799 1272 an
811 1242 964 1281 original
981 1242 1098 1280 letter,
1115 1243 1262 1274 written
1276 1244 1323 1282 by
1336 1254 1355 1274 a
1369 1246 1556 1284 secretary,
1572 1244 1663 1274 with
1682 1245 1875 1284 signature,

276 1287 478 1326 postscript‚
505 1285 576 1316 and
600 1285 750 1316 address
770 1285 823 1325 (ll.
847 1286 990 1326 114-19)
1013 1287 1060 1326 by
1082 1286 1249 1318 Hutten:
1271 1287 1445 1327 formerly
1466 1288 1507 1318 in
1525 1288 1587 1318 the
1610 1288 1745 1327 libi-ary
1761 1287 1800 1318 of
1816 1288 1879 1318 the

278 1330 413 1360 Counts
425 1339 496 1360 von
509 1329 574 1359 der
586 1329 705 1369 Leyen
716 1331 754 1359 at
768 1329 1002 1369 Bliescastell,
1015 1339 1058 1360 w.
1076 1331 1114 1361 of
1127 1331 1394 1362 Zweibriicken.
1444 1331 1491 1362 In
1507 1332 1588 1370 1787
1604 1331 1720 1362 Moser
1731 1330 1879 1371 printed

276 1375 305 1404 it
330 1374 369 1403 in
392 1373 451 1403 his
467 1375 681 1404 Patriotisches
696 1374 878 1409 Arcln'vfz'tr
892 1376 1110 1414 DeutschZamZ,
1127 1375 1199 1412 vii;
1224 1375 1316 1405 from
1340 1385 1361 1405 a
1384 1384 1473 1414 copy
1496 1375 1670 1414 provided
1695 1376 1740 1414 by
1755 1375 1877 1415 Klein,

275 1417 453 1448 librarian
476 1418 515 1447 at
537 1416 773 1447 Bliescastell.
822 1417 990 1457 Bijcking‚
1017 1417 1125 1448 when
1149 1418 1290 1458 editing
1314 1417 1486 1449 Hutten's
1510 1418 1662 1456 Letters,
1689 1419 1782 1458 1859,
1806 1428 1880 1449 was

275 1461 409 1491 unable
437 1462 473 1492 to
500 1462 595 1491 trace
621 1461 684 1490 the
712 1460 885 1499 original:
919 1461 1041 1491 which
1065 1471 1148 1501 may
1172 1462 1350 1492 therefore
1376 1462 1467 1492 have
1490 1462 1669 1501 perished.
1718 1462 1774 1493 He
1799 1472 1880 1493 con-

275 1504 433 1544 jectures
449 1504 531 1534 that
547 1504 577 1534 it
592 1513 665 1534 was
680 1513 811 1544 among
827 1504 889 1534 the
905 1514 1030 1544 papers
1047 1506 1084 1535 of
1099 1505 1245 1536 Francis
1261 1506 1300 1536 of
1312 1505 1506 1545 Sickingen
1524 1508 1561 1536 at
1584 1505 1798 1545 Landstiihl,
1822 1515 1878 1536 NE.

277 1550 316 1579 of
328 1547 598 1585 Zweibriicken,
617 1548 738 1578 which
753 1557 845 1578 were
862 1547 1046 1588 dispersed
1063 1549 1156 1579 after
1171 1549 1230 1580 his
1247 1549 1367 1580 death.
1409 1549 1539 1580 Either
1555 1549 1696 1580 Klein's
1709 1559 1797 1589 copy
1809 1559 1883 1580 was

278 1593 494 1631 inaccurate,
521 1601 560 1622 01·
584 1591 700 1622 Moser
722 1591 870 1631 printed
893 1591 986 1622 from
1011 1592 1041 1622 it
1064 1592 1220 1623 without
1244 1592 1352 1623 much
1377 1603 1466 1624 care.
1524 1593 1685 1633 Bocking
1708 1594 1747 1624 in
1770 1594 1794 1627 β
1817 1593 1882 1624 has

278 1635 457 1666 corrected
473 1644 571 1666 some
587 1645 711 1666 errors.
759 1635 777 1665 I
793 1644 852 1665 arn
869 1635 1042 1666 indebted
1059 1638 1094 1666 to
1112 1635 1198 1667 both
1216 1636 1327 1666 Klein
1344 1637 1417 1667 and
1434 1636 1593 1676 Becking
1609 1637 1664 1667 for
1681 1637 1744 1667 the
1766 1638 1879 1668 notes.

323 1679 533 1718 Ebernburg
551 1689 624 1709 was
639 1689 660 1708 a
676 1678 785 1709 castle
804 1679 994 1718 belonging
1016 1681 1052 1710 te
1076 1680 1224 1710 Francis
1244 1680 1282 1710 of
1300 1680 1507 1720 Sickingen,
1530 1690 1548 1710 a
1572 1680 1641 1710 few
1665 1680 1771 1711 miles
1795 1689 1822 1711 s.
1847 1680 1886 1711 of
1989 1685 1990 1738 1

280 1723 505 1754 Kreuznaeh.
554 1722 668 1753 Moser
699 1722 908 1753 considered
940 1723 1021 1754 that
1053 1723 1117 1754 the
1149 1723 1257 1754 letter
1288 1733 1398 1754 never
1430 1723 1582 1754 reached
1610 1724 1791 1762 Erasmus,
1820 1724 1883 1754 the

280 1776 483 1806 messenger
499 1767 606 1806 being
622 1765 792 1796 detained
809 1767 847 1796 at
865 1765 1013 1808 Mainz.]
1401 1767 1403 1770 “

487 1866 667 1896 ERASMO
699 1865 1010 1896 ROTERODAMO
1041 1865 1268 1895 VLRICHVS
1299 1864 1538 1895 HVTTENVS
1567 1865 1599 1895 S.
1627 1864 1669 1895 D.

336 1959 460 1996 MALE
479 1958 586 1996 mihi
606 1959 722 1996 cedat
742 1958 941 2008 quidquid
963 1957 1039 1995 hoc
1061 1959 1122 1995 est
1145 1957 1253 2006 quod
1274 1959 1389 1995 tanto
1409 1970 1505 1995 cum
1526 1957 1708 2006 periculo
1733 1957 1882 2007 incepi,

280 2013 357 2052 hoc
387 2013 600 2063 temporis,
626 2013 709 2050 nisi
738 2025 806 2050 me
836 2012 1061 2050 sollicitum
1091 2011 1222 2061 magis
1250 2011 1375 2050 habet
1404 2013 1476 2049 tua
1504 2011 1616 2050 salus
1636 2024 1763 2061 quam
1792 2024 1885 2050 mea

281 2069 459 2115 fortuna,
484 2067 657 2105 Erasme
677 2066 843 2115 optime.
903 2067 1050 2116 Itaque
1076 2079 1172 2103 cum
1202 2079 1282 2115 quo
1309 2068 1465 2115 spectet
1493 2079 1556 2104 res
1585 2065 1706 2115 plane
1726 2066 1881 2114 videas,

283 2123 414 2161 miror
434 2121 532 2171 quid
554 2121 612 2158 ibi
631 2134 743 2171 agas,
762 2121 834 2159 vbi
861 2123 903 2159 et
929 2133 1078 2170 magna
1103 2122 1176 2167 est,
1199 2122 1244 2158 vt
1272 2132 1478 2169 nusquam
1508 2120 1620 2167 alibi,
1645 2122 1883 2159 nostrarum

247 2192 264 2223 5
282 2176 465 2226 partium
502 2175 681 2213 infensio
717 2177 760 2213 et
798 2175 958 2213 Decimi
997 2174 1194 2212 mandata
1232 2178 1472 2223 grassantur
1506 2187 1630 2221 nunc,
1664 2176 1710 2212 vt
1746 2174 1879 2222 audio,

283 2231 487 2269 atrociter.
559 2230 669 2277 Quin
701 2230 827 2267 etiam
861 2229 1021 2267 exustis
1055 2227 1229 2266 Lutheri
1262 2227 1380 2266 libris
1415 2241 1554 2266 secure
1588 2231 1629 2266 te
1661 2229 1885 2266 consistere

283 2284 530 2323 existimas?
559 2283 678 2333 quasi
705 2297 789 2321 non
816 2283 931 2321 illius
958 2282 1170 2321 damnatio
1196 2284 1291 2320 tuae
1319 2294 1464 2320 causae
1486 2283 1541 2320 sit
1569 2282 1882 2332 praeiudicium,

284 2342 356 2377 aut
376 2338 455 2377 tibi
475 2351 668 2387 parsuros
691 2338 924 2388 putandum
951 2337 1006 2375 sit
1026 2337 1097 2387 qui
1118 2336 1349 2374 Lutherum
1379 2336 1696 2374 damnauerunt.
1757 2337 1885 2387 Fuge,

283 2393 387 2431 heus
407 2394 464 2436 tu,
487 2392 582 2441 fuge
602 2406 647 2430 ac
671 2395 708 2430 te
729 2393 849 2430 nobis
869 2404 999 2431 serua.
1057 2390 1161 2428 Mihi
1187 2390 1360 2439 periculi
1386 2391 1488 2429 satis
1512 2391 1696 2429 multum
1717 2391 1885 2441 quidem

226 2461 266 2484 10
284 2450 357 2494 est,
392 2447 517 2484 etiam
549 2446 775 2493 infinitum,
813 2447 883 2484 sed
921 2445 1182 2484 tantumdem
1216 2444 1349 2482 animi
1387 2444 1583 2494 periculis
1620 2445 1806 2483 indurati
1845 2448 1886 2483 et

285 2502 454 2539 fortuna
473 2513 575 2549 quae
598 2501 724 2547 ferat3
755 2502 826 2538 tua
845 2500 926 2539 alia
951 2512 1074 2537 causa
1104 2501 1178 2537 est.
1240 2498 1364 2547 Fuge,
1394 2500 1551 2548 optime
1584 2499 1766 2546 Erasnoe,
1790 2500 1886 2549 fuge

285 2555 386 2593 dum
418 2554 524 2601 licet,
554 2567 605 2592 ne
630 2555 766 2604 siquid
795 2554 957 2592 aduersi
988 2553 1112 2602 (quod
1141 2552 1371 2602 abominor)
1402 2553 1533 2601 cadat,
1566 2554 1648 2591 iam
1677 2555 1770 2591 tum
1799 2566 1885 2592 non

284 2610 340 2648 sit
377 2609 453 2647 hoc
492 2608 631 2658 ipsum
665 2609 893 2657 integrum⁷
927 2610 967 2645 et
1005 2620 1170 2645 necesse
1208 2607 1263 2644 sit
1296 2606 1428 2645 dicere
1466 2607 1543 2645 hoc
1573 2608 1681 2656 quod
1721 2607 1886 2656 sapiens

286 2676 410 2702 nemo
445 2662 566 2709 dixit,
600 2663 717 2701 ‘Non
750 2665 942 2712 putaram
959 2661 980 2701 ⁹.
1057 2660 1149 2698 Iam
1186 2661 1324 2710 palam
1361 2661 1544 2700 clamant
1582 2661 1655 2699 isti
1694 2662 1885 2700 omnium

331 2782 426 2812 1160.
447 2791 494 2820 17.
521 2782 752 2821 Agrippinae.
784 2791 905 2812 >Lxxxx
928 2783 1000 2811 add.
1017 2782 1058 2810 II.
1164 2781 1273 2810 Anno
1292 2783 1367 2810 add.
1394 2783 1432 2811 N.
1626 2781 1720 2811 1161.
1744 2793 1774 2819 4.
1803 2790 1886 2811 nus-

285 2834 393 2865 quam
410 2827 541 2862 scripsi:
564 2835 714 2863 vsquam
733 2826 789 2859 (ιβ.
925 2825 955 2855 8.
980 2833 1145 2863 parsuros
1161 2825 1183 2857 β
1199 2834 1207 2853 2
1232 2833 1396 2862 passuros
1415 2836 1447 2854 α.

332 2935 427 2965 1161.
447 2945 477 2973 4.
504 2934 573 2974 ibi]
598 2937 634 2965 at
649 2935 803 2976 Cologm=
819 2947 826 2975 3
851 2936 892 2966 cf.
915 2946 946 2976 p.
966 2946 1042 2975 370.
1161 2946 1207 2974 14.
1228 2936 1307 2967 Non
1316 2935 1500 2977 putaram]
1512 2936 1563 2967 Cf.
1575 2936 1644 2967 Cic.
1658 2937 1714 2973 Off.
1728 2946 1754 2966 1.
1766 2944 1815 2973 23.
1830 2934 1883 2973 81,

331 2987 361 3015 5.
390 2977 543 3018 Decimi]
570 2978 638 3009 Leo
654 2988 685 3009 x.
1122 2980 1191 3009 and
1211 2980 1314 3010 other
1337 2990 1477 3010 sources
1500 2979 1633 3018 quoted
1658 2979 1705 3018 by
1721 2978 1886 3017 Becking

331 3025 361 3051 0.
389 3021 539 3063 exustis]
565 3021 616 3053 Cf.
637 3022 696 3061 Ep.
721 3032 812 3061 1157.
832 3024 890 3054 611.
1122 3033 1164 3053 on
1182 3023 1257 3053 HE.
1282 3033 1353 3062 191,
1369 3026 1384 3060 ξ
1398 3033 1416 3052 2
1432 3035 1439 3062 3
1457 3023 1530 3053 also
1548 3023 1610 3062 Ep.
1630 3033 1702 3061 447.
1720 3024 1796 3061 644.
