1990 3353
281 129 361 167 422
751 127 1006 167 LETTERS
1044 128 1114 166 OF
1151 127 1418 167 ERASMUS
1759 127 1882 182 [1520

280 239 411 289 logus,
443 238 510 277 vel
545 237 678 288 magis
711 237 1016 287 grammaticus,
1048 239 1095 276 vt
1128 237 1207 287 ipsi
1240 237 1377 276 solent
1411 237 1556 286 dicere,
1589 240 1675 277 tam
1710 239 1882 278 arduam

280 292 537 343 prouinciam
558 292 664 331 mihi
684 305 904 340 sumerem,
922 305 1024 342 quae
1044 294 1085 330 et
1104 305 1319 330 summum
1339 291 1581 342 theologum
1601 295 1642 331 et
1661 294 1883 333 autoritate

220 352 262 383 80
280 347 514 397 praeditum
536 347 775 396 postularet.
819 346 963 396 Neque
982 346 1096 384 enim
1117 346 1221 384 libet
1234 345 1436 395 suspicari
1454 346 1533 385 hoc
1547 359 1667 396 agere
1683 348 1883 397 quosdam

279 402 421 440 animo
459 414 543 439 non
582 414 765 450 syncero,
807 404 851 438 vt
889 402 1157 450 posteaquam
1200 400 1365 450 scriptis
1403 400 1448 438 in
1494 401 1727 440 Lutherum
1765 402 1884 441 libris

281 457 586 494 Germanorum
606 455 769 493 animos
785 454 828 492 in
849 468 917 493 me
936 468 1237 504 prouocassem,
1257 454 1335 493 hoc
1350 455 1445 493 odio
1464 455 1658 505 protinus
1676 456 1721 493 in
1741 469 1883 495 meum

280 510 457 548 exitium
478 509 760 548 abuterentur.
810 509 1029 547 Addebam
1050 509 1127 547 hoc
1147 509 1301 548 laboris
1321 509 1428 547 mihi
1448 509 1601 548 frustra
1620 510 1753 549 sumi:
1783 511 1882 561 quid

280 564 395 602 enim
415 564 618 602 momenti
638 563 693 602 sit
714 563 957 602 habiturum
980 577 1122 602 meum
1142 563 1343 602 iudicium
1363 563 1472 615 apud
1492 577 1562 602 eos
1582 577 1685 614 quos
1705 565 1884 604 duarum

223 625 260 666 85
280 618 606 657 Academiarum
632 619 847 666 sententia,
873 631 976 668 quos
995 618 1153 657 summi
1179 617 1395 656 Pontificis
1415 617 1599 667 diploma
1617 632 1703 657 non
1723 632 1882 669 permo-

281 674 428 711 ueret'?
485 673 650 711 Horum
680 673 716 711 si
745 672 853 710 nihil
886 675 1003 719 esset,
1041 674 1182 711 tamen
1216 672 1349 710 refelli
1383 685 1467 711 non
1501 685 1620 722 posse
1654 673 1764 723 quod
1798 687 1884 712 non

281 727 409 766 semel
437 729 559 777 atque
579 728 731 765 iterum
759 740 782 765 a
808 727 942 777 capite
967 727 1017 765 ad
1045 728 1198 765 calcem
1218 740 1346 776 vsque
1372 726 1620 776 perlegeris:
1651 727 1883 766 Lutherum

283 784 532 834 πολυγράφον
562 795 662 820 esse.
727 782 857 819 Porro
878 781 986 819 mihi
1007 781 1076 819 vix
1097 781 1229 819 otium
1248 794 1337 819 esse
1357 780 1461 819 meis
1482 781 1613 831 ipsius
1638 781 1759 820 libris
1778 795 1885 821 reco-

281 837 539 885 gnoscendis.
601 836 707 874 Suos
736 835 876 885 potius
904 836 1099 874 aederent
1128 835 1302 883 libellos,
1327 848 1431 885 quos
1461 836 1545 874 iam
1574 838 1738 886 paratos
1766 836 1886 875 habe-

221 904 262 936 90
281 894 374 930 rent
394 891 593 930 Latonius
613 893 656 928 et
674 890 982 938 Turenhoutus,
1004 890 1168 940 vtrique
1196 889 1317 938 docti,
1340 890 1445 928 alter
1465 890 1591 928 etiam
1613 904 1699 929 non
1718 904 1885 940 prorsus

281 946 539 984 infacundus.

335 1000 519 1039 Tandem
556 999 856 1049 Egmondanus
890 999 967 1037 hoc
997 1000 1083 1037 erat
1112 998 1281 1037 futurus
1313 1000 1546 1046 contentus,
1578 1001 1625 1038 vt
1662 999 1696 1037 si
1728 999 1885 1038 nollem

281 1067 464 1104 pugnare
485 1068 579 1093 cum
600 1054 796 1100 Luthero‚
820 1052 969 1091 saltem
990 1055 1162 1091 testarer
1182 1052 1304 1091 illum
1320 1066 1406 1091 esse
1426 1053 1586 1092 victum
1609 1067 1632 1091 a
1652 1053 1885 1093 Louanien-

282 1109 408 1147 sibus.
469 1109 683 1158 Respondi
712 1121 798 1146 non
833 1107 970 1146 deesse
1006 1107 1078 1157 qui
1107 1107 1184 1145 hoo
1214 1108 1526 1157 praedicarent:
1560 1107 1667 1146 mihi
1696 1108 1885 1147 nondum

221 1178 260 1209 95
281 1164 383 1202 satis
413 1164 570 1213 liquere
604 1176 700 1201 eum
732 1175 821 1201 esse
855 1162 1024 1210 victum,
1058 1162 1298 1211 priusquam
1326 1162 1543 1211 prodirent
1573 1162 1743 1200 illorum
1772 1175 1887 1212 argu·

281 1220 450 1265 menta-3
480 1231 614 1267 neque
633 1217 747 1255 enim
767 1216 996 1266 speciosam
1016 1229 1105 1254 esse
1125 1216 1343 1255 victoriam
1364 1218 1436 1255 aut
1456 1229 1708 1266 magnopere
1727 1217 1886 1267 praedi·

281 1272 468 1319 cabilem‚
491 1271 738 1322 praesertim
766 1271 984 1320 theologis,
1016 1271 1144 1309 bullis
1174 1273 1214 1309 et
1244 1271 1398 1309 fauillis
1425 1271 1602 1310 vincere.
1663 1271 1728 1310 Sic
1757 1271 1808 1309 ab
1837 1284 1886 1310 eo

282 1326 490 1377 colloquio
510 1328 678 1364 tantum
700 1339 784 1364 non
803 1328 1030 1375 consputus
1051 1325 1232 1364 discessi.

336 1381 456 1419 Nunc
477 1381 616 1419 nescio
636 1381 842 1430 quomodo
862 1392 1005 1418 rursus
1024 1379 1188 1426 irritati,
1211 1380 1409 1418 videntur
1437 1380 1482 1418 in
1511 1380 1588 1418 hoc
1617 1380 1883 1429 conspirasse,

202 1451 263 1473 100
284 1438 326 1474 vt
347 1449 414 1474 me
442 1435 711 1474 concionibus
739 1434 826 1473 suis
847 1434 1080 1472 conficiant.
1141 1434 1246 1473 Cum
1276 1448 1410 1473 essem
1440 1435 1620 1473 Caletiae
1649 1435 1693 1472 in
1725 1435 1886 1484 Regum

282 1503 519 1539 congressu,
545 1489 728 1527 Iacobita
748 1489 919 1538 quidam
939 1488 1113 1535 iuuenis,
1138 1488 1218 1526 sibi
1244 1489 1411 1538 placens
1435 1491 1477 1527 et
1500 1489 1643 1537 fidens,
1668 1488 1885 1527 Phormio-

283 1558 379 1583 nem
400 1558 488 1583 esse
509 1544 675 1591 diceres,
692 1543 971 1582 hebdomadas
991 1542 1150 1592 aliquot
1170 1543 1215 1581 in
1236 1557 1302 1581 me
1323 1543 1597 1582 debacchatus
1616 1545 1679 1581 est
1696 1542 1884 1591 Louanii,

284 1612 367 1637 non
388 1599 510 1637 aliter
529 1611 654 1648 quam
673 1611 695 1636 e
715 1597 914 1648 plaustris
933 1597 1122 1647 lapidans
1142 1611 1209 1635 me
1228 1597 1439 1636 conuiciis.
1493 1598 1671 1636 Moriam
1690 1598 1886 1646 interpre-

281 1654 447 1692 tabatur
466 1652 619 1703 populo
640 1652 754 1691 iuxta
774 1665 945 1690 sensum
966 1652 1234 1701 cacologicon.
1295 1652 1480 1690 Tandem
1506 1665 1573 1690 me
1593 1652 1886 1691 dissimulante

202 1720 261 1751 105
281 1708 487 1746 indictum
514 1710 577 1746 est
606 1706 768 1745 homini
799 1706 1024 1754 silentium,
1046 1706 1118 1744 sed
1138 1709 1407 1756 posteaquam
1428 1706 1622 1756 quicquid
1643 1707 1768 1745 libuit
1789 1707 1886 1745 effu-

282 1763 446 1801 tiuerat.
506 1762 648 1811 Nuper
676 1773 822 1799 rursus
851 1761 984 1810 coepit
1012 1761 1138 1798 etiam
1167 1761 1357 1805 atrocius,
1379 1760 1568 1800 irritatus
1594 1761 1736 1799 libello
1763 1761 1886 1800 Anti-

282 1816 563 1864 barbarorum,
584 1828 709 1865 quem
728 1828 813 1853 non
834 1814 1056 1865 intelligit:
1087 1828 1244 1863 rursus,
1263 1815 1416 1853 iterum
1438 1818 1560 1865 atque
1581 1816 1733 1854 iterum
1754 1818 1887 1854 tacere

284 1872 424 1910 iussus
443 1870 633 1909 nondum
653 1869 733 1908 sibi
753 1871 972 1918 temperat.
1031 1869 1217 1908 Tandem
1244 1870 1398 1908 nudius
1424 1871 1574 1908 tertius
1592 1870 1697 1908 alter
1717 1870 1886 1919 quidam

284 1925 481 1972 Iacobita,
504 1937 702 1972 reuersus,
727 1927 773 1962 vt
793 1925 949 1971 ferunt,
969 1936 991 1961 e
1012 1923 1157 1971 Gallia,
1181 1924 1332 1973 prodiit
1362 1924 1406 1961 in
1435 1924 1686 1972 concionem,
1711 1929 1752 1963 et
1778 1925 1887 1963 nihil

204 1992 264 2014 110
283 1979 566 2018 conuiciorum
590 1992 675 2017 non
699 1979 904 2028 congessit
932 1978 1185 2016 nominatim
1211 1979 1256 2016 in.
1286 1978 1521 2027 Erasmum,
1545 1988 1632 2016 tam
1652 1979 1888 2028 petulanter

282 2036 329 2072 vt
349 2034 546 2072 omnibus
566 2034 693 2072 etiam
713 2033 829 2071 laicis
850 2032 1098 2083 displiceret.
1158 2033 1222 2080 Et,
1245 2046 1268 2070 o
1289 2046 1442 2071 nouam
1470 2033 1758 2083 theologorum
1786 2033 1886 2072 leni-

286 2090 441 2127 tatem!
480 2088 579 2127 haec
609 2088 749 2126 ferunt
778 2087 920 2137 aequis
949 2087 1112 2134 animis,
1135 2087 1207 2136 qui
1232 2100 1377 2126 vocem
1404 2088 1571 2126 vnicam
1603 2087 1884 2139 ‘mateologi’,

285 2143 449 2193 oblique
468 2144 621 2181 tortam
641 2143 686 2180 in
706 2141 955 2181 Camelitam
975 2141 1309 2191 Egmondanum,
1332 2142 1496 2191 magnis
1516 2142 1738 2192 tragoediis
1757 2143 1887 2192 exagi-

284 2199 438 2236 tarunt.
497 2196 633 2235 Nemo
660 2209 746 2234 non
772 2196 972 2245 intelligit
998 2195 1097 2234 haec
1123 2195 1214 2233 fieri
1240 2196 1445 2246 theologis
1465 2196 1713 2247 quibusdam
1733 2197 1886 2246 partim

203 2263 261 2295 115
284 2251 618 2299 conniuentibus,
630 2251 784 2301 partim
796 2250 922 2288 etiam
936 2249 1243 2300 instigantibus.
1277 2251 1311 2288 O
1332 2251 1463 2289 telum
1478 2250 1682 2301 theologis
1695 2251 1885 2301 dignum!

286 2306 434 2344 Coram
461 2319 545 2344 non
572 2305 848 2355 expostulant,
871 2317 894 2342 a
917 2307 1032 2354 tergo
1052 2304 1256 2352 mordent,
1278 2305 1517 2354 conspirant
1543 2305 1792 2353 clanculum,
1814 2319 1888 2356 per

329 2447 381 2475 90.
406 2435 649 2467 Turenholtus
665 2438 706 2467 H.
836 2446 888 2476 95.
915 2435 1104 2476 prodirent
1119 2437 1164 2466 F:
1190 2435 1394 2476 prodierint
1410 2438 1452 2468 H.
1567 2447 1639 2468 101.
1664 2438 1824 2469 Iacobita
1838 2441 1886 2469 F:

284 2479 545 2554 Ξίιὲἓιέἓὲοῗίωε
561 2482 603 2510 H.
749 2479 864 2511 fidens
879 2483 924 2511 F:
950 2479 1133 2510 confidens
1150 2482 1191 2509 H.
1420 2491 1488 2520 109.
1518 2481 1677 2512 Iacobita
1697 2484 1741 2513 F:
1768 2482 1888 2513 Domi-

329 2664 381 2694 82.
411 2662 688 2702 Germanorum]
713 2662 764 2694 Of.
775 2663 837 2702 Ep.
854 2665 946 2694 1161.
962 2664 1052 2702 66,7.
1126 2662 1215 2692 1166.
1231 2663 1310 2692 26n.

330 2707 381 2744 85.
410 2706 704 2747 Academiarum]
716 2706 869 2746 Cologne
883 2706 953 2737 and
966 2707 1054 2738 Lou-
1169 2715 1241 2736 102.
1266 2706 1507 2737 hebdomadas
1542 2707 1695 2747 aliquot]
1742 2708 1786 2740 In
1823 2709 1885 2750 Ep.

287 2750 372 2780 vain
387 2760 394 2780 :
418 2758 475 2779 see
494 2749 557 2788 Ep.
582 2759 675 2788 1030.
691 2750 767 2781 16n.
1127 2751 1205 2788 1581
1227 2749 1395 2780 Erasmus
1412 2760 1490 2790 says
1510 2752 1518 2768 ‘
1532 2752 1812 2790 sesquimensem
1824 2752 1844 2785 ¹.

375 2791 550 2832 diploma]
569 2792 621 2823 Of.
642 2793 705 2832 Ep.
729 2803 823 2832 1141.
840 2803 919 2824 20n.
1173 2793 1242 2824 106.
1260 2793 1604 2835 Antibarbarorum]
1621 2795 1684 2825 See
1697 2805 1752 2835 pp.
1765 2797 1883 2835 277-8.

331 2847 383 2876 90.
409 2835 593 2875 Latomus]
612 2836 676 2867 See
695 2837 756 2876 Ep.
776 2838 870 2874 1165.
888 2846 962 2875 13¹¹-
1172 2836 1240 2867 108.
1262 2836 1548 2878 nudiustertius]
1565 2838 1710 2870 16Dec.:
1728 2839 1885 2879 Sunday.

374 2879 646 2920 Turenhoutus]
665 2880 728 2911 See
746 2880 808 2919 Ep.
831 2882 923 2919 1163.
942 2890 1018 2912 Ion.
1212 2879 1302 2910 alter
1324 2881 1488 2921 quidam]
1514 2882 1532 2912 1
1556 2884 1688 2913 cannot
1712 2882 1887 2923 identify:

330 2933 384 2962 93.
409 2922 563 2963 vietum]
583 2923 634 2954 Cf.
654 2923 716 2963 Ep.
739 2925 832 2954 1162.
847 2926 921 2955 216.
1125 2933 1181 2954 see
1199 2922 1273 2954 also
1290 2923 1376 2964 Epp.
1399 2933 1489 2964 1172.
1502 2935 1532 2964 3,
1555 2926 1647 2964 1581.

335 2977 404 2998 100.
432 2965 605 3007 Caletiae]
624 2965 687 2997 See
704 2977 738 3006 p.
755 2969 830 3006 296.
1172 2977 1240 2997 112.
1266 2967 1471 3008 mateologi]
1489 2968 1542 2999 cf.
1562 2969 1624 3008 Ep.
1646 2978 1737 3008 1172.
1761 2979 1876 3001 11—12.

335 3020 405 3042 101.
434 3009 592 3051 iuuenis]
628 3010 842 3042 Laurentius
862 3023 868 3042 :
902 3020 959 3041 see
991 3011 1053 3050 Ep.
1173 3019 1243 3049 113.
1268 3011 1499 3053 Camelitam]
1517 3011 1580 3043 See
1597 3012 1659 3052 Ep.
1682 3014 1866 3052 1165.12n.
