1990 3353
77 123 93 147 1
103 123 121 147 2
133 124 146 148 1
156 109 199 163 6]
553 110 623 149 TO
661 110 848 149 PETER
885 109 1205 149 BARBIRIUS
1597 110 1676 148 535

77 221 149 270 qui
169 223 268 260 ante
293 235 426 260 annos
446 221 598 271 viginti
625 220 862 270 scripserim
887 221 1174 269 Enchiridion,
1198 222 1271 271 qui
1296 221 1340 259 in
1371 222 1448 260 hoc
1476 235 1612 271 opere,
1631 225 1676 259 vt
1698 234 1737 266 35

75 275 164 323 ipse
181 288 278 314 vere
297 276 453 323 scribit,
476 275 750 314 tumultuario
772 276 938 313 tantum
961 276 1146 313 adferam
1173 275 1523 323 testimoniorum,
1548 275 1677 313 nullis

76 329 248 367 interim
276 330 484 369 indicibus
512 330 693 376 adiutus,
725 329 876 378 quibus
904 329 976 367 ille
1004 329 1166 368 felicior
1192 343 1260 368 me
1288 330 1390 368 fuit:
1432 331 1525 380 quis
1554 330 1679 367 credi-

77 385 198 422 turus
230 387 293 422 est
328 384 405 432 illi,
440 384 549 434 quod
587 384 665 422 hoc
705 396 806 432 opus
845 384 1081 433 susceperit,
1118 397 1204 422 non
1241 384 1328 422 vllo
1366 383 1679 422 maledicentiae

77 437 225 485 studio,
248 439 318 477 sed
345 439 505 476 ‘animo
524 451 691 487 prorsus
711 438 763 475 ab
793 437 909 475 omni
939 438 1207 476 contentione
1235 438 1393 477 alieno’
1409 439 1430 477 ⁴?
1469 451 1566 477 cum
1591 440 1678 476 toto

77 505 198 541 opere
231 493 282 531 ab
311 493 434 531 initio
465 505 595 541 vsque
625 492 674 530 ad
710 491 840 529 finem
865 491 973 530 nihil
1004 492 1117 529 aliud
1150 505 1274 542 quam
1312 506 1380 531 me
1413 493 1594 531 derideat
1630 505 1679 530 ex
1698 506 1742 536 40

77 546 173 593 alto,
209 549 359 596 carpat,
401 547 575 586 laceret:
623 546 764 595 lapsus
802 546 928 584 etiam
967 546 1122 584 alienos
1160 547 1267 585 mihi
1306 547 1564 586 odiosissime
1603 547 1679 584 im-

75 600 261 650 pingens,
286 604 386 650 puta
412 601 767 651 typographorum
793 602 834 638 et
853 599 1173 649 Oecolampadii,
1196 614 1500 652 nonnunquam
1523 604 1680 639 atroces

75 655 306 704 tragoedias
325 656 510 693 excitans
538 669 586 693 ex
612 655 680 692 his
699 668 804 704 quae
827 657 925 693 sunt
952 654 1265 704 simplicissime
1291 655 1400 694 dicta
1415 670 1424 703 ;
1454 655 1574 705 quale
1602 658 1675 702 est,

77 709 185 759 quod
219 710 465 760 scripseram
497 709 718 759 Neapolim
753 721 864 747 nunc
896 709 948 746 ab
977 709 1179 758 Hispanis
1209 710 1406 759 occupari,
1442 713 1482 748 et
1514 711 1679 749 Σπανίαν

75 764 186 813 apud
206 763 386 802 Paulum
405 777 478 813 pro
499 763 705 813 Hispania
733 763 884 802 scribi:
913 763 1088 801 subinde
1118 764 1259 812 magni
1290 764 1468 803 conuicii
1493 764 1582 802 loco
1612 777 1680 802 me
1698 775 1739 806 45

76 817 286 856 Batauum
318 818 542 869 appellans.
600 817 724 866 Quasi
753 817 856 855 mihi
886 818 994 856 vicio
1030 818 1137 856 verti
1175 818 1335 862 debeat,
1364 818 1529 856 etiamsi
1567 818 1676 867 apud

77 872 304 922 Sogdianos
338 875 461 911 natus
492 885 639 920 essem,
673 874 746 910 aut
777 871 1027 910 Hollandiae
1060 872 1172 922 regio
1207 872 1261 910 sit
1294 872 1371 911 vlli
1400 873 1559 922 regioni
1589 886 1679 911 con-

76 927 308 973 temnenda,
331 927 420 966 siue
440 927 601 965 cultum
622 929 791 976 spectes,
813 926 902 964 siue
927 926 1210 965 celebritatem
1229 927 1409 975 vrbium,
1433 928 1521 965 siue
1541 940 1678 965 rerum

75 981 340 1029 affluentiam,
365 983 455 1020 siue
474 982 640 1019 laudem
667 980 957 1030 ingeniorum!
988 994 1091 1031 quae
1118 983 1206 1019 tam
1227 981 1364 1019 felicia
1389 981 1543 1031 passim
1571 982 1678 1030 apud

74 1035 170 1073 illos
189 1035 393 1083 oriuntur,
414 1038 460 1074 vt
481 1037 531 1074 ad
553 1035 648 1074 illos
668 1035 843 1074 collatus
863 1049 937 1085 ego
953 1049 1047 1073 vere
1067 1035 1164 1073 talis
1184 1035 1316 1074 videri
1335 1036 1493 1085 possim
1514 1036 1679 1086 qualem
1699 1051 1740 1083 50

76 1102 143 1127 me
163 1090 262 1128 facit
282 1091 464 1129 Stunica.

130 1144 215 1182 Nec
237 1145 338 1183 satis
357 1148 444 1183 erat
471 1144 529 1183 sic
554 1147 808 1194 temperasse
834 1144 968 1194 operis
996 1144 1308 1194 praefationem,
1331 1146 1376 1183 vt
1398 1145 1574 1182 totidem
1594 1144 1678 1182 fere

75 1198 160 1237 sint
188 1199 233 1237 in
262 1213 330 1237 me
359 1199 543 1238 conuicia
572 1202 670 1249 quot
698 1201 798 1237 sunt
826 1199 976 1238 verba:
1019 1199 1197 1248 singulis
1224 1200 1309 1237 fere
1338 1199 1680 1237 annotationibus

75 1253 191 1291 addit
210 1254 485 1303 praefationes
505 1267 635 1292 nouas
656 1256 695 1292 et
716 1253 942 1300 coronides,
964 1253 1115 1303 quibus
1135 1266 1201 1292 me
1220 1253 1359 1292 laniet.
1414 1256 1477 1292 Ac
1497 1267 1676 1301 rursum,

76 1308 194 1357 quasi
223 1308 299 1347 hoc
330 1321 494 1358 quoque
528 1321 677 1358 parum
711 1309 828 1355 esset,
860 1308 1019 1346 addidit
1051 1308 1209 1346 indices
1242 1308 1494 1357 marginales
1524 1308 1678 1346 aculea-
1699 1324 1737 1355 55

74 1362 200 1401 tiores
220 1362 310 1411 ipso
331 1365 539 1401 contextu.
598 1363 716 1400 Adeo
738 1361 846 1400 nihil
868 1365 955 1400 erat
986 1362 1089 1401 satis
1114 1362 1229 1400 illius
1256 1363 1397 1401 animo
1423 1362 1610 1401 modesto
1638 1363 1678 1400 et

79 1416 152 1454 ‘ab
172 1417 288 1455 omni
308 1417 573 1456 contentione
592 1430 762 1466 prorsus
781 1417 916 1455 alieno
931 1419 950 1456 ⁴.

130 1471 222 1510 Iam
242 1471 353 1510 haud
375 1472 457 1510 scio
478 1484 581 1510 num
608 1472 710 1510 satis
736 1471 954 1520 prudentis
979 1471 1167 1510 hominis
1186 1471 1407 1519 videbitur,
1432 1471 1540 1520 quod
1566 1471 1678 1509 hunc

75 1525 347 1575 interpretem
367 1526 542 1564 affirmet
563 1526 663 1564 scite
681 1527 722 1564 et
741 1526 949 1575 eleganter
963 1526 1138 1565 vertisse
1158 1525 1327 1564 Nouum
1348 1527 1676 1563 Testamentum.

76 1580 195 1619 Certe
225 1593 311 1618 non
330 1580 541 1619 videbitur
566 1583 770 1630 praestare
799 1580 1088 1629 patrocinium,
1113 1594 1193 1630 quo
1223 1580 1443 1630 pollicetur
1472 1593 1516 1617 se
1545 1580 1679 1618 defen·
1698 1588 1739 1620 60

75 1647 221 1673 surum
240 1635 292 1672 ab
314 1636 430 1673 omni
450 1635 659 1673 calumnia
678 1648 802 1673 suum
823 1635 1104 1684 interpretem,
1126 1648 1221 1673 cum
1252 1635 1302 1673 ad
1328 1637 1391 1672 tot
1417 1634 1680 1672 soloecismos

74 1702 98 1727 a
118 1702 184 1727 me
205 1692 370 1728 notatos
390 1689 499 1728 nihil
525 1689 780 1739 respondeat.
838 1689 954 1728 Adeo
981 1689 1149 1728 silentio
1175 1703 1250 1727 suo
1278 1689 1448 1727 damnat
1469 1702 1592 1738 quem
1623 1688 1681 1726 ita

75 1744 293 1793 magnifice
331 1744 532 1782 tuendum
575 1744 781 1794 suscepit:
829 1744 994 1782 etiamsi
1041 1744 1128 1793 ipse
1173 1757 1258 1782 non
1296 1744 1374 1781 hoc
1412 1743 1594 1793 agebam,
1635 1745 1679 1781 vt

74 1798 319 1847 impeterem
347 1799 630 1848 interpretem,
652 1798 762 1836 vnde
786 1798 886 1848 quid
915 1798 1022 1836 mihi
1050 1800 1210 1837 fructus
1240 1800 1327 1836 erat
1355 1797 1578 1836 futurum?
1608 1798 1677 1835 sed

75 1851 208 1890 obiter
227 1855 382 1891 annoto
403 1853 438 1891 si
458 1852 557 1902 quid
577 1852 742 1891 videtur
761 1853 1026 1903 profuturum
1043 1853 1187 1891 lectori
1207 1852 1404 1891 studioso.
1466 1852 1678 1900 Quantum
1700 1860 1739 1901 65

76 1906 256 1945 offecerit
283 1907 417 1946 famae
446 1920 563 1945 meae
593 1907 763 1946 Stunica
792 1907 941 1954 nescio,
966 1910 1074 1946 certe
1100 1907 1251 1945 vellem
1281 1920 1377 1944 suae
1407 1907 1558 1944 rectius
1588 1919 1679 1944 con-

76 1961 296 2000 suluisset:
327 1974 424 2000 nam
446 1975 519 2011 ego
540 1962 659 1999 facile
680 1961 780 2000 boni
801 1962 972 2000 consulo
994 1962 1189 2011 quicquid
1214 1961 1322 1999 cedit
1342 1961 1387 1998 in
1413 1961 1679 1998 commodum

75 2016 321 2054 studiorum.
382 2016 436 2054 Et
456 2016 565 2054 acuit
585 2016 754 2066 quidem
774 2016 940 2066 ingenia
966 2017 1178 2054 contentio
1205 2016 1441 2062 moderata3
1472 2015 1543 2053 sed
1570 2014 1678 2053 hanc

75 2069 345 2108 virulentiam
366 2083 446 2120 qua
471 2084 593 2117 nunc,
618 2071 754 2108 nescio
775 2084 855 2120 quo
875 2071 971 2119 fato,
997 2071 1161 2108 seruent
1187 2069 1338 2110 omnia.
1362 2068 1512 2107 vellem
1537 2069 1677 2107 abesse

75 2137 172 2162 cum
192 2124 242 2163 ab
262 2124 458 2163 omnibus
476 2125 660 2163 honestis
680 2124 842 2172 studiis,
863 2126 956 2163 tum
976 2125 1191 2174 praecipue
1210 2137 1234 2163 a
1253 2123 1392 2162 sacris.
1700 2142 1739 2176 70

130 2178 203 2225 Tu,
236 2179 297 2217 mi
326 2179 501 2227 Barbiri,
537 2179 821 2228 expectatione
850 2179 913 2218 tui
943 2179 1123 2217 nimium
1153 2179 1225 2217 diu
1255 2191 1331 2217 nos
1361 2180 1538 2228 torques,
1570 2190 1678 2216 noua

75 2232 255 2272 subinde
280 2247 353 2282 spe
380 2233 536 2272 lactans
564 2233 726 2272 animos
749 2236 923 2272 nostros.
984 2234 1124 2272 Meum
1154 2233 1315 2271 abitum
1344 2235 1573 2270 remoratae
1594 2232 1678 2281 qui-

76 2287 171 2325 dem
192 2290 291 2326 sunt
310 2288 468 2338 aliquot
488 2287 592 2326 aliae
611 2301 767 2335 causae,
792 2289 864 2327 sed
891 2289 1043 2327 harum
1068 2287 1287 2337 praecipua
1311 2287 1403 2334 fuit,
1426 2286 1488 2325 tui
1507 2286 1678 2324 videndi

76 2341 336 2380 desiderium.
399 2342 516 2390 Quod
537 2342 571 2380 si
597 2344 637 2380 te
665 2345 860 2382 mutuum
892 2343 1012 2381 habet
1038 2343 1172 2381 nostri
1200 2341 1462 2388 desiderium,
1486 2353 1679 2390 properes

120 2433 172 2461 47.
200 2425 349 2459 FCorrfq.
368 2434 375 2453 :
400 2422 597 2462 Sogdianus
613 2426 648 2454 F.
727 2433 779 2462 50.
806 2433 886 2453 vere
903 2426 931 2454 F
943 2426 1055 2461 Comiq.
1070 2434 1076 2454 z
1102 2432 1186 2453 vero
1202 2425 1237 2452 F.
1323 2432 1374 2461 53.
1400 2425 1485 2452 sunt
1502 2424 1654 2459 Fcorrz'q.
1671 2434 1678 2452 ε

77 2466 152 2496 sint
168 2469 203 2497 F.
310 2467 362 2497 60.
392 2466 576 2497 videbitur
591 2469 638 2497 F:
664 2466 808 2497 videtur
820 2470 863 2497 H.
953 2468 1007 2498 61.
1031 2469 1083 2497 H:
1109 2467 1152 2497 ad
1172 2467 1223 2497 'ad
1241 2469 1277 2496 F.
1398 2476 1449 2505 72.
1476 2465 1543 2496 N3:
1568 2466 1678 2497 lactas

77 2512 123 2539 F:
149 2510 258 2540 lactas
274 2509 329 2539 N¹.

120 2609 173 2638 35.
200 2599 453 2640 Euchiridion]
473 2601 538 2631 See
556 2600 617 2639 Ep.
640 2601 711 2638 164.
957 2601 1009 2639 58.
1036 2600 1134 2631 hunc
1159 2599 1410 2640 interpretem]
1436 2599 1511 2630 The
1535 2600 1677 2639 abrupt-

121 2653 174 2681 42.
199 2643 530 2684 Oeeolampadii]as
546 2644 843 2675 corrector-ofthe
914 2654 994 2674 nes<
1025 2646 1063 2674 of
1091 2644 1153 2675 thc
1183 2644 1378 2674 transition
1408 2646 1568 2683 suggests
1598 2644 1676 2674 that

78 2686 154 2717 first
173 2686 332 2718 edition:
358 2688 400 2718 ef.
420 2688 483 2727 Ep.
502 2688 577 2727 358.
596 2697 654 2726 5n.
914 2688 1082 2718 Erasmus
1113 2688 1143 2718 is
1174 2687 1257 2719 here
1288 2687 1479 2727 abridging
1509 2688 1567 2717 his
1598 2697 1677 2718 own

121 2741 173 2768 44.
200 2730 426 2770 scripseram]
464 2731 509 2762 Iu
547 2731 609 2762 the
640 2734 758 2762 Amzot.
798 2742 843 2762 on
912 2735 1077 2769 Apoloyia.
1113 2731 1344 2771 Comparison
1359 2731 1447 2762 with
1465 2731 1546 2762 that
1563 2731 1678 2761 shows

78 2774 164 2805 Acts
185 2775 234 2805 16.
255 2783 291 2804 11
312 2774 384 2804 and
402 2774 499 2804 Rom.
522 2783 571 2814 15.
588 2784 640 2812 24.
914 2776 993 2805 that
1023 2776 1067 2815 by
1094 2775 1192 2806 these
1218 2775 1334 2805 words
1361 2775 1405 2805 he
1438 2774 1585 2805 intends
1617 2774 1676 2805 thu

123 2827 177 2856 47.
203 2817 434 2858 Hollandiae]
465 2817 531 2848 For
557 2818 633 2849 this
659 2818 786 2858 eulogy
809 2819 847 2849 of
912 2819 1042 2849 author
1067 2820 1104 2849 ot*
1132 2819 1194 2849 the
1224 2821 1385 2849 Traductio
1412 2820 1612 2849 ecclesiastica
1643 2818 1682 2848 cf

80 2860 240 2891 Holland
254 2862 296 2892 cf.
307 2864 411 2899 Λείας.
426 2870 522 2900 3535,
537 2862 662 2892 ‘Auris
673 2862 807 2893 Bataua
821 2863 840 2893 ⁷.
913 2862 975 2892 the
994 2862 1078 2892 New
1094 2862 1312 2893 Testament.

123 2914 174 2944 52.
200 2905 476 2946 praefationem]
495 2905 559 2936 See
582 2905 645 2945 Ep.
669 2907 760 2936 1128.
779 2915 836 2944 3¹¹·
956 2916 1005 2944 71.
1030 2905 1291 2946 expectatione]
1312 2905 1363 2936 Cf.
1382 2905 1443 2945 Ep.
1470 2915 1562 2942 ¹114·
1578 2914 1635 2943 3¹¹-

79 2947 154 2978 The
171 2948 300 2988 phrase
318 2948 452 2987 quoted
470 2949 509 2995 ip
528 2948 564 2980 11.
585 2958 637 2988 39,
659 2959 698 2988 57
719 2959 840 2980 occurs
954 2959 1005 2987 72.
1032 2949 1185 2989 abitum]
1203 2949 1250 2979 Το
1265 2949 1368 2979 Basle
1385 2949 1456 2980 and
1475 2949 1582 2978 Rome
1599 2958 1605 2978 :
1631 2947 1673 2977 cf.

79 2994 116 3022 at
136 2992 196 3022 the
213 2991 283 3021 end
301 2992 338 3021 of
352 2992 390 3022 it.
909 2992 996 3032 Epp.
1019 2994 1111 3031 1078.
1130 2993 1208 3031 6211,
1233 3003 1324 3031 1143-
1346 3002 1423 3031 7911-
