1990 3353
104 137 225 192 1162]
638 140 708 179 ΤΟ
745 140 980 180 THOMAS
1018 140 1177 180 MORE
1624 144 1705 183 387

104 250 184 297 ‘Ia‚
207 249 271 289 tui
290 250 298 263 ’
328 250 489 300 inquit;
534 249 771 300 indignans,
803 250 960 299 opinor,
991 250 1100 300 quod
1132 252 1191 290 tui
1220 251 1432 299 dixissem,
1467 265 1551 291 non
1578 255 1703 293 vestri.
1727 271 1786 302 125

105 304 244 352 ‘Quod
274 305 309 342 si
337 305 543 343 maxime’
563 304 746 354 inquam,
768 306 777 323 ‘
794 304 1041 343 aedidissem
1070 319 1237 353 nomen,
1261 307 1359 355 quid
1386 308 1472 344 erat
1497 307 1643 356 flagitii
1671 309 1705 347 si

100 359 207 409 quod
242 362 289 397 tu
323 358 486 408 publice
521 371 648 397 ausus
680 371 724 396 es
757 359 899 404 dicere,
933 372 1008 408 ego
1043 360 1173 398 simili
1208 360 1398 399 libertate
1436 361 1706 401 retulissem?

101 413 223 451 Nunc
257 413 428 452 honoris
461 413 525 451 tui
557 413 691 462 gratia
729 413 944 463 supprimo
977 426 1132 452 nomen
1165 417 1298 463 tuum,
1334 418 1374 453 et
1406 428 1496 453 rem
1526 418 1707 455 atrocem

99 467 281 505 ciuiliter
300 480 434 505 narro.
495 466 669 506 Dixeras
689 467 872 506 Fabrum
890 481 936 506 ac
957 481 1034 516 me,
1058 468 1129 517 qui
1149 482 1262 507 nunc
1288 483 1571 520 pugnaremus
1598 471 1708 509 inter

100 535 186 569 nos,
221 521 322 560 olim
352 524 609 571 pugnaturos
638 522 683 560 in
712 522 918 571 profundo
948 522 1146 561 Tartaro?
1207 523 1276 562 ‘Ia
1292 524 1311 572 ²,
1344 524 1492 574 inquit,
1525 525 1627 563 ‘hoc
1656 525 1708 564 ab

99 576 192 615 aliis
220 575 401 614 audisti.’
460 576 669 624 ⁴Verum,'
698 576 882 626 inquam,
920 578 985 614 ‘at
1020 589 1104 614 non
1133 577 1185 615 ab
1213 590 1309 616 vno.
1383 578 1463 618 Sed
1498 580 1625 618 audes
1660 582 1706 618 tu

101 643 249 680 negare
269 629 460 669 dictum?
477 630 485 645 ’
542 630 730 669 Obticuit
747 645 756 678 ;
785 644 868 681 qua
887 630 1056 681 quidem
1076 632 1121 669 in
1142 645 1185 669 re
1203 632 1389 681 primum
1416 646 1510 672 sum
1538 634 1708 673 admira-

99 687 169 723 tus
189 698 347 723 nouum
366 684 551 723 hominis
570 685 782 733 pudorem.

154 738 252 777 Mox
280 739 325 776 in
354 739 484 777 alium
515 752 710 788 campum
739 740 974 789 expatiatus
1002 739 1173 788 negauit
1207 753 1250 779 se
1278 754 1463 791 vnquam
1498 743 1707 780 facturum

99 793 228 831 finem
252 793 506 831 vociferandi
535 793 580 831 in
610 794 845 833 Lutherum
874 794 1003 833 (101190
1032 794 1156 832 illum
1183 795 1436 834 confecisset.
1497 796 1708 846 Respondi

99 861 172 897 per
200 861 268 886 me
298 847 420 885 licere
450 847 513 886 illi
541 848 756 886 vociferari
784 862 916 898 vsque
944 849 995 887 ad
1025 849 1148 887 ilium
1178 849 1473 899 diruptionem,
1503 852 1627 889 modo
1656 865 1708 894 ne

99 904 143 940 in
164 915 232 940 me
255 901 503 950 blateraret3
533 915 668 952 neque
693 916 761 941 me
781 903 899 952 queri
920 903 1028 953 quod
1055 903 1098 940 in
1120 903 1354 942 Lutherum
1384 905 1613 952 clamasset,
1636 906 1705 944 sed

101 956 209 1006 quod
240 956 284 994 in
316 970 407 995 me:
442 957 552 1007 quod
584 957 736 1006 ipsum,
768 959 805 995 si
835 957 896 996 illi
925 970 1056 1007 vsque
1084 958 1184 996 adeo
1213 959 1325 996 cordi
1355 962 1475 1007 esset,
1504 964 1703 1010 pergeret,

101 1011 208 1049 nihil
242 1013 383 1049 tamen
419 1011 523 1049 lucri
562 1012 747 1050 facturus
780 1011 862 1050 nisi
896 1014 942 1050 vt
975 1014 1083 1050 esset
1120 1013 1241 1051 bonis
1280 1013 1477 1053 omnibus
1515 1013 1706 1061 ludibrio,

100 1065 437 1115 quandoquidem
458 1066 502 1103 in
522 1079 568 1104 ea
588 1066 785 1105 concione
804 1067 1008 1105 vidissem
1028 1067 1182 1116 passim
1204 1081 1350 1106 omnes
1371 1069 1566 1108 ridentes.
1627 1069 1709 1108 Hic

101 1120 171 1158 ille
196 1120 268 1159 ‘Ia
282 1121 302 1167 ⁹,
327 1120 476 1170 inquit,
504 1120 591 1158 ‘illi
610 1121 672 1159 tui
693 1123 812 1159 erant
830 1122 850 1160 ³.
896 1123 905 1140 ‘
919 1121 1054 1169 Quam
1073 1121 1157 1159 mei
1177 1123 1263 1160 sint
1277 1124 1285 1138 ’
1306 1122 1490 1173 inquam,
1519 1124 1681 1162 ‘nescio
1700 1139 1708 1172 3

100 1174 315 1225 plerosque
350 1188 401 1213 ne
436 1175 486 1213 de
521 1176 624 1213 facie
663 1176 832 1225 quidem
872 1175 1097 1214 noueram.'
1180 1176 1298 1215 Inter
1335 1180 1494 1216 caetera
1532 1178 1710 1217 crimina

102 1229 249 1267 obiecit
270 1230 310 1266 et
331 1229 419 1276 hoc,
443 1230 551 1279 quod
572 1230 792 1279 allegarem
815 1229 1026 1280 Epistolas
1046 1230 1277 1269 illustrium
1294 1232 1494 1280 virorum,
1510 1233 1582 1282 qui
1602 1233 1710 1271 mihi

100 1283 295 1322 nonnihil
328 1284 557 1322 tribuerent
574 1298 584 1331 3
625 1284 866 1333 significans
901 1298 969 1323 eas
1001 1298 1023 1322 a
1053 1298 1121 1323 me
1153 1286 1345 1336 confingi,
1379 1300 1454 1325 1190
1483 1287 1593 1325 vllos
1621 1300 1709 1326 esse

101 1339 171 1388 qui
199 1351 291 1376 mea
324 1339 558 1388 probarent,
591 1352 687 1376 cum
721 1352 794 1389 ego
825 1339 954 1377 ferme
987 1340 1123 1378 totum
1159 1340 1238 1378 hoc
1271 1341 1543 1390 epistolarum
1578 1355 1709 1392 genus

101 1405 312 1442 premam:
355 1393 564 1442 simulque
592 1393 783 1431 indicans
814 1394 921 1431 nihil
951 1396 1140 1443 oportere
1170 1395 1391 1444 probatum
1426 1396 1568 1434 haberi
1600 1397 1709 1446 quod

101 1447 232 1497 ipsius
252 1447 409 1485 calculo
431 1460 516 1486 non
543 1450 649 1485 esset
672 1448 1022 1486 commendatum.
1084 1447 1197 1486 Hinc
1225 1449 1428 1488 coniicere
1459 1450 1555 1488 licet
1581 1451 1706 1489 simul

101 1504 142 1540 et
170 1502 418 1540 modestiam
449 1502 643 1549 hominis,
678 1503 748 1551 qui
778 1502 859 1540 sibi
889 1505 976 1540 tam
1012 1516 1157 1551 parum
1194 1504 1363 1551 tribuat,
1398 1507 1438 1542 et
1472 1505 1709 1554 simplicem

101 1569 284 1606 pureque
316 1556 609 1595 Christianum
644 1557 845 1604 animum,
884 1557 955 1607 qui
990 1557 1098 1595 nihil
1133 1558 1234 1595 mali
1272 1571 1357 1596 non
1396 1560 1628 1609 suspicetur
1662 1561 1710 1598 de

100 1610 300 1660 proximo.

156 1664 263 1703 Cum
283 1665 393 1703 inter
411 1666 570 1703 caetera
589 1664 790 1704 dixissem
810 1678 894 1704 non
914 1666 1061 1704 debere
1081 1666 1214 1704 videri
1233 1667 1390 1705 mirum
1411 1667 1542 1706 sicubi
1564 1682 1710 1719 querar

102 1719 296 1758 nonnihil
313 1719 363 1757 de
382 1719 589 1769 theologis
607 1719 652 1758 in
672 1719 793 1758 libris
811 1720 927 1768 meis,
946 1734 1041 1759 cum
1058 1720 1236 1759 Ioannes
1251 1722 1484 1760 Standitius
1499 1723 1706 1768 Minorita,

103 1773 333 1823 theologus,
349 1774 578 1824 Episcopus
591 1787 614 1812 a
627 1777 769 1813 sancto
782 1775 927 1823 Asino,
946 1775 1055 1825 apud
1069 1775 1224 1824 Regem
1245 1788 1291 1814 ac
1312 1777 1513 1826 Reginam
1529 1778 1710 1827 Angliae

103 1828 249 1867 multis
277 1828 517 1878 proceribus
545 1830 586 1866 et
614 1829 789 1867 eruditis
816 1829 1079 1868 adstantibus
1109 1829 1473 1880 impudentissime
1502 1845 1571 1870 me
1598 1833 1711 1871 detu-

101 1883 199 1921 lerit
210 1882 345 1921 tribus
359 1883 601 1921 nominibus
618 1897 626 1931 3
657 1884 843 1933 primum
861 1885 968 1934 quod
984 1884 1175 1923 tollerem
1191 1886 1546 1934 resurrectionem,
1562 1887 1711 1925 deinde

102 1937 210 1988 quod
241 1937 366 1975 nihili
392 1937 570 1975 facerem
600 1941 906 1977 sacramentum
936 1939 1211 1986 matrimonii,
1230 1942 1442 1989 praeterea
1465 1941 1573 1990 quod
1603 1941 1710 1979 male

103 1993 302 2030 sentirem
332 1992 383 2030 de
411 1991 700 2031 Eucharistia:
729 2006 825 2031 cum
854 1993 899 2031 in
929 1993 1126 2032 omnibus
1154 1993 1277 2032 libris
1306 1995 1410 2033 meis
1440 1995 1545 2033 nihil
1576 1996 1711 2045 magis

104 2059 287 2084 asseram
308 2059 434 2096 quam
454 2047 812 2094 resurrectionem,
836 2061 882 2086 ac
902 2048 1219 2086 matrimonium
1242 2049 1378 2087 aedita
1399 2049 1711 2088 Declamatione

103 2100 161 2139 sic
191 2100 473 2150 praedicarim,
495 2102 543 2139 vt
572 2101 758 2152 theologi
787 2102 976 2151 putarint
1002 2115 1183 2140 errorem
1212 2116 1301 2141 esse
1328 2103 1581 2142 haereticum
1602 2105 1711 2154 quod

104 2155 374 2193 matrimonio
393 2154 488 2205 plus
508 2156 609 2194 satis
627 2156 848 2194 tribuerim
866 2171 875 2204 3
904 2158 1113 2206 postremo
1139 2170 1235 2195 cum
1257 2157 1305 2196 de
1326 2158 1590 2196 Eucharistia
1616 2172 1711 2197 nus-

104 2222 229 2259 quam
250 2222 384 2258 neque
409 2209 643 2259 scripserim
670 2224 805 2260 neque
836 2210 1035 2260 loquutus
1064 2211 1156 2255 sim,
1181 2212 1263 2249 nisi
1292 2212 1400 2250 sicut
1429 2212 1555 2260 decet,
1579 2213 1619 2250 id
1650 2216 1711 2251 est

104 2276 268 2302 summa
306 2277 400 2302 cum
439 2260 698 2303 reuerentia:
742 2265 812 2303 ‘Ia
824 2265 845 2311 ³,
881 2264 1030 2315 inquit,
1065 2265 1189 2304 ‘haec
1224 2267 1364 2305 omnia
1402 2267 1574 2305 fortasse
1614 2270 1711 2306 sunt

103 2331 202 2357 vera
216 2318 236 2356 ⁹.
295 2316 329 2355 Ο
357 2331 502 2357 vocem
531 2318 778 2368 impotentis
810 2320 943 2358 animi
972 2320 1133 2370 sibique
1164 2319 1271 2358 nihil
1305 2334 1390 2359 non
1425 2321 1710 2371 indulgentis!

104 2372 189 2411 Cur
209 2372 307 2411 haec
327 2372 468 2422 potius
488 2373 533 2410 in
559 2386 626 2411 me
645 2387 743 2412 vera
768 2376 907 2412 essent
928 2387 1052 2424 quam
1083 2374 1119 2413 si
1140 2375 1233 2424 quis
1260 2375 1369 2414 dicat
1389 2375 1711 2425 Egmondanum

555 2512 627 2541 154.
653 2503 881 2535 adstantibus
899 2508 950 2537 H:
975 2506 1206 2537 adsimilibus
1223 2511 1257 2537 F.

153 2644 222 2674 129.
248 2634 412 2675 Dixeras]
431 2635 484 2666 Cf.
504 2633 566 2675 Ep.
583 2646 676 2675 1144.
696 2646 776 2676 3211.

153 2687 224 2717 143.
244 2678 437 2719 Epistolas]
454 2679 517 2718 Ep.
530 2682 623 2719 1196.
634 2681 744 2719 603>5
758 2680 875 2711 shows

106 2722 187 2752 that
204 2722 372 2752 Erasmus
388 2732 460 2753 was
478 2726 541 2754 not
558 2724 733 2763 referring
752 2726 788 2754 to
811 2725 874 2755 the

106 2765 249 2795 volume
266 2765 356 2796 with
381 2765 444 2796 the
467 2767 550 2798 title
571 2768 676 2806 given
699 2768 783 2798 here
801 2769 874 2806 (see

108 2808 169 2849 Ep.
206 2818 271 2847 300
306 2809 455 2850 introd.)
475 2820 482 2849 ;
521 2811 586 2841 but
621 2813 658 2842 to
697 2811 773 2841 EEV
804 2814 875 2850 (see

108 2862 140 2892 p.
161 2862 225 2882 210
230 2862 251 2891 2.

156 2896 227 2932 146.
252 2895 429 2937 premam]
462 2896 514 2928 Cf.
555 2897 644 2937 Epp.
684 2908 758 2938 993.
795 2908 874 2938 52n‚

112 2948 203 2978 1157.
228 2949 298 2977 1—4.

155 2992 226 3021 152.
260 2983 475 3024 Standitius]
494 2984 557 3015 See
582 2984 669 3024 Epp.
700 2985 775 3017 608.
797 2995 874 3023 14n‚

113 3028 206 3056 1126.
221 3035 360 3066 43-253.
408 3028 456 3058 As
474 3037 512 3058 so
526 3028 624 3059 often
642 3029 696 3066 (cf.
715 3029 776 3068 Ep.
795 3039 875 3067 1054

945 2638 1109 2677 introd.),
1142 2639 1312 2671 Erasmus
1341 2640 1406 2671 has
1434 2640 1495 2671 the
1525 2641 1710 2672 Christian

945 2692 1051 2713 name
1068 2692 1200 2722 wrong.

992 2735 1061 2765 153.
1087 2736 1106 2756 a
1120 2728 1243 2756 sancto
1255 2727 1383 2767 Asino]
1401 2728 1494 2759 'rhat
1511 2728 1585 2759 this
1603 2729 1632 2759 is
1649 2732 1712 2759 not

945 2770 1080 2808 merely
1106 2782 1125 2800 a
1149 2771 1343 2801 scurrilous
1364 2771 1435 2810 jest
1463 2772 1493 2802 is
1517 2773 1640 2803 shown
1666 2774 1712 2812 by

945 2824 965 2843 a
994 2814 1142 2852 register
1170 2813 1208 2843 of
1236 2815 1407 2854 shipping
1438 2818 1628 2855 payments
1659 2817 1713 2846 for

950 2866 1042 2896 1524.
1075 2858 1111 2887 in
1143 2857 1264 2888 which
1293 2858 1464 2889 Standish
1497 2869 1644 2899 appears
1676 2870 1712 2889 :is

946 2902 1008 2931 the
1033 2901 1161 2940 bishop
1190 2902 1247 2931 ‘of
1269 2902 1318 2932 St.
1346 2903 1453 2932 Asse'
1482 2903 1640 2939 (Brewer
1663 2904 1710 2941 iv,

947 2946 1038 2983 App.
1055 2944 1112 2982 87)
1128 2954 1135 2981 ;
1161 2943 1203 2976 ‹·f.
1223 2945 1369 2976 Brewer
1388 2947 1423 2976 ii.
1441 2957 1536 2985 4074.

996 2988 1067 3026 158.
1094 2987 1380 3030 Declamatione]
1420 2993 1482 3019 Suc
1518 2990 1602 3029 ΕΜ).
1634 2992 1710 3028 604.

952 3041 1027 3070 1011,
1047 3033 1111 3069 670
1129 3032 1262 3064 introd.

857 3097 972 3123 cc2

1730 815 1789 847 135

1730 1084 1791 1115 140

1732 1356 1790 1389 145

1734 2166 1795 2198 160
