1990 3353
83 132 204 187 1033]
418 134 488 172 ΤΟ
526 132 756 172 ALBERT
795 125 881 171 OF‘
903 130 1344 170 BRANDENBURG
1607 130 1684 169 105

82 244 216 283 tueri:
259 245 328 283 sed
360 243 468 282 mihi
497 257 580 282 non
611 245 798 293 tempero
819 242 922 291 quin
952 240 1053 279 illud
1084 236 1334 289 mysterium
1365 239 1559 289 aperiam,
1584 238 1685 278 istos
1706 254 1765 286 195

79 297 205 348 longe
223 298 306 337 alio
325 299 497 337 tendere
517 311 642 348 quam
663 310 733 335 ore
753 309 848 346 prae
869 309 912 334 se
933 296 1081 334 ferant.
1139 293 1398 343 Iampridem
1426 293 1536 332 male
1562 292 1684 330 habet

78 366 148 391 eos
168 352 420 391 efflorescere
444 352 574 390 bonas
601 351 754 399 literas,
778 350 1029 389 efflorescere
1055 349 1230 398 linguas,
1255 347 1504 386 reuiuiscere
1523 349 1684 385 veteres

78 406 286 455 authores,
310 420 414 457 quos
445 407 621 445 antehac
650 405 881 443 exedebant
911 404 1046 442 tineae
1074 403 1248 453 puluere
1276 404 1451 451 opertos,
1475 400 1683 439 mundum

78 460 129 499 ad
157 461 295 500 fontes
323 462 434 511 ipsos
464 460 660 499 reuocari.
718 459 887 497 Timent
916 459 1004 497 suis
1032 457 1205 505 lacunis,
1235 456 1386 494 nolunt
1411 456 1544 494 videri
1574 455 1684 504 quic-

78 528 203 565 quam
233 515 402 563 nescire,
433 516 628 553 metuunt
659 527 712 552 ne
742 513 842 564 quid
876 512 1085 552 maiestati
1119 512 1305 562 ipsorum
1338 511 1520 549 decedat.
1591 509 1684 548 Hoc

78 569 228 608 hulcus
267 583 363 608 cum
402 569 472 608 diu
510 568 748 620 presserint,
784 581 916 618 nuper
951 569 1092 605 tamen
1131 566 1281 616 erupit,
1318 565 1461 604 dolore
1491 564 1684 603 vincente

78 624 469 663 dissimulationem.
545 624 788 673 Antequam
826 622 990 660 exirent
1026 620 1124 659 libri
1161 619 1348 667 Lutheri,
1388 619 1473 657 iam
1519 618 1686 668 magnis

79 678 228 717 studiis
255 678 334 717 hoc
363 679 548 728 agebant,
580 677 763 716 maxime
792 677 1102 715 Praedicatores
1131 678 1171 713 et
1200 674 1473 721 Carmelitae;
1507 685 1685 722 quorum

79 733 243 771 vtinam
273 733 445 782 plurimi
474 746 558 771 non
596 735 734 770 essent
768 730 1050 769 sceleratiores
1080 742 1205 779 quam
1238 728 1419 767 indocti!
1476 727 1559 766 Vbi
1588 726 1687 765 libri

79 786 257 825 Lutheri
277 787 536 837 prodiissent,
552 786 668 825 velut
686 799 831 824 ansam
851 785 964 824 nacti
984 786 1182 834 ceperunt
1202 784 1455 833 linguarum,
1479 782 1685 820 bonarum
1708 795 1721 816 2

81 841 311 889 literarum,
333 841 561 890 Capnionis
580 854 626 879 ac
646 840 833 887 Lutheri,
857 840 943 878 imo
969 842 1010 878 et
1037 851 1174 877 meam
1205 851 1372 876 causam
1401 837 1548 875 eodem
1577 836 1686 874 fasce

82 896 312 945 complecti,
338 909 421 934 non
442 895 580 934 solum
601 895 708 934 male
737 895 956 933 offerentes
976 906 1124 932 verum
1150 893 1279 931 etiam
1307 892 1414 930 male
1434 891 1682 930 diuidentes.

81 949 276 988 Primum
296 951 411 988 enim
431 950 531 1000 quid
552 950 610 988 rei
630 950 751 988 bonis
771 949 922 987 studiis
943 962 1038 987 cum
1058 947 1155 985 fidei
1176 947 1342 997 negotio
1356 948 1377 985 ‘?
1418 945 1567 984 deinde
1587 944 1686 995 quid

81 1004 188 1042 mihi
217 1018 315 1043 cum
344 1018 464 1043 causa
490 1004 716 1054 Capnionis
744 1007 785 1042 et
815 1003 1023 1042 Lutheri‘?
1080 1002 1158 1040 Sed
1183 1002 1281 1040 haec
1305 1003 1393 1039 arte
1418 999 1686 1039 commiscue-

82 1061 193 1107 runt,
234 1062 281 1097 vt
319 1059 489 1098 comuni
526 1059 687 1097 inuidia
724 1058 997 1108 degrauarent
1043 1069 1188 1095 onmes
1226 1056 1431 1094 bonarum
1469 1055 1685 1092 literarum

76 1111 268 1152 cultores.

136 1168 269 1206 Porro
300 1181 388 1206 rem
419 1182 504 1206 non
534 1181 709 1218 syncel-o
738 1166 880 1205 animo
913 1167 997 1217 geri
1028 1166 1095 1204 vel
1129 1178 1179 1203 ex
1213 1165 1291 1203 hoc
1328 1165 1425 1203 licet
1459 1163 1687 1202 coniicere:

82 1235 178 1260 011111
210 1222 290 1272 ipsi
324 1224 536 1261 fateantur
565 1222 731 1261 nullum
765 1235 854 1260 esse
888 1235 1023 1271 neque
1054 1223 1242 1258 veterum
1278 1233 1412 1270 neque
1451 1217 1685 1256 recentium

82 1275 346 1326 scriptorum,
370 1277 414 1315 in
435 1291 516 1327 quo
536 1291 621 1315 non
643 1277 902 1326 reperiantur
922 1288 1091 1321 errores,
1115 1275 1242 1313 etiam
1261 1273 1517 1313 haereticum
1539 1271 1688 1310 facturi

83 1332 119 1368 si
149 1331 242 1380 quis
271 1332 467 1370 defendat
496 1332 774 1381 pertinaciter,
806 1343 879 1368 cur
908 1330 1054 1369 ceteris
1087 1329 1253 1367 omissis
1283 1329 1328 1366 in
1358 1341 1489 1366 vnum
1520 1328 1687 1365 tantum
1710 1344 1723 1364 2

82 1387 156 1423 aut
193 1385 373 1423 alterum
411 1386 636 1436 inquirunt
674 1388 761 1424 tam
800 1385 972 1423 odiose?
1043 1385 1138 1422 Non
1176 1383 1420 1422 inficiantur
1456 1381 1500 1419 in
1540 1380 1689 1419 multis

84 1452 241 1478 errasse
278 1441 501 1488 Aluarum,
542 1440 586 1478 in
625 1440 773 1478 multis
811 1438 1076 1477 cardinalem
1115 1438 1251 1477 sancti
1291 1438 1408 1483 sixti,
1451 1437 1496 1474 111
1541 1435 1689 1473 multis

84 1493 349 1544 Syluestrum
388 1495 632 1533 Prieratem.
713 1494 774 1531 De
813 1494 879 1532 his
918 1493 1038 1532 nulla
1075 1493 1243 1539 mentio,
1276 1492 1372 1542 quia
1405 1490 1690 1529 Predicatores

85 1551 198 1586 sunt.
276 1549 330 1587 In
369 1563 501 1588 vnum
540 1549 797 1599 Capnionem
836 1549 1055 1594 clamatur,
1093 1547 1191 1597 quia
1237 1547 1403 1596 linguas
1450 1545 1595 1583 callet:
1645 1544 1689 1581 in

82 1602 329 1651 Lutherum,
366 1617 490 1654 quem
529 1604 600 1642 isti
638 1606 788 1653 putant
826 1603 981 1641 nostris
1018 1602 1152 1640 literis
1191 1601 1438 1651 praeditum,
1478 1613 1575 1637 cum
1621 1611 1691 1636 eas
1712 1615 1748 1637 22

83 1657 268 1695 tenuiter
304 1659 500 1708 attigerit.
580 1658 713 1697 Multa
757 1658 926 1707 scripsit
969 1657 1182 1694 Lutherus
1230 1655 1517 1705 imprudenter
1558 1653 1692 1703 magis

84 1725 210 1761 quam
239 1712 392 1762 impie3
437 1726 613 1763 quorum
644 1713 722 1751 1100
752 1712 855 1751 istos
882 1711 1007 1750 habet
1037 1711 1227 1761 pessime,
1251 1710 1360 1760 quod
1391 1709 1576 1747 Thomae
1606 1721 1690 1746 non

83 1766 267 1804 multum
297 1767 456 1813 tribuit,
489 1768 598 1817 quod
634 1767 790 1806 minuit
819 1769 1037 1817 quaestum
1068 1765 1299 1812 veniarum,
1331 1764 1440 1814 quod
1477 1763 1692 1801 ordinibus

84 1821 416 1859 mendicantium
446 1835 594 1872 parum
625 1822 786 1869 tribuit,
819 1821 927 1871 quod
958 1820 1216 1859 scholasticis
1245 1817 1452 1868 dogmatis
1483 1830 1569 1855 non
1602 1819 1691 1856 tan-

85 1875 260 1914 tundem
289 1876 422 1914 defert
451 1879 656 1926 quantum
687 1876 938 1926 Euangeliis,
969 1875 1078 1925 quod
1109 1874 1286 1924 negligit
1315 1873 1522 1911 humanas
1552 1872 1690 1921 dispu-
1714 1888 1749 1908 22

85 1931 269 1968 tatorum
299 1931 494 1981 argutias.
553 1931 645 1969 Hae
673 1931 877 1969 nimirum
907 1932 1006 1968 sunt
1033 1929 1224 1967 haereses
1253 1926 1549 1965 intolerabiles.
1611 1926 1691 1964 sed

85 1984 152 2022 his
191 1984 467 2024 dissimulatis
504 1987 754 2035 praetexunt
791 1984 1000 2023 inuidiosa
1043 1983 1151 2034 apud
1193 1982 1457 2028 Pontificem,
1498 1981 1693 2019 homines

88 2040 253 2076 tantum
274 2039 324 2077 ad
346 2040 581 2078 nocendum
601 2042 642 2078 et
662 2040 882 2078 concordes
903 2040 944 2077 et
964 2037 1116 2076 callidi.

141 2093 253 2132 Olim
285 2094 411 2132 etiam
446 2097 682 2132 reuerenter
712 2094 957 2132 audiebatur
987 2092 1231 2139 haereticus,
1265 2093 1307 2129 et
1337 2090 1631 2128 absoluebatur
1657 2089 1693 2127 si

86 2147 391 2188 satisfaciebat:
434 2148 501 2187 sin
535 2149 752 2187 conuictus
784 2148 1044 2198 perstitisset,
1076 2146 1183 2196 quod
1215 2148 1400 2184 extrema
1433 2158 1564 2194 poena
1590 2146 1689 2192 erat,

87 2214 173 2240 non
211 2202 507 2242 admittebatur
539 2204 587 2241 ad
624 2202 869 2241 catholicam
908 2205 949 2240 et
982 2200 1298 2240 ecclesiasticam
1338 2198 1689 2237 communionem.

89 2256 210 2294 Nunc
239 2257 321 2295 alia
347 2271 412 2296 res
442 2260 505 2296 est
533 2257 748 2296 haereseos
778 2257 949 2304 crimen,
973 2259 1014 2294 et
1041 2259 1182 2294 tamen
1213 2254 1265 2292 ob
1293 2253 1526 2303 quamlibet
1554 2253 1693 2291 leuem

134 2375 204 2405 195.
231 2367 317 2404 quin
337 2367 376 2396 αδ
392 2378 400 2397 t
424 2377 536 2406 quum
554 2379 588 2407 γ.
792 2368 865 2407 196.
890 2376 949 2397 ore
967 2377 1034 2405 (νγε
1059 2376 1117 2396 om.
1136 2366 1188 2398 βδ.
1357 2374 1440 2403 prae
1458 2361 1517 2402 a7⁸
1535 2373 1542 2393 ε
1566 2373 1624 2394 om.
1643 2362 1689 2402 7¹.

86 2408 196 2440 habet
213 2409 294 2444 (1322
319 2411 409 2441 habe
423 2409 472 2444 5¹.
609 2420 680 2450 197.
707 2420 765 2441 eos
782 2422 851 2450 ¹17³
876 2411 962 2441 istos
986 2412 1054 2444 BF.
1147 2408 1288 2448 linguas
1312 2420 1331 2437 α
1344 2410 1375 2438 H
1391 2419 1398 2438 :
1424 2408 1534 2437 bonas
1551 2407 1694 2446 linguas

86 2452 149 2492 B¹7
166 2464 173 2483 ε
196 2453 308 2484 bonas
331 2454 446 2494 liguas
463 2453 510 2488 13².
650 2455 720 2493 198.
749 2454 848 2493 ‹27252
873 2456 1015 2494 opertas
1030 2452 1065 2492 7¹
1079 2452 1102 2484 3.
1239 2462 1313 2482 200.
1338 2451 1517 2482 maiestati
1534 2451 1693 2490 ipsorum

87 2508 109 2526 a
125 2508 133 2527 :
158 2507 281 2528 eorum
299 2498 480 2529 maiestati
497 2499 521 2532 β
539 2509 546 2529 :
572 2499 731 2538 ipsorum
748 2498 928 2529 maiestati
946 2500 986 2527 H.
1153 2505 1229 2527 201.
1253 2496 1373 2535 erupit
1389 2494 1449 2530 αῙβ
1466 2505 1473 2525 :
1497 2495 1631 2534 eripuit
1647 2493 1692 2525 «12.

88 2541 111 2574 β
128 2551 135 2570 :
159 2541 320 2571 vincenti
338 2553 369 2572 α.
505 2552 580 2573 202.
605 2542 746 2582 magnis
770 2543 955 2580 BFCorriy.
970 2553 977 2572 :
996 2541 1108 2580 magis
1122 2551 1161 2570 a:
1186 2540 1308 2579 magni
1324 2542 1362 2570 F.
1497 2547 1572 2577 203.
1596 2548 1693 2578 prae—

86 2583 264 2615 dicatores
276 2596 297 2614 α
313 2596 321 2615 z
345 2585 576 2617 Dominicani
588 2588 632 2616 H.
788 2595 865 2624 205.
888 2585 1094 2625 prodissent
1112 2586 1146 2614 F.
1306 2593 1380 2621 207.
1406 2582 1596 2612 offerentes
1609 2593 1630 2611 a
1642 2585 1693 2612 F:

87 2627 285 2659 inferentes
302 2628 363 2669 137²
381 2641 388 2660 :
413 2629 613 2660 inserentes
628 2629 674 2670 7¹.
798 2630 872 2660 208.
898 2629 1001 2659 bonis
1017 2630 1040 2662 β
1051 2631 1098 2659 F:
1124 2637 1181 2659 om.
1204 2638 1258 2666 ‘17-
1379 2636 1454 2665 209.
1480 2628 1516 2656 et
1533 2637 1553 2655 α
1571 2636 1579 2657 :
1602 2635 1642 2656 ae
1659 2627 1692 2659 β.

74 2680 162 2702 .210.
191 2671 275 2712 a72:
300 2682 491 2704 commune
507 2673 555 2713 γ).
711 2682 785 2712 214.
812 2673 1023 2712 scriptorum
1043 2683 1062 2701 a
1080 2682 1088 2701 ι
1112 2674 1277 2701 autorum
1295 2671 1328 2704 β.
1488 2678 1561 2708 215.
1586 2670 1694 2709 perti-

89 2715 228 2745 naciter
241 2715 412 2748 defendat
426 2718 459 2750 β.
575 2716 650 2749 218.
675 2717 918 2756 predicatores
931 2726 972 2746 a:
998 2715 1227 2746 Dominicani
1244 2717 1287 2745 H.
1414 2723 1488 2753 219.
1511 2713 1596 2752 quia
1613 2712 1671 2752 ‘17²
1687 2723 1693 2743 ς

88 2758 177 2798 quid
193 2758 242 2798 7¹.
332 2770 397 2799 α·γ;
423 2761 538 2800 liguas
553 2759 601 2795 W·
728 2770 801 2791 222.
827 2761 914 2790 istos
931 2758 989 2799 (17²¹
1005 2771 1012 2790 :
1036 2759 1123 2790 istas
1139 2758 1186 2798 7¹.
1315 2767 1390 2795 224.
1415 2757 1643 2796 dogmatibus
1659 2758 1693 2790 β.

87 2811 162 2841 229.
187 2804 223 2833 et
238 2813 295 2833 om.
316 2804 351 2836 β.
484 2814 558 2843 230.
586 2803 681 2842 quod
699 2804 734 2844 ’γι
753 2815 760 2834 :
784 2815 842 2835 om.
862 2802 932 2843 (173.

137 2935 208 2965 199.
234 2924 390 2967 lacunis]
415 2925 468 2958 Cf.
487 2926 550 2966 Ep.
574 2935 671 2958 1002.
692 2936 767 2965 1511.
930 2934 1045 2955 seems
1062 2926 1100 2954 to
1116 2924 1158 2954 be
1176 2923 1353 2962 required,
1373 2923 1526 2962 perhaps
1543 2923 1695 2959 conseren-

134 2978 208 3008 207.
235 2970 440 3010 offerentes]
481 2969 632 3001 Neither
656 2970 806 3009 reading
830 2969 859 2998 is
929 2972 979 2999 tes.
1658 2989 1661 2991 A

91 3021 200 3052 easy:
235 3023 330 3043 some
368 3013 564 3044 antithesis
603 3016 639 3043 to
685 3015 858 3043 dividentes
972 3021 1046 3042 222.
1072 3010 1245 3051 Thomae]
1270 3009 1321 3041 Cf.
1343 3010 1402 3049 Ep.
1428 3010 1518 3040 1126.
1539 3009 1642 3038 262n.

1705 524 1767 545 200

1709 1068 1771 1090 210

1715 2161 1776 2191 230
