1990 3353
98 130 217 185 1191]
531 132 601 171 ΤΟ
641 132 811 172 LOUIS
850 131 920 171 OF
958 132 1258 172 FLANDERS
1613 137 1690 173 451

92 246 214 281 tuum
249 256 344 280 vere
377 255 622 293 generosum
654 255 701 280 ac
734 241 940 280 maiorum
969 244 1141 281 tuorum
1170 243 1411 282 clarissimis
1443 243 1694 294 imaginibus

94 297 402 346 dignissimum,
433 300 474 335 et
503 297 603 334 olim
634 296 679 334 in
708 295 966 334 adolescente
996 297 1173 335 Louanii
1202 298 1477 347 degustaram,
1511 301 1552 336 et
1581 312 1695 337 nunc

94 353 331 401 frequenter
350 365 400 389 ex
419 351 697 400 complurium
723 350 1028 399 praedicatione
1048 351 1173 390 disco.
1234 352 1366 390 Porro
1385 352 1454 390 vix
1474 352 1693 402 quisquam

93 405 249 444 isthinc
277 406 327 444 ad
358 419 434 444 nos
462 405 579 444 venit
608 405 709 453 quin
739 404 873 442 multa
900 405 1142 443 memoriter
1170 411 1321 454 narret,
1354 409 1508 456 quanto
1541 407 1692 456 studio,
1717 422 1753 455 15

94 463 247 510 quanta
266 460 468 507 facundia,
492 460 658 508 quantis
677 458 881 496 lateribus
898 460 1054 508 passim
1073 473 1170 510 agas
1189 473 1353 498 causam
1375 459 1553 499 Erasmi.

147 514 322 552 Maximi
353 514 581 564 optimique
610 512 774 563 patroni
802 513 938 551 solent
966 513 1011 551 in
1041 514 1231 563 pessimis
1260 514 1450 553 adhiberi
1479 516 1625 563 causis,
1654 518 1695 554 et

93 568 243 618 ingens
280 571 478 617 patronus
512 581 664 617 magno
696 580 765 605 reo
798 567 1083 606 conueniebat.
1144 567 1232 618 Ego
1266 582 1362 607 vero
1397 582 1492 608 cum
1525 570 1694 609 infimae

93 623 215 661 sortis
244 622 336 670 sim,
369 626 410 660 et
438 635 557 660 causa
585 623 640 659 sit
669 621 769 659 adeo
798 621 907 660 bona
934 624 981 660 vt
1011 623 1083 671 qui
1112 623 1331 671 negocium
1365 623 1585 671 facessunt,
1616 625 1695 663 hoc

92 678 182 727 ipso
211 677 380 715 nomine
411 676 589 714 multam
620 676 725 714 mihi
754 676 932 725 gratiam
957 676 1144 723 debeant,
1168 690 1250 726 quo
1275 690 1343 715 me
1373 678 1417 716 in
1444 678 1509 716 ius
1529 682 1692 727 vocant,
1717 694 1757 716 20

93 734 235 770 tamen
269 733 310 769 et
342 731 676 769 aduersariorum
715 730 959 780 improbitas
994 731 1347 781 condensataeque
1380 732 1617 782 phalanges,
1654 736 1695 772 et

93 786 244 824 horum
264 787 502 835 temporum
528 784 760 833 infelicitas,
786 784 937 833 quibus
963 784 1070 823 nihil
1097 798 1181 823 non
1211 785 1307 824 licet
1338 786 1539 835 audaciae,
1563 787 1695 837 impu-

94 840 269 884 dentiae,
295 839 516 889 hypocrisi,
540 838 738 889 quaestui,
767 839 998 882 ambitioni,
1023 839 1262 887 adulationi,
1293 839 1452 879 faciunt
1480 845 1526 879 vt
1554 843 1696 892 magni

93 907 281 943 proceres
311 893 540 932 humilium
573 893 870 932 clientulorum
899 893 1119 932 facillimas
1153 907 1297 933 causas
1328 907 1448 944 agere
1480 898 1692 945 cogantur.

93 949 217 992 Olim,
250 951 296 986 vt
327 948 484 986 habent
513 947 688 998 apologi,
720 948 908 986 membra
942 949 1229 998 conspirarant
1262 949 1460 988 aduersus
1488 955 1692 989 ventrem.
1717 965 1754 996 25

93 1002 216 1041 Nunc
246 1017 267 1040 e
298 1003 459 1041 diuerso
479 1004 648 1041 ventres
676 1003 874 1041 aduersus
902 1002 1108 1052 reliquum
1138 1016 1286 1053 corpus
1312 1003 1513 1042 coniurati
1538 1005 1696 1043 bellum

92 1059 265 1107 gerunt:
306 1057 457 1107 quibus
485 1057 521 1095 si
550 1057 726 1107 pessime
755 1057 896 1105 velim,
929 1057 1036 1095 nihil
1066 1058 1200 1107 magis
1228 1058 1406 1107 optarim
1435 1072 1559 1108 quam
1588 1060 1696 1098 hanc

93 1112 227 1160 ipsam
257 1125 383 1161 quam
413 1112 569 1150 habent
600 1114 798 1150 mentem.
859 1111 949 1160 Quo
983 1112 1115 1162 inagis
1146 1112 1216 1150 isti
1250 1113 1456 1152 blaterant
1489 1115 1533 1152 in
1566 1113 1696 1153 bonas

93 1166 245 1214 literas,
267 1167 344 1204 hoc
364 1166 497 1215 magis
515 1179 561 1204 ac
583 1165 716 1216 magis
734 1166 885 1216 vbique
905 1165 1175 1205 efflorescunt.

150 1220 257 1259 Cum
287 1220 469 1259 Luthero
499 1220 606 1258 nihil
626 1234 810 1270 vnquam
842 1220 949 1258 mihi
978 1221 1057 1259 fuit
1081 1221 1242 1271 negocii
1265 1221 1349 1260 nisi
1376 1222 1483 1271 quod
1511 1225 1572 1261 est
1599 1237 1694 1262 cum
1716 1245 1757 1275 30

95 1276 242 1325 quouis
277 1275 446 1314 homine
476 1274 724 1313 Christiano.
785 1274 926 1313 Huius
964 1288 1130 1313 causam
1169 1289 1294 1314 nemo
1333 1277 1465 1325 magis
1503 1277 1695 1317 subleuat

94 1343 220 1378 quam
240 1329 311 1379 qui
330 1329 447 1368 illam
469 1329 664 1368 omnibus
685 1329 891 1367 machinis
913 1329 1188 1379 impugnant:
1217 1344 1263 1368 30
1288 1330 1409 1368 miris
1436 1331 1574 1369 modis
1594 1332 1695 1370 dum

93 1384 215 1422 illum
235 1383 488 1422 atrocissime
505 1384 737 1422 traducunt.
754 1387 794 1422 et
814 1383 977 1422 hostem
999 1385 1296 1422 commendant
1316 1385 1533 1424 affectibus
1553 1386 1696 1436 populi

93 1442 136 1476 et
156 1438 235 1476 sibi
256 1438 477 1476 conciliant
499 1438 653 1476 odium.
715 1438 831 1486 Quod
855 1439 898 1475 ni
918 1439 1127 1476 Lutherus
1147 1452 1190 1477 se
1215 1440 1300 1478 suis
1328 1439 1460 1488 ipsius
1480 1440 1576 1478 telis
1604 1454 1696 1479 con-

94 1493 262 1540 foderet,
306 1493 350 1530 in
390 1493 478 1530 dies
515 1493 720 1530 atrociora
757 1493 986 1540 scribendo,
1028 1493 1259 1542 plurimum
1299 1493 1472 1532 debebat
1511 1494 1695 1533 hostium
1717 1510 1756 1542 35

94 1560 266 1586 suorum
287 1547 521 1585 stoliditati.
564 1546 676 1585 Illud
697 1547 828 1594 video,
853 1547 888 1584 si
909 1547 1093 1596 Scyllam
1113 1547 1221 1586 hanc
1242 1548 1523 1597 effugerimus,
1544 1553 1696 1588 restare

93 1601 361 1651 Charybdim,
385 1615 487 1651 quae
516 1601 645 1639 semel
669 1601 908 1639 vniuersam
936 1601 1163 1640 Christiani
1192 1602 1336 1652 populi
1365 1602 1602 1642 libertatem
1631 1604 1697 1641 ab·

92 1656 265 1701 sorbeat,
288 1655 644 1706 Euangelicaeque
663 1656 874 1693 doctrinae
893 1656 1120 1694 scintillam
1142 1669 1310 1694 omnem
1330 1657 1558 1706 extinguat.
1598 1658 1698 1706 Quis

93 1710 207 1749 enim
238 1710 340 1748 feret
370 1710 448 1748 hoc
479 1709 682 1748 stolidum
711 1710 932 1748 hominum
961 1724 1103 1760 genus,
1136 1711 1246 1760 quod
1280 1711 1483 1750 hactenus
1514 1712 1619 1750 fucis
1652 1726 1698 1751 ac

94 1764 217 1803 malis
235 1765 396 1803 artibus
415 1764 683 1815 tyrannidem
704 1765 885 1803 exercuit
911 1764 956 1802 in
979 1765 1135 1804 Christi
1159 1778 1336 1815 gregem,
1359 1779 1535 1815 quorum
1562 1767 1693 1816 gulae,
1716 1779 1759 1810 40

94 1819 233 1867 fastui,
255 1819 432 1867 libidini,
462 1818 662 1857 auariciae
692 1819 800 1857 nihil
826 1823 889 1857 est
913 1820 1047 1858 satis?
1103 1820 1183 1858 Sed
1204 1821 1366 1858 vtinam
1392 1820 1504 1859 Deus
1534 1825 1607 1859 aut
1630 1822 1699 1860 det

95 1873 179 1911 illis
203 1876 388 1911 mentem
414 1873 629 1911 meliorem
649 1876 721 1912 aut
745 1887 814 1912 eos
840 1873 980 1923 aliquo
1006 1874 1172 1923 releget,
1195 1888 1247 1912 ne
1275 1875 1431 1912 diutius
1457 1875 1697 1925 obstrepant

95 1927 327 1977 Euangelio
347 1927 516 1966 Christi.
561 1927 647 1966 Nos
667 1928 845 1966 infracto
864 1929 1004 1966 animo
1025 1930 1132 1978 quod
1155 1942 1318 1978 semper
1339 1929 1499 1978 egimus
1521 1931 1694 1979 agimus,

97 1982 217 2020 bonis
237 1982 371 2020 literis
391 1996 437 2021 ac
456 1995 577 2020 verae
597 1982 742 2031 pietati
765 1996 840 2032 pro
867 1985 1008 2022 nostra
1031 1983 1145 2022 virili
1171 1984 1446 2030 consulentes,
1471 1984 1528 2021 sic
1558 1989 1697 2022 tamen

96 2040 142 2075 vt
163 2036 316 2075 odiosis
335 2035 586 2075 tumultibus
606 2050 682 2075 nos
702 2050 965 2087 nequaquam
985 2038 1301 2076 admisceamus.
1361 2037 1563 2076 Prodesse
1590 2039 1698 2089 cupi·
1716 2052 1758 2083 45

97 2104 203 2139 mus,
228 2092 270 2129 et
289 2093 470 2140 praestat
489 2091 708 2141 quiescere,
732 2091 805 2129 vbi
824 2091 938 2129 nulla
959 2104 1051 2141 spes
1070 2093 1277 2141 profectus
1296 2092 1460 2130 arridet.

150 2145 368 2184 Caeterum
401 2147 448 2183 vt
476 2146 621 2183 finiam
651 2146 883 2195 epistolam,
916 2146 1019 2184 scito
1049 2160 1116 2184 me
1150 2146 1277 2196 probe
1310 2146 1415 2185 scire
1444 2149 1698 2196 quantopere

96 2199 267 2238 debeam
286 2201 359 2238 tuo
378 2199 449 2238 isti
469 2200 514 2238 in
533 2213 600 2237 me
621 2200 770 2247 animo,
796 2200 1101 2239 declaraturum
1122 2201 1256 2239 officia
1277 2203 1392 2239 tanta
1419 2214 1502 2238 non
1528 2214 1699 2250 prorsus

96 2267 220 2304 penes
250 2254 465 2292 hominem
493 2254 707 2304 ingratum
736 2258 776 2293 et
805 2254 1095 2293 immemorem
1124 2268 1213 2293 esse
1241 2255 1437 2304 deposita,
1470 2256 1505 2293 si
1531 2256 1698 2305 quando

97 2321 184 2347 sese
205 2308 364 2347 dederit
385 2310 655 2358 oportunitas.
716 2308 910 2348 Christus
931 2309 1025 2359 Opt.
1048 2309 1158 2348 Max.
1182 2313 1223 2348 te
1253 2309 1385 2357 nobis,
1410 2309 1488 2347 tibi
1507 2309 1697 2348 animum
1717 2324 1758 2355 50

97 2362 225 2401 istum
245 2376 370 2413 quam
392 2362 626 2401 diutissime
645 2366 796 2402 seruet.

151 2417 339 2456 Salutem
370 2416 484 2456 dices
513 2416 658 2456 amicis
688 2417 897 2464 omnibus,
929 2418 1181 2456 nominatim
1209 2419 1395 2456 Antonio
1424 2418 1585 2466 Clauae,
1618 2432 1698 2469 quo

98 2471 204 2509 nihil
226 2470 452 2519 candidius,
476 2471 583 2509 nihil
607 2471 795 2516 amicius,
818 2476 859 2510 et
879 2472 1091 2511 Gulielmo
1111 2472 1256 2521 Vualo,
1280 2473 1403 2522 plane
1428 2473 1553 2523 digno
1574 2487 1697 2523 quem

97 2525 405 2564 Gulielmorum
426 2538 614 2564 meorum
634 2526 865 2564 adscribam
887 2527 1074 2576 catalogo
1092 2541 1100 2565 :
1131 2527 1197 2565 cui
1219 2540 1350 2576 nuper
1368 2540 1500 2565 vnum
1521 2528 1698 2566 detraxit

96 2580 277 2618 satorum
290 2579 459 2626 inuidia,
479 2580 740 2619 Cardinalem
754 2580 922 2619 Croium
940 2595 949 2629 3
978 2581 1022 2619 in
1040 2595 1121 2631 quo
1141 2580 1260 2619 breui
1273 2581 1496 2620 declarauit
1516 2581 1694 2628 fortuna,
1719 2591 1759 2622 55

97 2633 196 2684 quid
230 2633 274 2672 in
306 2636 508 2684 vtranque
541 2637 705 2684 partem
738 2635 884 2674 valeat.
955 2635 1153 2674 Vidimus
1190 2637 1358 2686 repente
1396 2636 1446 2674 ad
1485 2649 1699 2675 summum

406 2739 454 2768 13.
482 2729 520 2760 in
537 2730 763 2762 adolescente
779 2734 853 2764 add.
870 2735 912 2764 H.
1166 2742 1218 2772 53.
1244 2732 1334 2764 valo
1351 2735 1392 2764 N.

143 2849 190 2879 13.
219 2839 387 2880 Louanii]
405 2839 601 2879 Evidently
618 2840 749 2880 during
767 2841 866 2872 Eras-
977 2843 1028 2880 38.
1057 2842 1270 2884 scintillam]
1290 2843 1341 2874 Cf.
1361 2843 1424 2883 Ep.
1446 2853 1539 2883 1205.
1557 2854 1610 2884 29.

97 2884 189 2914 mus’
206 2883 337 2913 earlier
354 2883 534 2915 residence
551 2885 664 2923 there,
683 2894 819 2924 1502-4.
977 2896 1029 2924 53.
1057 2886 1186 2927 Vualo]
1206 2887 1268 2917 See
1287 2887 1348 2926 Ep.
1368 2897 1441 2926 301.
1462 2898 1540 2927 37n.

142 2928 194 2957 26.
221 2925 381 2967 ventres]
399 2927 450 2958 Cf.
471 2927 533 2967 Ep.
555 2928 646 2958 1166.
668 2929 744 2959 16n.
977 2939 1028 2967 54.
1056 2929 1230 2971 catalogo]
1249 2930 1300 2961 Cf.
1320 2931 1384 2970 Ep.
1407 2941 1502 2969 1003.
1520 2941 1600 2969 3411.

141 2980 195 3009 30.
220 2980 301 3001 cum
319 2970 492 3011 Luthero]
518 2970 570 3002 Cf.
592 2971 654 3011 Ep.
679 2981 771 3010 1192.
791 2974 866 3011 5-6.
978 2982 1030 3012 55.
1055 2973 1218 3012 Croium]
1242 2974 1393 3011 †6.Jan.
1425 2984 1528 3015 ¹5²13
1555 2985 1610 3005 see
1635 2973 1698 3013 Ep.

143 3024 195 3053 32.
222 3014 452 3055 impugnant]
470 3014 521 3046 Cf.
541 3014 605 3055 Ep.
629 3017 721 3054 1167.
740 3025 841 3054 37411.
933 3016 996 3054 647
1016 3016 1147 3048 introd.

846 3084 871 3110 e
891 3085 917 3122 g
936 3083 961 3109 2
