1990 3353
81 154 207 210 1061]
585 154 737 192 FROM
774 153 1028 192 EDWARD
1066 152 1174 192 LEE
1600 153 1677 191 173

76 265 233 305 videri!
291 264 358 303 Sic
391 263 557 302 nullum
592 262 699 301 mihi
728 264 867 301 tecum
902 261 1123 301 dissidium
1156 262 1274 300 foret.
1333 261 1401 300 Sic
1435 261 1596 299 felicius
1629 275 1673 300 ac

76 320 260 370 pacatius
297 318 498 357 haberent
535 331 600 356 res
632 317 850 356 Ecclesiae.
910 316 1019 354 Nam
1050 317 1084 355 si
1114 316 1250 366 pergis
1282 317 1327 355 vt
1361 315 1516 365 cepisti,
1552 318 1597 354 vt
1628 316 1673 354 in

78 374 263 413 literario
293 386 437 423 campo
467 372 502 411 si
534 373 753 421 quisquam
782 373 918 409 tecum
949 384 1034 409 non
1062 373 1140 418 eat,
1175 370 1279 408 tales
1307 370 1589 408 concitaturus
1617 371 1674 409 sis

76 428 296 475 tumultus,
320 430 392 465 aut
411 426 483 465 alii
500 426 646 465 itidem
667 425 817 464 facturi
836 425 922 464 sint
948 427 1020 463 tuo
1048 423 1254 474 exemplo,
1274 424 1437 463 vtinam
1465 437 1548 462 non
1575 425 1674 462 satis

78 485 186 521 recte
216 481 470 532 praesagiam
502 481 591 519 fore
619 480 841 530 aliquando
873 481 920 518 vt
948 479 1015 517 his
1043 478 1293 518 factionibus
1322 478 1506 517 Ecclesia
1534 481 1674 516 sancta

78 538 227 575 misere
246 536 464 574 afflictetur
479 536 488 573 !
518 535 605 584 Ego
617 535 652 572 si
669 534 814 572 multis
826 533 948 572 annis
958 533 1098 572 minor
1111 535 1210 571 natu
1223 532 1509 571 exhortatione
1522 533 1674 571 vellem

77 592 183 640 apud
220 593 261 629 te
294 590 366 637 vti,
402 590 508 628 forte
542 590 841 627 contemneres.
901 587 1059 626 Paulus
1094 589 1133 625 te
1168 587 1310 626 doceat
1344 586 1511 637 quiduis
1542 587 1674 637 magis

78 645 281 683 sustinere
302 657 425 694 quam
446 646 492 681 vt
512 642 696 681 Ecclesia
716 642 795 680 Dei
814 656 887 692 per
911 644 953 681 te
972 642 1216 681 scandalum
1242 641 1448 691 patiatur:
1487 655 1612 691 quem
1639 640 1675 680 si

77 698 262 750 sequeris
293 698 554 747 magistrum,
584 699 675 735 tum
709 697 786 734 tibi
819 697 924 735 bene
947 696 1214 735 consulturus
1245 709 1302 744 es,
1335 698 1425 734 tum
1458 696 1670 734 Ecclesiae.
1693 708 1732 738 :2

78 753 166 803 Ego
186 766 284 792 vero
305 755 391 790 tam
418 752 587 797 iuratus,
610 753 658 790 vt
688 752 792 789 forte
818 753 865 789 tu
888 753 1021 800 putas,
1055 750 1185 789 hostis
1212 749 1356 789 sedulo
1381 751 1517 788 Deum
1541 763 1674 799 preca-

78 808 152 846 bor
171 809 217 846 vt
242 808 373 845 bonae
394 806 548 844 mentis
575 808 615 844 et
641 805 752 855 pacis
780 805 930 854 spiritu
958 807 999 844 te
1022 805 1210 854 inspiret.
1234 818 1315 854 quo
1338 804 1520 854 teipsum
1540 805 1673 854 possis

78 874 316 911 cognoscere
344 863 384 899 et
409 860 617 910 captiuare
646 859 909 898 intellectum
938 861 1059 898 tuum
1086 859 1129 897 in
1154 858 1400 909 obsequium
1430 858 1596 905 Christi,
1630 859 1674 896 in

78 915 285 954 Ecclesiae
304 915 647 962 aedificationem,
668 927 753 952 non
772 914 817 952 in
837 914 1162 952 destructionem
1179 928 1188 961 3
1218 927 1298 963 quo
1319 912 1377 952 sic
1398 926 1538 952 veram
1559 913 1674 951 illam

78 983 123 1008 ac
143 969 321 1008 solidam
341 970 516 1019 gloriam
535 972 627 1007 tum
647 982 671 1007 a
690 969 777 1007 Deo
797 970 888 1006 tum
908 968 959 1007 ab
980 968 1222 1006 hominibus
1244 967 1426 1006 nancisci
1446 980 1581 1017 queas.

132 1024 224 1063 Iam
254 1023 350 1074 quia
378 1037 463 1062 non
491 1023 594 1062 libet
623 1026 711 1061 tam
739 1022 896 1061 bonum
926 1022 1063 1061 ocium
1093 1024 1179 1061 tam
1204 1023 1309 1060 male
1337 1022 1505 1071 perdere
1530 1021 1575 1059 in
1600 1021 1676 1060 hoc

77 1092 226 1128 genere
246 1078 446 1126 certandi,
466 1079 573 1128 quod
594 1091 723 1127 quum
744 1076 880 1115 neutri
900 1079 1089 1115 nostrum
1106 1077 1296 1115 futurum
1312 1077 1367 1115 sit
1382 1076 1675 1123 honorificum,

78 1137 171 1171 tum
191 1133 260 1183 pio
279 1132 421 1171 lectori
442 1132 665 1181 ingratum,
686 1132 885 1182 quaedam
903 1132 1037 1180 capita
1052 1130 1249 1181 epistolae
1265 1131 1316 1169 ad
1334 1130 1577 1180 Lupsetum,
1598 1143 1678 1180 qua

78 1187 251 1225 voluisti
272 1187 432 1225 animos
458 1186 650 1224 omnium
677 1188 774 1224 ante
801 1185 898 1224 libri
925 1185 1058 1224 nostri
1089 1185 1341 1224 aeditionem
1368 1198 1673 1235 praeoccupare,

79 1255 152 1280 nec
173 1241 308 1280 citatis
328 1241 418 1287 huc,
444 1242 552 1290 quod
574 1240 617 1278 in
638 1241 774 1290 priore
794 1240 967 1290 epistola
983 1240 1169 1287 fecimus,
1187 1239 1325 1278 verbis
1341 1239 1434 1287 tuis,
1453 1239 1677 1278 confutabi-
1697 1255 1711 1285 ς

78 1309 186 1334 mus,
243 1296 299 1334 Et
333 1296 529 1345 quoniam
564 1295 834 1333 vehementer
866 1294 1028 1333 laboras
1057 1297 1103 1332 vt
1137 1294 1280 1332 lectori
1313 1293 1608 1343 persuadeatur
1634 1296 1676 1332 te

79 1350 187 1388 nihil
207 1350 429 1399 impedisse
449 1352 494 1387 vt
515 1349 621 1387 liber
640 1351 781 1387 noster
803 1349 1026 1396 aederetur,
1050 1348 1162 1399 cogis
1188 1362 1264 1387 nos
1295 1348 1401 1398 quod
1427 1361 1548 1397 saepe
1575 1348 1677 1386 dixi-

78 1418 184 1451 mus.
207 1405 360 1442 iterum
390 1404 441 1442 ab
464 1417 556 1451 ouo,
578 1404 684 1453 quod
706 1403 833 1450 aiunt,
856 1405 1051 1453 repetere,
1076 1406 1116 1441 et
1139 1402 1320 1453 apertius
1346 1402 1678 1453 cumulatiusque

78 1459 290 1508 explicare.

124 1513 316 1551 Primum
331 1512 460 1561 igitur
472 1512 512 1550 id
527 1525 695 1561 prorsus
708 1513 877 1558 affirmo,
895 1511 1105 1550 obstitisse
1120 1513 1161 1550 te
1174 1525 1255 1561 quo
1268 1511 1409 1549 minus
1422 1510 1528 1548 liber
1540 1513 1680 1549 noster
1699 1528 1715 1559 5
1721 1528 1737 1557 3

77 1567 298 1605 aederetur.
359 1566 521 1605 Indicia
539 1566 639 1604 haec
658 1569 767 1605 sunt.
825 1566 1000 1616 Vesperi
1020 1565 1151 1615 pridie
1164 1579 1289 1616 quam
1302 1565 1583 1615 typographus
1597 1566 1681 1603 iam

78 1622 234 1660 habens
254 1621 507 1659 characteres
527 1621 685 1670 primae
704 1621 860 1660 formae
880 1623 1043 1671 paratos
1062 1620 1112 1658 ad
1132 1620 1331 1671 praelum,
1355 1620 1555 1658 indicauit
1575 1619 1681 1658 mihi

82 1689 165 1714 non
196 1688 344 1714 ausum
375 1688 419 1713 se
452 1675 652 1725 progredi,
691 1676 798 1725 quod
831 1688 934 1725 opus
968 1676 1111 1713 contra
1141 1677 1181 1713 te
1214 1675 1331 1723 foret,
1368 1674 1551 1713 famulus
1582 1676 1681 1712 tuus

79 1745 101 1768 a
122 1730 301 1780 quodam
323 1743 415 1768 meo
435 1730 550 1768 visus
570 1732 632 1768 est
659 1730 822 1779 ingredi
847 1730 1019 1768 domum
1033 1729 1292 1779 typographi.
1354 1729 1525 1776 Deinde,
1548 1742 1678 1779 quum

80 1798 201 1822 mane
220 1798 244 1822 a
263 1784 384 1822 sociis
406 1783 523 1822 illius
551 1784 782 1823 sciscitarer
808 1784 1009 1834 quidnam
1035 1783 1123 1822 illic
1141 1783 1304 1833 vesperi
1328 1786 1464 1834 ageret
1492 1783 1678 1822 famulus

80 1838 256 1885 Erasmi,
290 1838 396 1876 alter
426 1838 639 1888 respondit
674 1838 926 1877 intellexisse
957 1852 979 1876 a
1012 1838 1213 1887 magistro
1240 1851 1337 1876 eum
1366 1837 1453 1876 illic
1482 1838 1609 1876 fuisse
1639 1840 1679 1876 et

80 1906 219 1932 secum
253 1892 516 1940 collocutum,
552 1893 623 1931 sed
656 1892 754 1942 quid
787 1893 998 1931 habuisset
1031 1892 1227 1942 colloquii
1258 1893 1447 1942 ignorare
1478 1905 1531 1931 se.
1590 1892 1678 1942 Ego

80 1948 224 1986 statim
244 1960 409 1985 accurro
428 1947 479 1984 ad
503 1947 822 1997 typographum.
882 1948 1109 1985 Percontor
1136 1946 1284 1985 illum:
1314 1959 1412 1985 nam
1440 1948 1549 1985 certe
1577 1960 1676 1985 non·

80 2001 186 2040 nihil
208 2001 293 2040 doli
315 2001 552 2050 suspicabar
571 2015 659 2040 esse
685 2003 728 2039 in
755 2001 923 2048 foribus,
948 2003 988 2040 et
1014 2014 1078 2039 res
1105 2003 1246 2040 nostra
1272 2001 1384 2039 lente
1410 2003 1675 2050 processerat.

80 2056 160 2094 Ille
182 2069 269 2094 non
296 2057 459 2103 tantum
491 2058 713 2094 contentus
742 2056 919 2095 inficiari
947 2056 1154 2094 famulum
1180 2058 1301 2094 tuum
1331 2055 1437 2104 apud
1468 2068 1512 2093 se
1536 2055 1674 2103 fuisse,

81 2111 206 2149 etiam
226 2110 516 2148 iusiurandum
537 2110 706 2149 addidit.
768 2110 860 2148 Iam
889 2110 995 2148 mihi
1022 2111 1211 2159 suspecta
1236 2111 1324 2148 erat
1353 2109 1537 2147 hominis
1561 2110 1675 2148 fides.

81 2164 249 2203 Tacitus
280 2166 420 2202 tamen
460 2177 623 2202 mecum
662 2178 750 2202 rem
790 2164 1113 2209 considerabam,
1154 2166 1196 2202 et
1229 2164 1537 2214 praesagiebam
1569 2164 1678 2213 quod

81 2219 230 2257 euenit.
287 2218 370 2256 Vix
407 2218 537 2256 altera
570 2219 671 2257 hora
714 2219 935 2269 peragitur,
977 2232 1107 2268 quum
1145 2218 1216 2256 ille
1262 2231 1431 2267 prorsus
1474 2222 1680 2257 recusaret

82 2286 258 2323 operam.
318 2272 468 2311 Postea
495 2273 631 2311 voluit
657 2286 832 2311 nouasse
861 2275 1041 2323 pactum,
1064 2273 1134 2310 sed
1161 2272 1262 2311 satis
1286 2272 1450 2322 inique:
1481 2286 1579 2311 nam
1609 2273 1679 2322 qui

82 2330 214 2376 antea,
257 2340 387 2377 quum
427 2340 531 2377 opus
562 2327 748 2376 ambiret,
784 2328 1009 2377 spopondit
1048 2327 1245 2365 daturum
1279 2339 1322 2364 se
1359 2326 1465 2365 mihi
1504 2326 1680 2376 triginta

82 2381 341 2431 exemplaria,
373 2381 455 2420 iam
485 2381 635 2431 pacisci
664 2382 880 2420 contendit
910 2384 956 2420 vt
986 2382 1162 2420 ducenta
1191 2381 1242 2419 ab
1272 2394 1319 2419 eo
1348 2394 1440 2419 meo
1469 2381 1682 2430 impendio

82 2449 301 2474 sumerem.
363 2436 418 2473 Et
438 2435 535 2473 huic
554 2436 679 2474 etiam
699 2436 926 2474 conditioni
947 2436 1221 2483 accessissem,
1238 2435 1320 2473 nisi
1336 2435 1441 2473 mihi
1456 2435 1538 2474 iam
1556 2436 1682 2474 dubia

84 2490 265 2529 hominis
285 2489 388 2528 fides
409 2490 567 2528 fuisset.
627 2490 735 2528 Nam
757 2490 875 2528 crede
895 2504 979 2528 non
1000 2490 1170 2528 latuisse
1191 2503 1258 2527 me
1284 2490 1382 2539 quid
1410 2490 1496 2538 ipse
1524 2490 1681 2529 molire-

84 2545 151 2591 ris,
170 2547 215 2582 vt
238 2545 529 2594 quaterniones
548 2544 691 2582 statim
715 2558 737 2582 a
748 2545 885 2595 praelo
898 2558 970 2594 per
986 2543 1293 2594 typographum
1309 2544 1387 2582 tibi
1400 2544 1679 2594 proderentur,

127 2702 198 2732 537.
226 2692 402 2732 praelium
421 2704 440 2722 α
457 2703 463 2723 ;
489 2695 614 2724 correxi.
747 2702 822 2732 551.
851 2693 978 2732 pacisci
997 2694 1127 2729 scripsi:
1154 2693 1297 2732 pascisti
1317 2703 1355 2723 a:
1379 2692 1505 2733 pacisti
1523 2704 1542 2722 a
1559 2695 1664 2731 cort-2⁷9.

129 2826 201 2864 518.
228 2824 376 2864 Paulus]
403 2825 452 2856 Cf.
475 2835 487 2854 1
505 2825 582 2855 Cor.
600 2835 632 2864 9.
655 2834 703 2854 12.

129 2870 203 2907 528.
230 2869 418 2908 epistolae]
438 2868 500 2908 Ep.
524 2877 617 2907 1053.

130 2913 204 2952 536,
221 2912 478 2952 typographus]
491 2913 507 2942 ’ἓ
521 2911 712 2949 Thibault;
729 2911 770 2943 ef.
788 2912 848 2951 Ep.

90 2965 181 2995 1053.
212 2965 308 2994 11711.
352 2954 447 2985 Lee's
478 2955 584 2986 letter
622 2957 657 2985 to
695 2955 852 2985 Louvain

88 3002 222 3035 (Amzot.
247 3000 287 3030 f0.
311 2999 364 3030 CC
388 3000 420 3028 r⁰
442 2999 515 3029 and
537 2999 590 3037 νῦ)
623 2999 741 3029 shows
773 2999 854 3029 that

90 3044 188 3073 thes(-
203 3043 440 3083 negotiations
451 3042 540 3072 with
555 3043 629 3072 him
644 3042 714 3072 and
728 3042 854 3072 Hillon

916 2824 1038 2864 (1584)
1046 2823 1216 2863 preceded
1229 2823 1290 2854 the
1302 2823 1432 2854 arrival
1444 2824 1550 2854 ofthe
1561 2824 1684 2854 letters

915 2869 1003 2898 from
1020 2867 1157 2905 Fisher,
1176 2867 1285 2906 Celet,
1305 2867 1402 2907 Pace,
1421 2867 1495 2898 and
1512 2868 1609 2898 More
1624 2869 1680 2907 (cf.

917 2912 938 2941 1.
958 2913 1048 2949 60311
1063 2910 1134 2941 and
1147 2920 1180 2950 p.
1205 2913 1292 2949 110),
1307 2911 1379 2941 and
1405 2910 1502 2941 Lee's
1525 2912 1683 2946 met—tina

916 2955 1005 2984 with
1020 2955 1104 2984 Pace
1116 2956 1152 2984 at
1164 2954 1337 2993 Antwerp
1349 2955 1386 2984 in
1396 2954 1483 2993 July
1495 2954 1572 2994 (Ep.
1589 2965 1681 2985 1001.

918 2999 1002 3037 5311)
1019 3008 1026 3027 ι
1052 2998 1139 3037 they
1156 3000 1250 3028 must
1268 2998 1444 3028 therefore
1464 2999 1503 3027 be
1521 2997 1625 3027 dated
1648 2999 1683 3027 in

916 3041 1018 3080 April
1033 3052 1071 3071 or
1089 3041 1170 3080 May
1186 3051 1278 3080 1519.
1324 3041 1386 3071 Sc«-
1404 3041 1478 3072 also
1495 3041 1516 3072 l.
1541 3052 1550 3070 1
1563 3051 1636 3071 1211.

1694 440 1755 472 515

1694 981 1757 1012 525

1696 1799 1760 1830 540

1702 2072 1763 2104 545

1701 2344 1764 2376 550
