1990 3353
237 151 318 190 290
708 152 958 191 LETTERS
996 152 1064 190 OF
1101 152 1367 191 ERASMUS
1713 150 1837 204 [1520

295 263 412 312 Quod
449 264 651 302 hactenus
689 276 813 301 nemo
851 265 923 301 tuo
961 263 1162 302 satisfacit
1198 263 1349 311 animo,
1392 276 1467 301 nec
1504 264 1614 301 inter
1651 263 1729 301 hos
1767 262 1839 312 qui

182 330 220 360 25
241 318 572 368 conscripserunt
600 318 649 356 de
678 318 838 356 ratione
864 318 1067 366 parandae
1094 317 1261 367 linguae
1287 316 1470 364 Latinae,
1499 330 1573 355 nec
1600 330 1648 355 ex
1675 317 1743 355 his
1769 316 1839 366 qui

217 380 220 394 ³
241 386 354 411 nunc
380 372 614 421 complures
636 371 757 409 libris
782 371 956 421 proditis
981 373 1188 410 testantur
1214 373 1417 421 quantum
1443 371 1655 421 assequuti
1682 372 1768 409 sint
1794 371 1839 408 in

239 427 385 477 lingua
404 427 565 472 Latina,
587 427 762 464 fortasse
787 439 861 463 nec
881 425 968 475 ipse
995 427 1136 465 Cicero
1162 426 1387 464 satisfaciet
1413 426 1553 464 animo
1579 428 1662 472 tuo,
1687 428 1732 464 vt
1756 438 1841 463 non

242 481 464 519 defuerunt
482 482 633 531 quibus
656 480 768 518 Maro
795 480 910 518 visus
934 483 997 518 est
1024 481 1217 528 soloecus,
1240 482 1281 518 et
1306 480 1506 518 barbarus
1532 479 1690 518 Liuius.
1753 479 1841 528 Ego

242 549 318 574 nec
347 536 423 573 hos
452 535 579 584 probo
605 535 676 584 qui
699 534 901 584 neglectis
923 535 968 572 in
994 537 1129 573 totum
1159 534 1531 585 praeceptionibus,
1555 547 1604 572 ex
1627 533 1842 572 autoribus

184 608 226 640 30
243 591 394 639 petunt
438 590 636 639 loquendi
680 589 895 635 rationem,
942 603 1015 627 nec
1057 589 1132 627 hos
1174 590 1246 638 qui
1289 589 1516 638 praeceptis
1558 588 1712 627 addicti
1757 601 1841 626 non

243 645 463 682 versantur
491 645 534 682 in
563 644 807 682 euoluendis
835 643 1058 681 autoribus,
1117 644 1341 692 Praecepta
1369 643 1463 680 volo
1493 656 1580 681 esse
1608 655 1745 692 pauca,
1773 641 1842 679 sed

243 699 401 747 optima
418 713 426 736 :
457 699 565 747 quod
586 698 795 748 reliquum
816 700 878 736 est
899 698 1076 735 arbitror
1095 698 1320 747 petendum
1341 710 1391 735 ex
1418 697 1588 747 optimis
1614 696 1845 746 quibusque

245 753 527 802 scriptoribus,
566 756 636 791 aut
679 766 729 790 ex
771 766 916 790 eorum
961 752 1166 801 colloquio
1211 752 1281 801 qui
1325 752 1382 789 sic
1423 751 1655 801 loquuntur
1691 753 1739 788 vt
1780 750 1843 788 illi

245 807 511 856 scripserunt.
561 806 675 845 Haec
694 807 762 846 via
782 807 818 844 si
838 806 903 844 cui
925 820 1010 844 non
1030 807 1174 855 placet,
1197 820 1280 844 non
1301 806 1420 844 video
1442 806 1539 855 quid
1561 805 1742 855 supersit
1762 805 1844 842 nisi

185 873 226 905 35
244 864 291 900 vt
320 863 369 900 ad
394 863 574 908 magicas
599 862 778 910 ineptias
804 865 846 899 et
872 861 1164 910 polygraphias
1188 860 1383 898 ridiculas
1406 861 1715 909 confugiamus:
1745 872 1847 909 quas

246 929 331 955 non
361 916 554 955 videmus
584 916 719 954 adhuc
749 916 941 964 cuiquam
970 915 1065 953 vsui
1093 915 1232 952 fuisse.
1291 914 1423 952 Porro
1453 915 1562 964 quod
1596 927 1741 953 eorum
1776 913 1848 962 qui

247 971 437 1009 scribunt
457 971 589 1018 hodie,
610 971 778 1008 videtur
796 970 1002 1019 impurior
1020 969 1163 1016 oratio,
1187 969 1372 1007 fortassis
1392 969 1437 1007 in
1463 982 1583 1007 causa
1607 971 1705 1006 sunt
1728 980 1849 1006 aures

248 1038 394 1063 eorum
435 1026 485 1064 ad
529 1038 707 1074 quorum
752 1024 954 1062 iudicium
998 1024 1244 1069 scribimus;
1291 1023 1476 1062 fortassis
1518 1023 1630 1072 quod
1671 1022 1848 1061 subinde

250 1080 436 1129 cogimur
464 1080 509 1118 in
537 1079 725 1117 barbaris
755 1079 980 1124 autoribus,
1013 1078 1165 1127 quibus
1198 1078 1322 1126 plena
1354 1079 1453 1115 sunt
1486 1077 1637 1124 omnia,
1669 1075 1849 1121 versari;

187 1147 231 1177 40
250 1134 359 1172 haud
381 1134 465 1172 scio
485 1147 538 1172 an
559 1135 599 1171 et
619 1133 737 1181 illud,
762 1134 868 1182 quod
891 1132 1067 1170 orationi
1086 1145 1182 1170 vere
1203 1132 1413 1170 Romanae
1432 1146 1483 1169 ne
1502 1132 1609 1180 apud
1637 1131 1851 1169 Romanos

250 1188 419 1236 quidem
449 1188 583 1226 honos
611 1188 823 1227 habeatur,
852 1189 977 1237 atque
1007 1187 1057 1224 ob
1086 1187 1126 1224 id
1159 1187 1326 1236 segnius
1354 1186 1450 1224 huic
1480 1186 1539 1223 rei
1568 1186 1688 1224 datur
1717 1197 1850 1234 opera.

250 1243 397 1281 Alium
418 1256 595 1292 anguem
617 1242 661 1280 in
682 1242 810 1279 herba
829 1242 1028 1280 latentem
1057 1255 1131 1291 ego
1158 1254 1241 1279 non
1267 1241 1399 1279 video.
1459 1240 1592 1279 Citius
1617 1240 1852 1278 accederem

250 1304 346 1334 tuae
380 1296 620 1343 sententiae,
658 1298 695 1334 si
730 1296 824 1346 quis
857 1296 1088 1334 exoriretur
1123 1295 1193 1345 qui
1227 1295 1316 1333 sine
1349 1294 1448 1333 vllis
1480 1295 1707 1344 praeceptis
1741 1306 1853 1332 mere

251 1352 398 1390 Latine
423 1351 632 1390 scriberet.

191 1417 233 1446 45
305 1405 436 1444 Adest
452 1406 577 1444 isthic
593 1405 789 1444 Vlrichus
804 1405 1034 1452 Huttenus,
1050 1405 1217 1454 linguae
1232 1403 1446 1442 Romanae
1462 1403 1670 1451 delicium,
1689 1402 1856 1440 iuuenis

254 1460 417 1508 nobilis,
454 1460 642 1498 eruditus
675 1462 716 1497 et
748 1460 984 1506 humanum
1028 1472 1122 1497 cum
1155 1473 1202 1496 eo
1240 1458 1390 1496 melius
1426 1459 1534 1495 hanc
1567 1458 1855 1507 quaestionem

252 1514 458 1552 tractabis.
519 1514 616 1563 Ipse
644 1515 766 1552 adero
795 1515 890 1563 post
918 1513 1106 1561 biduum,
1138 1513 1170 1551 si
1201 1514 1310 1551 vires
1339 1512 1503 1550 sinent:
1538 1524 1636 1550 nam
1666 1525 1689 1549 a
1711 1510 1856 1549 morbo

251 1569 323 1608 vix
343 1569 476 1607 adhuc
498 1569 599 1606 satis
618 1568 768 1606 firmus
788 1581 892 1606 sum.
955 1567 1016 1605 Ea
1036 1581 1100 1605 res
1119 1567 1163 1605 in
1184 1580 1305 1605 causa
1324 1567 1406 1605 fuit
1429 1568 1477 1604 vt
1504 1566 1610 1604 hanc
1633 1565 1853 1615 epistolam

255 1623 506 1670 dictauerim,
530 1636 613 1661 non
635 1622 882 1672 scripserim.
941 1622 1055 1660 Bene
1075 1621 1178 1668 vale,
1202 1622 1268 1658 vir
1287 1621 1524 1659 clarissime.

195 1688 237 1721 50
310 1677 497 1716 Louanii.
557 1690 613 1715 XI.
638 1677 720 1715 Cal.
744 1677 823 1714 Iul.
847 1678 928 1714 An.
949 1689 1110 1714 M.D.xx.

656 1952 776 1992 1116.
836 1951 899 1990 ΤΟ
932 1950 1128 1990 GERARD
1161 1960 1215 1988 or
1248 1947 1475 1989 KLOSTER.

306 2076 528 2111 Rotterdam
547 2074 637 2118 MS„
659 2074 837 2109 Erasmus
856 2073 925 2109 III.
949 2084 1028 2114 102,
1047 2084 1082 2117 p.
1101 2074 1160 2115 48.

308 2135 496 2170 Horawitz
516 2146 544 2168 ν.
565 2143 618 2177 13.

1508 2068 1736 2116 <Louvain.>

1428 2128 1483 2174 <c.
1505 2140 1544 2164 21
1566 2128 1664 2163 June
1688 2125 1814 2173 1520.)

308 2249 522 2292 [Evidently
538 2248 686 2279 written
702 2247 843 2287 shortly
859 2246 953 2277 after
968 2246 1030 2276 the
1052 2244 1269 2284 completion
1295 2243 1333 2274 of
1352 2242 1415 2274 the
1440 2243 1679 2283 paraphrases
1694 2252 1741 2272 on
1757 2241 1866 2271 Peter

264 2294 336 2324 and
352 2293 445 2324 Jude
462 2293 542 2333 (Ep.
565 2291 676 2333 1112),
696 2291 767 2322 and
783 2291 903 2321 before
919 2290 1091 2320 Erasmus
1105 2288 1177 2318 had
1196 2287 1292 2326 quite
1315 2287 1450 2318 shaken
1473 2286 1522 2316 off
1543 2287 1598 2317 his
1621 2286 1767 2316 illness:
1791 2284 1866 2315 also

264 2337 382 2368 before
399 2337 457 2367 his
474 2336 664 2375 departure
681 2335 736 2365 for
751 2335 870 2365 Calais
887 2334 935 2374 (p.
954 2332 1045 2373 296).
1093 2331 1162 2362 For
1178 2330 1313 2367 Gerard
1329 2330 1369 2361 of
1381 2330 1526 2361 Kloster
1537 2340 1594 2361 see
1613 2330 1700 2370 Epp.
1716 2339 1790 2368 504.
1806 2338 1863 2366 21],

266 2391 331 2420 25;
353 2382 428 2410 660.
449 2389 500 2419 23,
520 2388 582 2418 25;
606 2380 680 2419 697.
703 2380 767 2417 163
793 2388 887 2417 1140.
908 2386 982 2416 2—3.
1028 2376 1065 2406 It
1085 2376 1115 2405 is
1132 2375 1224 2406 clear
1239 2374 1320 2405 that
1341 2375 1387 2404 he
1408 2383 1481 2404 was
1505 2384 1584 2404 now
1610 2384 1656 2404 on
1680 2383 1700 2404 a
1723 2373 1810 2403 visit
1829 2373 1866 2402 to

263 2423 452 2463 Louvain.]

927 2539 977 2568 37.
1005 2528 1152 2559 fortasse
1167 2529 1210 2556 H.

314 2692 365 2721 25.
391 2682 535 2721 linguae
558 2679 723 2720 Latinae]
749 2680 816 2710 For
834 2678 1034 2710 Halewin’s

272 2727 425 2757 interest
442 2726 478 2755 in
495 2725 570 2755 this
586 2734 643 2755 see
660 2723 726 2763 Ep.
743 2725 805 2762 641
825 2723 956 2753 introd.

316 2780 367 2809 29.
396 2768 567 2808 neglectis
596 2792 603 2798 .
638 2791 645 2798 .
675 2791 682 2798 .
708 2763 1037 2806 praeceptionibus]

272 2814 325 2845 On
357 2812 433 2843 this
470 2810 610 2851 ground
649 2811 817 2841 Erasmus
855 2809 1039 2841 criticized

274 2857 398 2888 Colet:
423 2865 480 2886 see
497 2855 560 2894 Ep.
584 2864 678 2885 1211.
699 2863 836 2893 519-25.

317 2909 370 2940 35.
402 2897 671 2939 polygraphias]
724 2898 798 2928 The
851 2906 957 2928 name
1001 2895 1040 2926 of

273 2953 293 2975 a
320 2943 467 2975 treatise
494 2942 540 2981 by
570 2941 796 2972 Trithemius
827 2941 866 2982 (†
880 2949 920 2979 13
950 2939 1032 2971 Dec.

276 2988 389 3028 1516),
410 2986 529 3017 which
558 2985 696 3024 ‘plures
719 2985 897 3016 scribendi
923 2991 1038 3014 mores

275 3029 432 3071 aperit‘3
457 3030 536 3060 first
561 3026 707 3069 printed
735 3029 772 3058 at
800 3027 1036 3068 Oppenheim,

351 3127 366 3147 Ο

1101 2677 1133 2708 J.
1152 2677 1357 2716 Haselbcrg,
1375 2677 1463 2717 ‚July
1488 2679 1578 2717 1518.
1628 2678 1663 2708 It
1686 2677 1868 2708 describes

1103 2722 1244 2751 various
1261 2721 1426 2751 methods
1442 2721 1480 2751 of
1499 2723 1611 2752 secret
1628 2721 1867 2752 communica-

1105 2766 1181 2795 tion
1198 2765 1244 2804 by
1261 2765 1408 2804 cipher;
1432 2764 1503 2795 and
1520 2765 1639 2796 shows
1656 2765 1735 2794 how
1752 2766 1789 2795 to
1805 2772 1868 2794 use

1107 2809 1209 2840 them
1235 2809 1287 2838 sor
1310 2809 1459 2847 magical
1485 2809 1737 2839 incantations.
1793 2807 1867 2838 The

1110 2851 1235 2891 cipher
1248 2852 1364 2882 words
1376 2851 1555 2891 produced
1568 2851 1747 2891 certainly
1760 2851 1870 2882 merit

1106 2897 1168 2928 the
1185 2896 1326 2935 epithet
1342 2896 1427 2926 here
1444 2895 1587 2935 applied
1604 2896 1640 2925 to
1657 2895 1768 2926 them.

1149 2948 1201 2977 42.
1229 2938 1399 2979 anguem]
1419 2938 1469 2969 Cf.
1487 2938 1588 2978 Verg.
1607 2941 1644 2969 E.
1661 2948 1691 2977 3.
1710 2947 1763 2978 93.

1150 2991 1201 3022 45.
1229 2980 1430 3021 Huttenus]
1448 2982 1500 3014 Cf.
1519 2982 1582 3022 Ep.
1604 2991 1699 3021 1113.
1719 2983 1800 3020 3611.

1151 3037 1201 3065 47.
1229 3036 1248 3056 a
1266 3025 1402 3065 morbo]
1420 3025 1485 3056 See
1503 3025 1565 3065 Ep.
1589 3035 1670 3055 1112
1684 3025 1816 3055 introd.
