1990 3353
88 92 211 146 1167]
536 94 607 133 ΤΟ
647 93 906 133 LORENZO
944 93 1238 134 CAMPEGIO
1604 93 1684 131 407

82 203 288 242 inutilem.
347 206 419 242 An
450 204 648 242 continuo
681 203 796 242 fauet
827 203 1049 253 parricidio
1083 203 1155 254 qui
1185 202 1294 242 nolit
1324 202 1535 253 parricidii
1568 215 1685 241 reum

85 257 273 296 damnari
297 258 381 296 nisi
403 258 569 308 cognita
588 259 743 296 causa?
799 259 870 296 An
899 257 1011 296 hosti
1040 257 1153 296 fauet
1182 257 1254 308 qui
1282 260 1426 296 monet
1456 270 1537 307 quo
1565 260 1684 306 pacto

82 312 212 361 possit
244 311 378 351 hostis
416 313 594 362 opprimi
630 311 809 350 minimo
840 311 1058 362 dispendio
1088 311 1292 359 militum,
1323 311 1409 350 imo
1439 311 1513 361 qui
1542 314 1685 349 monet

82 366 332 405 tentandum
359 379 413 405 311
441 366 577 405 1105115
604 366 696 405 51110
724 365 871 404 Martis
899 365 987 404 alea
1014 366 1146 416 possit
1175 366 1225 405 ad
1255 365 1512 404 deditionem
1540 365 1686 414 adigi?

83 420 128 459 Si
148 421 252 459 bene
272 420 452 459 consulit
466 421 525 459 101
545 420 735 470 publicae
751 419 822 482 qui
841 419 1004 458 mauult
1020 420 1184 459 hostem
1199 433 1266 458 ser
1268 420 1358 459 uari
1377 433 1502 470 quam
1522 419 1683 468 perimi,
1708 434 1771 466 290

84 488 165 525 qua
193 475 330 513 fronte
358 474 669 525 reprehendunt
697 474 768 524 qui
795 474 908 513 idem
926 474 1030 512 velit
1048 488 1072 514 a
1092 474 1296 525 theologis
1315 474 1438 513 fieri?
1504 473 1559 512 Et
1587 473 1686 512 haec

83 529 241 579 loquor,
264 529 426 579 fingens
452 529 622 567 interim
649 529 758 579 quod
784 528 892 567 mihi
914 541 998 567 non
1019 529 1248 576 constabat,
1271 529 1505 567 Lutherum
1534 527 1686 566 erroris

84 596 172 621 esse
193 583 450 633 magistrum.
495 584 550 621 Et
569 586 710 621 tamen
730 582 787 621 sic
805 582 1004 621 admonui
1019 583 1118 632 quid
1135 583 1243 621 mihi
1254 583 1465 621 videretur
1479 582 1686 631 optimum

83 638 208 685 factu,
233 641 278 675 vt
298 638 432 676 nihilo
452 637 584 676 secius
603 637 784 675 liberum
804 637 898 675 aliis
916 637 1091 676 facerem
1113 650 1188 675 suo
1208 637 1270 675 vti
1289 637 1473 684 consilio,
1497 639 1533 674 si
1553 636 1688 686 magis

83 691 339 742 probaretur.
410 692 614 730 Videbam
652 692 730 730 hoc
768 691 917 730 hulcus
955 704 1040 729 non
1079 691 1169 730 sine
1207 691 1389 741 periculo
1426 691 1541 741 tangi
1579 691 1687 741 apud
1708 703 1769 736 295

83 746 249 796 plebem
268 747 560 795 promiscuam,
582 746 628 784 in
648 759 729 796 qua
747 745 921 796 plurimi
941 748 1041 784 sunt
1067 759 1169 796 quos
1195 759 1302 784 onus
1329 745 1555 784 confitendi
1581 745 1687 783 male

84 800 233 847 habet;
263 801 430 838 nullum
456 800 657 838 libentius
683 813 936 847 excussuros,
958 800 994 838 si
1020 800 1246 839 sensissent
1272 799 1514 849 theologum
1535 812 1581 838 ac
1602 812 1690 849 pro·

83 853 200 893 batae
216 855 325 893 vitae
340 855 479 893 virum
499 855 545 893 in
565 855 641 893 hac
660 867 747 893 esse
764 855 982 893 sententia.
1025 854 1081 892 Et
1100 857 1243 892 tamen
1261 854 1469 893 incertum
1484 857 1544 892 est
1561 854 1689 892 etiam

85 922 198 948 nunc
221 922 274 947 an
302 909 348 947 in
376 909 543 958 scriptis
571 910 658 948 suis
686 909 765 948 hoc
791 910 969 947 senserit
997 908 1219 947 Lutherus.
1278 908 1439 947 Deinde
1458 908 1556 959 quid
1576 907 1688 946 aliud

86 977 209 1013 quam
242 963 520 1002 nobilitabant
549 964 636 1002 eius
665 963 792 1002 libros
820 962 1024 1002 eiusmodi
1052 963 1317 1011 clamoribus,
1350 965 1447 1001 ante
1476 963 1690 1012 perpaucis
1710 977 1773 1008 300

85 1021 216 1065 notos,
243 1020 283 1056 et
312 1031 381 1056 eos
409 1017 629 1056 irritabant
658 1018 708 1056 ad
738 1018 963 1068 legendum
992 1018 1065 1068 qui
1094 1031 1311 1068 nunquam
1339 1017 1495 1067 alioqui
1523 1017 1688 1055 fuerant

85 1072 265 1111 lecturi?
294 1085 447 1122 magna
466 1085 561 1111 cum
581 1072 764 1111 vtilitate
784 1071 1117 1122 bibliopolarum,
1135 1072 1207 1122 qui
1226 1074 1342 1110 tanto
1363 1071 1525 1110 felicius
1545 1071 1691 1110 distra-

86 1127 243 1165 hebant
263 1140 360 1165 suos
386 1127 544 1165 codices
570 1128 726 1177 quanto
751 1127 824 1165 isti
845 1126 1178 1165 vociferabantur
1204 1125 1489 1176 impotentius.
1549 1127 1690 1175 Atque

86 1181 258 1220 interim
280 1194 352 1219 nec
372 1181 574 1231 populum
594 1181 795 1219 docebant
814 1194 888 1219 1100
908 1181 1154 1220 Lutherum.
1223 1180 1346 1220 Vnde
1365 1180 1542 1220 doctoris
1565 1180 1690 1219 titulo

88 1235 330 1286 gloriantur,
355 1236 438 1274 nisi
459 1237 503 1274 vt
525 1236 730 1274 doceant?
1710 1244 1773 1276 305

144 1290 288 1338 Qualis
321 1290 453 1340 qualis
491 1292 578 1328 erat
616 1290 838 1337 Lutherus,
873 1292 982 1328 certe
1015 1289 1245 1328 humanius
1272 1292 1357 1328 erat
1387 1303 1533 1328 sanare
1564 1301 1690 1339 quam

89 1346 340 1393 extinguere.
400 1344 513 1383 Olim
539 1358 614 1394 pro
638 1344 839 1383 conuictis
862 1344 989 1382 etiam
1016 1344 1214 1382 maleficis
1239 1344 1518 1382 intercedebat
1541 1344 1690 1392 episco-

88 1411 238 1448 porum
264 1398 491 1438 autoritas:
520 1400 687 1437 tantum
712 1399 851 1437 abesse
879 1398 1030 1437 debent
1056 1398 1322 1437 ecclesiastici
1342 1398 1421 1436 viri
1441 1411 1464 1437 a
1489 1397 1692 1448 perdendi

88 1453 273 1492 libidine.
330 1452 597 1502 Augustinus
616 1467 689 1503 pro
715 1453 958 1500 Donatistis,
981 1454 1052 1502 qui
1079 1452 1190 1491 haud
1217 1453 1301 1491 scio
1326 1452 1692 1502 perniciosioresne

89 1507 246 1545 fuerint
279 1507 476 1546 haeretici
514 1520 568 1545 an
601 1508 807 1546 saeuiores
839 1507 1032 1554 latrones,
1069 1520 1174 1557 quos
1206 1506 1360 1545 sciebat
1392 1507 1583 1545 insidiari
1617 1519 1691 1544 suo
1712 1522 1776 1554 310

89 1562 228 1612 capiti,
248 1562 358 1611 apud
378 1561 615 1612 imperiales
634 1562 859 1612 praefectos
878 1561 1168 1608 intercedebat,
1191 1574 1242 1599 ne
1272 1561 1502 1600 saeuiretur
1530 1561 1575 1598 in
1603 1559 1692 1598 illo-

90 1629 185 1654 rum
205 1629 384 1666 corpora.
446 1616 659 1654 Nimirum
679 1616 745 1654 vir
763 1615 948 1666 optimus
973 1629 1043 1655 eos
1068 1616 1308 1665 resipiscere
1335 1615 1535 1666 cupiebat,
1558 1615 1693 1665 perire

91 1670 269 1709 nolebat.
340 1670 566 1720 Superesse
597 1670 764 1709 volebat
802 1671 874 1720 qui
911 1673 1080 1720 possent
1117 1670 1368 1720 resipiscere,
1402 1672 1443 1709 et
1480 1681 1692 1720 superesse

91 1725 255 1763 volebat
274 1725 401 1764 etiam
422 1738 497 1764 suo
517 1725 712 1775 periculo.
775 1724 888 1763 Olim
914 1724 1159 1763 audiebatur
1184 1725 1429 1772 haereticus,
1452 1724 1578 1763 etiam
1599 1737 1694 1762 cum

91 1779 335 1828 reuerentia,
368 1780 409 1818 id
444 1780 554 1829 quod
582 1793 633 1818 ex
661 1779 892 1829 Augustini
920 1779 1039 1817 libris
1067 1779 1205 1828 palam
1234 1781 1323 1826 est3
1357 1781 1398 1817 et
1426 1781 1568 1817 tamen
1602 1781 1693 1816 ‘tum
1715 1788 1776 1820 315

92 1834 293 1883 temporis
319 1834 515 1872 haeretici
541 1833 722 1872 conuicti
742 1836 783 1872 et
802 1833 847 1871 in
866 1847 1002 1872 errore
1021 1833 1284 1883 persistentis
1302 1847 1434 1883 poena
1454 1832 1561 1872 nihil
1581 1832 1695 1871 aliud

92 1891 178 1926 erat
199 1901 323 1938 quam
342 1889 518 1927 semotio
546 1901 569 1926 a
594 1888 888 1927 communione
913 1888 1249 1927 orthodoxorum.
1312 1888 1433 1926 Nunc
1461 1887 1579 1926 nulla
1607 1900 1694 1936 pro-

92 1943 261 1992 scriptio
290 1943 450 1981 saeuior
478 1945 541 1981 est
571 1956 695 1993 quam
723 1942 905 1981 haeresis
935 1943 1104 1981 crimen.
1166 1942 1220 1980 Et
1239 1944 1379 1980 tamen
1404 1941 1512 1980 nihil
1537 1941 1696 1979 facilius

92 1997 248 2035 habent
269 1997 313 2035 in
334 2010 402 2035 ore
422 1997 504 2046 isti,
527 1997 664 2036 nescio
685 1997 765 2047 qui,
785 1997 855 2047 qui
876 2010 1031 2035 munus
1050 1997 1334 2046 episcoporum
1354 1996 1435 2035 sibi
1455 1996 1669 2034 vindicant
1687 2010 1696 2042 3

94 2064 272 2101 quorum
291 2051 449 2101 aliquot
468 2051 551 2090 scio
572 2051 638 2090 his
656 2065 744 2090 esse
763 2051 963 2098 moribus,
982 2053 1028 2090 vt
1049 2052 1156 2089 mihi
1176 2064 1227 2089 ne
1246 2051 1331 2101 pilo
1351 2051 1520 2101 quidem
1535 2050 1698 2088 viderer
1716 2062 1780 2093 320

93 2105 255 2153 melior,
275 2106 311 2144 51
337 2119 411 2144 sua
438 2106 649 2144 sententia
677 2119 743 2144 me
770 2106 1088 2156 pronuntiarent
1118 2105 1497 2144 orthodoxum—vt
1518 2105 1697 2154 ingenue

95 2161 203 2210 quod
224 2160 360 2198 sentio
380 2161 525 2198 dicam.

149 2215 362 2253 Laudatur
373 2214 612 2265 sapientum
625 2214 886 2265 quorundam
900 2215 1133 2260 consilium,
1145 2214 1216 2264 qui
1229 2213 1558 2252 sceleratissimis
1570 2212 1699 2250 etiam

95 2269 254 2319 ignosci
291 2268 524 2318 cupiebant,
564 2269 674 2319 quod
713 2272 912 2319 negarent
948 2268 1290 2319 perpendendum
1328 2268 1428 2318 quid
1466 2267 1553 2305 illis
1590 2268 1698 2305 esset

97 2324 272 2373 dignum
303 2336 480 2373 quorum
509 2323 630 2362 factis
659 2323 825 2362 nullum
853 2324 958 2362 satis
987 2324 1164 2373 dignum
1191 2322 1447 2372 supplicium
1476 2321 1700 2371 excogitari
1718 2330 1780 2362 3²5

97 2380 266 2428 poterat,
291 2377 361 2416 sed
383 2377 482 2427 quid
502 2377 731 2427 postularet
753 2377 935 2427 dignitas
956 2378 1139 2416 Romani
1162 2377 1356 2424 nominis,
1380 2377 1481 2427 quid
1510 2376 1701 2414 suaderet

98 2432 259 2470 vtilitas
288 2431 465 2481 publica.
525 2432 682 2470 Paulus
701 2432 851 2482 vbique
870 2432 1002 2482 parcit
1022 2430 1392 2482 pseudoapostolis,
1413 2444 1465 2469 ne
1488 2429 1701 2481 prouocati

98 2487 267 2536 grauius
297 2486 422 2524 etiam
452 2486 664 2525 laederent
696 2489 884 2525 teneram
918 2487 1053 2525 adhuc
1084 2499 1130 2524 ac
1164 2488 1370 2524 recentem
1403 2484 1701 2535 Euangelicam

100 2541 343 2580 doctrinam.
396 2540 558 2588 Quanto
579 2541 720 2579 minus
739 2541 1011 2579 conueniebat
1031 2541 1090 2579 sic
1111 2540 1206 2578 ilico
1225 2539 1383 2578 saeuire
1402 2540 1445 2577 in
1468 2553 1563 2577 eum
1583 2538 1701 2577 cuius

99 2596 186 2633 vita
205 2594 515 2644 praedicabatur
532 2594 585 2633 ab
605 2596 812 2644 omnibus,
837 2595 955 2633 cuius
974 2595 1140 2644 scriptis
1159 2596 1222 2633 tot
1243 2594 1399 2644 egregii
1418 2606 1615 2644 proceres,
1640 2594 1702 2631 tot
1722 2605 1785 2636 330

101 2649 265 2696 eruditi,
289 2651 351 2687 tot
370 2648 429 2697 pii
449 2648 784 2688 delectabantur!
832 2649 949 2698 Quod
971 2649 1005 2687 si
1028 2649 1234 2687 Lutherus
1255 2648 1351 2687 talis
1370 2648 1518 2687 fuisset
1537 2647 1703 2698 qualem

101 2704 164 2742 illi
183 2704 313 2742 videri
330 2703 536 2751 volebant,
555 2703 721 2742 nullum
742 2706 904 2753 poterat
921 2704 1010 2742 dari
1030 2703 1252 2742 consilium
1273 2704 1380 2752 quod
1402 2702 1536 2752 magis
1556 2705 1597 2740 et
1617 2714 1703 2751 gra-

103 2765 217 2797 uaret
233 2758 357 2796 illum
369 2759 410 2795 et
421 2757 708 2807 theologorum
721 2758 939 2797 victoriam
955 2758 1194 2796 illustraret.
1228 2757 1300 2796 Illi
1314 2759 1452 2796 totum
1467 2756 1703 2795 Lutherum

103 2812 324 2862 cupiebant
343 2811 587 2850 extinctum.
629 2811 745 2861 Quod
767 2812 802 2851 si
823 2812 1009 2850 hominis
1024 2812 1090 2850 vel
1112 2825 1225 2849 error
1244 2812 1312 2850 vel
1331 2812 1559 2861 pertinacia
1579 2822 1705 2848 mere-

105 2868 224 2906 batur
239 2868 423 2904 extrema
443 2865 636 2914 remedia,
653 2879 754 2916 quae
775 2867 946 2905 tandem
966 2866 1138 2904 tentatis
1154 2866 1349 2905 omnibus
1364 2865 1551 2904 adhiberi
1568 2864 1704 2903 solent
1724 2874 1785 2907 335

236 2977 311 3015 298.
335 2975 535 3006 etiamnum
551 2977 594 3006 H.
907 2972 1412 3014 327.F.v³:pseudap0st01is
1428 2975 1463 3003 H
1478 2975 1574 3003 Lond.
