1990 3353
292 142 345 180 30
782 143 1034 183 LETTERS
1073 144 1143 184 OF
1181 144 1446 185 ERAsMUs

668 287 848 330 7111001.
910 288 974 329 ΤΟ
1006 287 1194 332 GEoRcE
1226 291 1526 336 SPALATINUS.

339 388 503 435 Farrago
520 402 555 435 p.
577 399 656 434 374.

339 447 378 483 F.
397 460 432 493 p.
451 450 542 493 463:
569 449 658 484 HN:
685 449 802 485 Lond.
821 449 869 484 xi.
890 460 955 493 24:
983 450 1057 485 LB.
1075 459 1154 496 450.

1591 395 1782 441 Antwerp.

1537 463 1555 496 7
1576 453 1722 499 August
1744 462 1843 498 1519.

336 540 522 581 [Between
539 541 601 572 the
621 541 792 581 Imperial
808 541 972 573 Election
991 542 1028 582 (l.
1042 542 1099 582 63)
1117 543 1189 574 and
1206 543 1267 574 the
1278 543 1501 583 publication
1519 544 1557 575 of
1569 543 1630 574 the
1647 546 1786 582 Farrayo
1799 543 1891 585 (E).]

461 646 504 676 D.
537 644 735 675 GEORGIO
767 645 1038 684 SPALATINO,
1069 645 1309 676 THEOLOGO
1341 645 1725 687 INCOMPARABILI,

740 713 948 744 ERASMVS
981 714 1320 745 ROTERODAMVS
1354 714 1385 747 S.
1412 714 1456 745 D.

347 795 394 833 SI
415 795 513 846 quid
535 798 652 834 vacat
666 796 980 846 occupatissimo
1000 798 1040 835 et
1059 796 1095 835 si
1114 797 1175 835 fas
1194 798 1256 834 est
1275 795 1480 846 theologo,
1501 795 1595 834 audi
1618 795 1726 846 quod
1746 794 1889 834 rideas.

294 849 414 888 Adiit
443 863 510 888 me
535 850 685 889 Petrus
714 851 940 899 Alamirus,
967 851 1092 889 homo
1122 864 1207 889 non
1234 850 1468 897 infestiuus,
1502 850 1664 889 circiter
1691 849 1893 889 Calendas

292 904 485 954 Augusti,
519 917 627 943 anno
656 917 826 943 M.D.X1x
855 905 1046 953 Louanii,
1074 905 1253 943 reddidit
1282 904 1523 954 epistolium
1552 917 1602 943 ex
1630 904 1894 954 Aquisgrano

294 958 481 1006 missum,
515 959 585 997 sed
614 959 826 998 affirmans
855 959 933 998 sibi
963 959 1248 1009 Antuuerpiae
1276 972 1364 997 esse
1398 959 1590 1008 ingentes
1623 958 1893 1009 epistolarum

256 1028 273 1059 5
292 1012 508 1051 fasciculos
536 1026 559 1051 a
587 1014 867 1052 summatibus
894 1013 1040 1052 amicis
1068 1014 1117 1052 de
1146 1013 1269 1051 rebus
1296 1012 1617 1063 haudquaquam
1638 1012 1891 1062 vulgaribus.

293 1065 436 1105 Huius
455 1067 625 1105 interim
641 1067 868 1117 voluptatis
886 1068 974 1106 dies
993 1068 1152 1118 aliquot
1170 1067 1422 1106 lucrumfeci.
1482 1067 1585 1105 Post
1605 1067 1745 1105 decem
1766 1066 1896 1105 ferme

294 1121 458 1159 confero
481 1135 548 1159 me
567 1121 847 1168 Mechliniam,
867 1121 1121 1160 salutaturus
1140 1122 1395 1172 Episcopum
1417 1134 1569 1171 meum,
1593 1134 1743 1170 nempe
1763 1120 1896 1159 Traie-

294 1177 478 1213 ctensem
495 1189 504 1222 3
534 1188 631 1213 nam
652 1175 689 1214 is
707 1176 812 1214 forte
828 1178 918 1214 tum
933 1176 1084 1215 aderat.
1135 1175 1282 1228 Ἀγαθῇ
1300 1177 1394 1227 τύχῃ
1407 1175 1558 1214 obuius
1575 1177 1639 1214 est
1653 1175 1870 1213 Alamirus
1885 1188 1894 1222 3

292 1229 493 1267 admoneo
531 1228 580 1267 de
610 1230 809 1279 epistolis,
853 1230 913 1269 ait
949 1244 1039 1269 esse
1071 1230 1116 1268 in
1149 1232 1355 1280 promptu.
1429 1229 1671 1268 Condicitur
1704 1230 1819 1268 locus
1852 1228 1896 1267 in

237 1299 276 1320 10
293 1283 462 1332 templo,
486 1283 613 1322 simul
633 1285 673 1322 et
698 1286 875 1335 tempus.
935 1284 1098 1323 Profert
1124 1284 1270 1323 multis
1296 1284 1648 1323 circunstantibus
1673 1283 1718 1321 in
1739 1283 1895 1333 templo

293 1337 488 1386 epistolas
507 1337 701 1388 quinque,
722 1339 923 1388 quasdam
943 1339 1098 1388 duplici
1112 1339 1252 1377 tunica
1268 1352 1477 1388 vacuaque
1498 1338 1730 1385 obuolutas,
1751 1350 1897 1376 omnes

293 1392 395 1430 item
425 1393 638 1430 communi
668 1395 877 1432 contectas
906 1393 1133 1432 inuolucro.
1194 1393 1376 1443 Accipio,
1408 1392 1558 1442 gaudio
1582 1392 1776 1442 gestiens.
1833 1393 1897 1431 Ac

294 1449 385 1484 tum
406 1446 573 1496 quidem
593 1449 812 1486 contentus
831 1461 880 1486 ex
901 1447 1237 1497 opisthographia
1256 1447 1449 1486 didicisse
1469 1447 1640 1497 quinam
1666 1447 1804 1485 essent
1824 1446 1895 1496 qui

293 1500 519 1538 scriberent
541 1501 653 1550 (nam
673 1501 841 1540 aderant
868 1502 1116 1551 quibuscum
1140 1503 1226 1540 erat
1249 1501 1357 1552 quod
1383 1501 1572 1551 agerem),
1597 1501 1647 1540 ad
1674 1499 1896 1551 prandium

238 1570 274 1601 15
295 1568 361 1592 me
387 1555 548 1604 recipio,
609 1555 717 1593 Nam
744 1556 1006 1595 condixeram
1033 1556 1143 1606 apud
1176 1556 1379 1594 Ioannem
1409 1555 1662 1603 Robbinum,
1693 1554 1896 1593 decanum

294 1608 382 1647 eius
411 1609 572 1659 templi,
599 1610 739 1648 virum
769 1610 989 1660 prudentia
1016 1610 1231 1660 singulari,
1261 1623 1427 1649 summa
1455 1610 1703 1660 integritate,
1736 1609 1807 1647 sed
1837 1609 1897 1647 in·

296 1663 418 1711 genio
438 1676 636 1713 perquam
657 1664 818 1703 festiuo.
878 1665 922 1704 Is
942 1666 1005 1703 est
1030 1665 1075 1702 in
1095 1678 1218 1715 quem
1239 1664 1411 1714 Collegii
1435 1664 1662 1713 Trili—nguis
1676 1663 1897 1714 praecipua

296 1730 392 1756 cura
412 1717 612 1756 inclinata
629 1717 846 1757 recumbit.
1670 1766 1673 1769 ,

350 1771 469 1810 Inter
501 1771 643 1822 epulas
677 1786 772 1811 cum
803 1773 1179 1812 animaduerterem
1208 1785 1231 1811 a
1267 1772 1455 1812 conuiuis
1490 1771 1724 1822 desyderari
1757 1784 1897 1810 rerum

239 1843 278 1864 20
297 1838 499 1864 nouarum
534 1826 689 1876 aliquid
722 1840 800 1876 quo
834 1827 1017 1866 taedium
1051 1827 1335 1876 discuteretur,
1371 1840 1515 1877 promo
1552 1838 1666 1864 meas
1702 1825 1897 1876 epistolas

297 1880 419 1917 modo
434 1880 614 1918 redditas
632 1894 640 1927 3
669 1881 843 1930 resigno.
884 1882 972 1920 Tua
991 1882 1176 1931 primum
1190 1882 1306 1920 venit
1325 1882 1369 1920 in
1389 1893 1549 1929 manus,
1571 1880 1617 1919 in
1637 1893 1717 1930 qua
1736 1880 1898 1930 flagitas

297 1936 343 1972 vt
369 1933 454 1972 tuis
480 1934 612 1973 literis
640 1934 863 1985 aliquando
891 1936 1172 1986 respondeam,
1203 1949 1314 1986 quas,
1343 1937 1391 1974 vt
1414 1936 1594 1986 apparet,
1622 1934 1898 1973 illustrissimi

298 1987 426 2026 Ducis
445 1990 569 2038 atque
589 1989 689 2027 adeo
709 1989 872 2039 publico
895 1990 1145 2029 Academiae
1170 1991 1340 2029 nomine
1361 1990 1411 2028 ad
1438 2003 1505 2028 me
1529 1988 1760 2038 scripseras.
1816 1989 1898 2028 Eas

298 2055 394 2080 cum
423 2055 507 2080 non
535 2043 796 2093 accepissem,
826 2047 867 2083 et
900 2046 1042 2083 tamen
1070 2044 1121 2083 ad
1151 2045 1360 2094 proximas
1395 2044 1523 2083 Ducis
1554 2045 1728 2093 tuasque
1757 2043 1898 2084 literas

239 2113 277 2145 25
299 2097 438 2145 paucis
460 2098 556 2135 ante
582 2097 727 2136 diebus
755 2098 1070 2148 respondissem,
1100 2099 1281 2137 demiror
1306 2098 1403 2149 quid
1428 2098 1507 2136 tibi
1533 2097 1648 2136 velis.
1709 2097 1898 2136 Tandem

298 2150 473 2200 inspicio
507 2151 872 2201 subscriptionem,
898 2154 939 2191 et
971 2152 1128 2203 reperio
1164 2153 1359 2202 scriptam
1392 2155 1442 2191 ex
1476 2165 1565 2190 arce
1598 2151 1895 2202 Aldenburgia,

297 2205 424 2243 Anno
456 2205 679 2244 millesimo
712 2207 1048 2256 quingentesimo
1077 2205 1421 2257 decimoseptimo,
1454 2206 1600 2245 Idibus
1634 2205 1896 2245 Nouembris.

298 2257 405 2307 Mox,
435 2261 482 2298 vt
508 2273 582 2309 par
607 2262 704 2309 erat,
733 2261 881 2310 ingens
911 2262 1018 2301 risus
1042 2261 1238 2309 obortus;
1267 2275 1341 2312 pro
1366 2261 1559 2300 thesauro
1588 2259 1784 2299 carbones
1813 2273 1899 2311 rep-

341 2355 403 2377 Tn.
416 2354 450 2377 1).
465 2356 521 2376 om.
535 2349 576 2377 H.
666 2357 846 2379 THEOLOGO
860 2357 1137 2379 INCOMPARABILI
1149 2359 1208 2379 om.
1220 2350 1264 2378 H.
1344 2357 1374 2387 3.
1395 2347 1557 2386 Louanii,
1571 2349 1681 2383 scm‘psi
1695 2358 1702 2378 z
1721 2371 1728 2377 .
1746 2346 1897 2377 Louanii

298 2391 337 2419 E.
429 2399 457 2428 7.
485 2398 542 2419 me
567 2390 640 2420 EN²
657 2401 664 2421 :
687 2401 747 2423 om.
765 2391 810 2422 N1
823 2394 918 2424 Loml.
1000 2392 1031 2422 8.
1055 2394 1107 2422 N:
1132 2392 1256 2422 aderat
1273 2389 1377 2430 ἀγαθῇ
1393 2390 1489 2430 τύχῃ,
1510 2390 1637 2421 obuius
1652 2393 1687 2421 E.
1783 2399 1831 2430 15.
1850 2392 1896 2421 F:

300 2432 476 2506 EobbiuLm
494 2435 532 2472 E,
550 2443 667 2464 necnon
683 2437 717 2465 in
732 2446 832 2474 mary.
932 2437 984 2468 26.
1009 2435 1256 2475 Aldenburgia
1271 2437 1299 2465 Ε
1315 2445 1322 2465 :
1345 2434 1565 2475 Adelburgia
1582 2435 1618 2464 F.
1720 2433 1773 2464 28.
1801 2443 1898 2474 repe-

298 2485 413 2506 rimus
454 2480 524 2507 ond.

340 2580 372 2609 3.
397 2570 563 2612 Louanii]
588 2572 652 2603 See
666 2582 700 2612 p.
721 2583 769 2604 12.

387 2624 428 2644 ex
452 2614 699 2657 Aquisgrano]
724 2616 880 2657 Perhaps
904 2617 943 2647 in
964 2616 1065 2657 reply

299 2658 336 2688 to
353 2655 416 2697 Ep.
435 2667 510 2697 993.

341 2701 371 2730 6.
398 2701 520 2731 decem
539 2701 668 2742 ferme]
693 2703 756 2734 See
774 2713 805 2743 p.
830 2713 878 2734 12.

344 2754 371 2782 7.
398 2744 631 2786 Episcopum]
655 2746 778 2786 Philip
791 2748 829 2777 of
850 2747 1062 2787 Burgundy3

299 2797 355 2818 see
366 2787 428 2826 Ep.
442 2789 506 2826 603
520 2788 650 2820 introd.
699 2790 758 2820 Dr.
772 2790 901 2821 Muller
913 2790 996 2821 tells
1006 2800 1063 2821 me

298 2830 380 2861 that
395 2830 516 2870 Philip
532 2841 603 2862 was
620 2836 656 2862 at
673 2833 831 2864 Mechlin
847 2844 863 2872 7
881 2834 986 2874 Aug„
1001 2835 1064 2865 but

298 2883 370 2905 was
382 2874 469 2905 back
485 2876 521 2905 in
535 2875 735 2907 Duurstede
748 2877 828 2917 (Ep.
839 2879 903 2916 645
914 2877 1064 2918 introd.)

299 2918 346 2957 by
363 2927 405 2948 20
421 2918 510 2958 Aug.

388 2960 526 3001 meum]
552 2962 729 2993 Erasmus*
751 2964 949 2994 connexion
973 2964 1063 2995 with

301 3004 363 3035 the
380 3004 517 3036 diocese
536 3007 574 3036 of
594 3006 745 3037 Utreeht
763 3006 869 3038 dated
891 3007 982 3038 from
1007 3007 1065 3038 his

1135 2571 1279 2604 earliest
1311 2572 1401 2612 (lays
1434 2572 1493 2611 (cf.
1524 2582 1572 2603 1v.
1604 2573 1701 2613 8-11,
1735 2572 1821 2614 Epp.
1854 2582 1896 2612 33

1134 2615 1283 2654 introd„
1306 2617 1382 2654 603.
1412 2618 1513 2655 11n53
1548 2616 1612 2647 but
1646 2617 1675 2647 it
1705 2616 1776 2647 had
1809 2617 1896 2648 been

1133 2659 1390 2699 strengthened
1415 2660 1460 2698 by
1476 2669 1497 2690 a
1513 2669 1611 2690 more
1629 2662 1751 2691 recent
1767 2660 1817 2690 tie
1834 2660 1895 2699 (cf.

1132 2702 1197 2743 Ep.
1218 2713 1291 2742 714.
1310 2705 1403 2742 1111).
1451 2703 1515 2734 See
1528 2703 1602 2734 also
1616 2704 1680 2743 Ep.
1699 2713 1789 2742 1141.
1806 2713 1881 2743 3-7.

1179 2755 1225 2785 15.
1254 2746 1476 2787 Robbinum]
1507 2746 1572 2777 See
1603 2746 1693 2787 Epp.
1730 2747 1801 2787 178.
1836 2756 1892 2787 711,

1130 2789 1205 2828 805.

1178 2833 1226 2865 18.
1253 2832 1446 2873 inclinata]
1471 2833 1522 2864 Cf.
1540 2833 1643 2874 Verg.
1661 2837 1740 2865 Aen.
1764 2842 1812 2866 12.
1831 2844 1882 2874 59.

1176 2886 1228 2906 22.
1257 2875 1389 2917 literis]
1413 2877 1476 2917 Ep.
1493 2885 1568 2915 501.

1175 2929 1227 2958 25.
1253 2919 1533 2960 respondissem]
1572 2919 1660 2951 with
1700 2920 1787 2960 Epp.
1820 2930 1896 2960 979,

1132 2965 1197 3002 978
1214 2974 1222 3002 ;
1246 2964 1391 2993 written
1409 2965 1472 2994 not
1491 2964 1530 2994 ‘a
1542 2963 1609 2994 few
1622 2962 1727 3003 days'
1745 2964 1808 2995 but
1824 2966 1895 2995 two

1133 3007 1280 3038 months
1296 3006 1367 3037 and
1384 3016 1483 3038 more
1499 3007 1617 3038 before
1631 3008 1704 3038 this
1721 3007 1896 3040 incident.
