1990 3353
74 119 192 173 1236]
549 120 620 158 TO
659 119 814 158 PAUL
852 118 1181 159 BOMBASIUS
1590 121 1669 159 587

69 229 410 267 Lamentationes
454 229 582 267 Petri.
650 229 843 267 Emoriar
887 230 923 268 si
961 243 1144 280 vnquam
1183 230 1290 268 mihi
1329 230 1460 269 fuerat
1499 230 1669 269 auditus
1691 241 1751 272 150

67 282 218 322 titulus
246 285 469 333 antequam
497 283 568 321 ille
599 283 848 333 protulisset.
908 284 1096 322 Priorem
1122 285 1301 323 necdum
1329 285 1446 334 quiui
1472 285 1665 323 nancisci.

67 338 120 375 In
157 336 288 375 altero
326 339 382 376 sic
421 341 575 376 tractor
606 340 664 384 vt,
705 337 741 376 si
772 338 900 376 sciam
930 340 1128 385 autorem,
1165 339 1246 376 sim
1278 339 1341 376 illi
1372 340 1549 388 gratiam
1582 352 1667 376 non

69 392 272 441 optimam
292 392 522 430 habiturus.
582 392 636 430 Et
657 394 799 430 tamen
820 392 865 430 in
885 392 1126 431 huiusmodi
1145 393 1296 431 libellis
1312 393 1541 443 vituperari
1557 394 1667 431 malo

67 459 193 496 quam
212 446 448 495 praedicari.

122 500 336 538 Conantur
359 501 435 538 hoc
455 499 622 550 quidam
650 500 904 549 persuadere.
928 500 1210 539 Lutheranam
1230 508 1390 551 pestem
1411 514 1461 538 ex
1480 501 1591 540 hisce
1611 515 1668 539 re-

65 554 260 603 gionibus
279 567 369 592 esse
389 557 531 592 natam
548 567 555 590 :
598 567 679 603 quo
700 554 783 592 scio
803 554 914 592 nihil
932 567 1019 593 esse
1038 554 1199 593 falsius.
1256 555 1349 593 Iam
1370 555 1541 604 quidam
1561 556 1669 594 male

66 608 202 646 feriati
231 609 522 658 decerpserunt
550 622 572 646 e
601 608 720 647 libris
743 609 861 656 meis,
892 609 1000 647 vnde
1030 609 1240 647 Lutherus
1267 609 1458 647 videatur
1483 609 1669 648 hausisse

66 675 238 700 suorum
257 676 443 701 errorum
464 662 732 701 occasionem.
789 663 899 710 Quin
918 663 1057 712 potius
1075 677 1121 701 ea
1141 663 1343 713 colligunt
1365 677 1414 701 ex
1430 664 1668 714 Euangeliis

66 719 106 755 et
138 716 340 766 Epistolis
373 717 680 767 Apostolorum,
718 730 767 754 ex
798 718 1052 766 Augustino,
1083 717 1306 764 Bernardo,
1343 720 1464 768 atque
1492 718 1591 756 adeo
1620 732 1669 756 ex

65 770 156 820 ipso
177 770 370 810 Thoma‘?
427 771 546 810 Vnde
562 774 721 809 veteres
737 771 933 809 haeretici
945 772 1130 822 plerique
1146 771 1400 821 collegerunt
1415 772 1669 810 occasionem

66 825 247 863 erroris?
287 839 426 864 nonne
463 840 485 864 e
524 825 648 864 sacris
682 825 970 864 voluminibus
1008 839 1222 876 perperam
1261 825 1519 864 intellectis?
1576 825 1669 863 Non

65 879 238 918 verebor
267 880 505 918 vniuersam
536 893 757 930 prouocare
787 880 1068 928 Germaniam,
1101 883 1143 919 et
1174 880 1211 918 si
1240 880 1312 929 qui
1341 882 1439 918 sunt
1469 880 1568 918 alibi
1600 881 1670 930 qui

66 933 252 972 Luthero
273 935 427 982 fauent,
450 935 485 972 si
507 935 649 973 docere
669 935 830 984 possint
849 935 1080 973 Lutherum
1102 948 1186 973 vno
1204 935 1330 973 verbo
1349 948 1422 984 per
1441 947 1518 972 nos
1541 934 1669 973 fuisse

65 988 256 1026 adiutum
284 990 328 1027 in
358 989 553 1027 omnibus
580 989 700 1027 libris
730 1002 833 1038 quos
861 989 1064 1027 hactenus
1092 989 1259 1035 aedidit,
1284 989 1370 1027 imo
1397 989 1431 1026 si
1460 989 1668 1037 proferant

65 1042 260 1091 epistolas
281 1056 382 1093 quas
401 1043 469 1082 his
489 1043 539 1082 de
559 1043 682 1081 rebus
702 1043 849 1093 scripsi
869 1043 994 1081 etiam
1015 1046 1120 1092 tum,
1143 1057 1274 1093 quum
1293 1043 1429 1082 adhuc
1450 1055 1544 1091 spes
1563 1046 1669 1081 esset

65 1097 239 1135 Lutheri
276 1098 496 1147 ingenium
535 1100 575 1135 et
615 1098 823 1136 calamum
862 1099 1117 1136 seruiturum
1156 1098 1313 1147 gloriae
1351 1097 1517 1136 Christi.
1579 1098 1670 1136 Hae

66 1152 336 1190 declarabunt
365 1165 433 1190 me
462 1152 597 1190 modis
626 1152 821 1191 omnibus
850 1153 1052 1190 obnixum
1082 1152 1209 1191 fuisse
1240 1165 1294 1190 ne
1313 1154 1551 1190 nasceretur
1571 1152 1668 1190 haec

66 1206 288 1255 tragoedia.
349 1207 533 1245 Tametsi
552 1207 659 1245 mihi
678 1219 764 1244 non
787 1206 1039 1256 probabatur
1065 1207 1236 1245 omnino
1262 1207 1370 1257 quod
1396 1205 1667 1244 instituerant

64 1260 303 1308 aduersarii,
326 1269 367 1299 et
387 1261 520 1300 multa
540 1261 735 1299 videbam
756 1261 884 1310 recipi
905 1275 1008 1311 quae
1034 1261 1268 1311 praestabat
1289 1261 1456 1299 mutari.
1515 1261 1669 1298 Amici-

63 1314 168 1352 tiam
198 1328 303 1365 quae
332 1315 440 1354 mihi
468 1329 563 1354 cum
591 1315 805 1354 Aleandro
833 1316 918 1354 iam
948 1329 1032 1353 non
1059 1329 1166 1354 noua
1185 1316 1330 1362 fuerat,
1359 1315 1524 1363 linguae
1550 1329 1669 1353 vene-

64 1371 185 1407 natae
217 1383 323 1419 pene
354 1371 630 1409 diremerant:
675 1383 772 1408 nam
810 1370 860 1408 ad
896 1370 972 1408 has
1009 1372 1118 1408 artes
1152 1370 1370 1418 ingenium
1404 1382 1448 1407 ac
1484 1372 1668 1407 mentem

64 1423 234 1462 habent.
294 1423 415 1462 Nunc
437 1438 479 1463 re
500 1425 753 1474 deprehensa
773 1425 954 1462 mutauit
983 1424 1173 1462 animum
1192 1424 1428 1471 Aleander3
1459 1424 1529 1463 sed
1551 1437 1670 1462 voces

64 1477 212 1516 missas
250 1479 383 1528 magis
420 1481 535 1528 optat
580 1492 706 1529 quani
744 1481 879 1528 potest
918 1492 1123 1517 reuocare.
1195 1478 1390 1524 Proinde,
1432 1478 1669 1516 doctissime

65 1531 278 1579 Bombasi,
300 1534 336 1571 si
363 1533 402 1572 S.
426 1534 476 1572 D.
502 1533 553 1571 N.
585 1547 668 1572 non
698 1533 803 1571 desit
825 1533 1085 1571 innocentiae
1106 1546 1221 1571 meae
1241 1533 1440 1571 aduersus
1460 1533 1536 1571 hos
1557 1545 1670 1581 syco-

63 1586 242 1635 phantas
261 1588 660 1637 impudentissimos,
682 1601 756 1638 ego
776 1601 850 1637 pro
869 1587 983 1625 virili
1004 1601 1088 1626 non
1115 1587 1236 1625 deero
1267 1600 1402 1636 neque
1429 1586 1671 1637 synceritati

62 1641 277 1690 religionis
298 1642 558 1681 Christianae
576 1656 710 1692 neque
730 1643 861 1692 ipsius
881 1641 1089 1691 dignitati.

119 1696 270 1734 Adhuc
299 1709 449 1747 anceps
477 1697 607 1735 animi
634 1710 728 1735 sum
754 1711 805 1735 an
827 1696 1032 1734 Basileam
1059 1696 1140 1734 sim
1164 1696 1366 1734 aditurus.
1428 1695 1520 1733 Iam
1540 1707 1671 1733 annos

64 1752 176 1788 totos
204 1750 304 1789 illuc
334 1764 393 1799 eo,
423 1752 493 1790 sed
523 1764 686 1801 semper
714 1751 897 1790 exoritur
923 1751 1032 1801 quod
1057 1751 1124 1788 hic
1151 1763 1218 1788 me
1245 1752 1488 1787 remoretur.
1551 1749 1671 1787 Nunc

62 1803 184 1853 plane
217 1805 477 1844 decreueram
511 1806 591 1844 iter
624 1819 844 1856 capescere.
880 1807 926 1844 vt
956 1805 1140 1843 Basileae
1169 1804 1346 1854 peractis
1372 1817 1475 1853 quae
1504 1803 1669 1841 vellem.

63 1858 240 1897 Romam
283 1862 398 1898 totus
434 1861 768 1910 commigrarem,
807 1860 892 1898 illic
937 1860 1046 1909 quod
1086 1859 1293 1908 reliquum
1332 1862 1393 1896 est
1435 1859 1525 1896 aeui
1563 1858 1672 1895 inter

62 1913 368 1953 eruditissimos
388 1914 591 1962 homines,
617 1916 728 1953 inter
756 1914 1106 1964 locupletissimas
1136 1913 1411 1951 bibliothecas
1440 1915 1670 1950 transactu-

62 1980 143 2006 rus.
202 1968 376 2018 Iamque
396 1969 475 2007 iter
492 1969 656 2020 ingredi
684 1981 1053 2019 coeperam—nam
1074 1969 1173 2006 haec
1190 1967 1405 2005 rusticatio
1425 1967 1583 2005 aestiua
1602 1979 1670 2003 me

62 2020 245 2060 reddidit
276 2023 490 2073 aliquanto
523 2024 786 2069 firmi01·em;
830 2024 902 2062 sed
931 2022 1091 2061 bellum
1129 2025 1247 2060 atrox
1282 2022 1465 2071 vndique
1490 2020 1669 2070 gliscens

62 2075 197 2115 indies
218 2077 429 2117 deterruit.
488 2078 542 2116 Et
572 2081 711 2117 tamen
731 2079 866 2116 adhuc
887 2078 1012 2127 gestit
1033 2077 1210 2123 animus.
1234 2078 1275 2113 et
1296 2075 1483 2114 fortassis
1511 2075 1669 2112 audebo

62 2130 192 2169 iacere
225 2131 370 2180 aleam,
406 2133 648 2183 praesertim
679 2133 760 2171 huc
794 2134 968 2170 vocante
997 2131 1236 2169 Aleandro:
1275 2130 1392 2168 cuius
1423 2129 1596 2168 consilio
1627 2129 1670 2166 in

63 2185 186 2223 rebus
212 2187 405 2235 gerendis
433 2201 517 2226 non
541 2187 683 2226 minus
713 2187 852 2225 tribuo
882 2199 1007 2236 quam
1037 2185 1191 2223 iudicio
1218 2185 1263 2222 in
1290 2184 1434 2222 literis.
1493 2183 1670 2221 Interim

62 2238 197 2278 fruere
236 2242 321 2280 tuis
359 2242 519 2292 opibus,
558 2255 603 2281 ac
632 2254 698 2280 me
729 2241 912 2280 sodalem
942 2244 1119 2290 expecta,
1157 2240 1192 2277 si
1221 2239 1344 2276 modo
1384 2238 1591 2276 tumultus
1627 2237 1671 2274 hi

61 2294 300 2345 principum
342 2297 645 2347 conquiescant.
706 2296 755 2334 R.
790 2296 838 2334 D.
872 2295 990 2334 Cat-d.
1028 2293 1264 2344 Campegio‚
1297 2295 1335 2331 et
1370 2295 1442 2331 tuo
1482 2294 1670 2342 patrono,

108 2419 178 2448 174.
206 2410 239 2441 S.
256 2411 298 2442 D.
314 2411 355 2442 N.
375 2414 422 2442 F:
447 2412 515 2442 Leo
532 2411 691 2442 decimus
709 2413 750 2440 H.
877 2420 948 2448 179.
975 2417 1154 2448 capessere
1171 2410 1210 2438 N.
1337 2407 1408 2444 187.
1436 2406 1473 2435 hi
1497 2405 1563 2436 [ΝΣ
1580 2417 1587 2435 :
1615 2406 1671 2436 hio

60 2451 149 2483 HX3.
247 2455 316 2486 188.
344 2455 384 2486 R.
401 2456 440 2486 D.
457 2467 515 2487 om.
536 2457 577 2485 H.

63 2561 211 2593 Charles
239 2573 261 2592 v
286 2564 432 2603 <Hareni
458 2567 545 2603 opp„
573 2563 626 2594 ed.
658 2563 828 2603 Bocking.
902 2564 1036 2592 {sonibus
1053 2571 1104 2591 seu
1123 2561 1338 2590 additionibus
1350 2561 1669 2589 IohannisAndreae.

62 2615 94 2636 v,
122 2607 277 2645 350-62).
326 2608 361 2638 It
389 2609 420 2638 is
443 2607 648 2647 commonly
671 2607 832 2638 ascribed
902 2616 929 2636 s.
944 2605 967 2636 l.
987 2607 1020 2635 et
1039 2615 1069 2635 a.
1115 2603 1229 2634 There
1248 2605 1276 2633 is
1293 2612 1310 2633 a
1330 2613 1418 2642 copy
1437 2603 1473 2631 in
1501 2602 1560 2631 the
1578 2602 1671 2632 Bibl.

61 2652 97 2680 to
121 2650 247 2681 erotus
272 2651 477 2683 Rubianus:
500 2652 564 2682 but
593 2650 732 2691 Spiegel
757 2650 832 2681 told
902 2648 1091 2680 Nationale
1117 2650 1152 2677 at
1179 2647 1279 2677 Paris
1308 2646 1399 2684 (Res.
1427 2645 1468 2676 D.
1497 2646 1592 2684 5648.
1620 2655 1669 2685 9).

61 2692 245 2724 Aleander
262 2694 344 2726 that
362 2695 517 2735 Phrygio
534 2695 611 2735 (Ep.
632 2696 725 2733 1285.
750 2697 830 2732 15n⁴÷
903 2694 937 2724 It
970 2702 1120 2732 appears
1153 2693 1188 2721 to
1232 2690 1322 2720 have
1360 2689 1547 2720 emanated
1582 2690 1671 2719 from

60 2746 135 2768 was
160 2737 221 2767 the
246 2739 385 2770 author.
435 2738 499 2769 See
525 2738 736 2769 Aleander's
761 2739 831 2768 dis-
902 2735 1108 2770 Friesland;
1133 2734 1175 2765 cf.
1194 2744 1226 2773 p.
1247 2734 1322 2771 483.

61 2781 168 2820 patch
185 2781 258 2814 0f6
274 2782 355 2813 Feb.
380 2791 459 2821 1521
485 2782 615 2823 (Balan
633 2792 665 2821 p.
685 2792 741 2820 49.
759 2781 832 2811 and
950 2789 1020 2818 157.
1048 2776 1222 2817 hausisse]
1248 2777 1300 2808 Cf.
1318 2776 1379 2816 Ep.
1401 2786 1492 2815 1195.
1509 2776 1589 2806 6211.

61 2825 220 2864 Geiger’s·
272 2828 591 2863 Vz'ertezjahrsschrijf.
646 2827 653 2855 i
701 2825 828 2865 0886„
951 2824 1021 2862 165.
1045 2821 1229 2862 epistolas]
1250 2821 1301 2851 Cf.
1323 2821 1385 2860 Ep.
1409 2829 1500 2857 1041.
1522 2820 1600 2857 4611.

60 2869 178 2907 396—7.
949 2868 1018 2905 169.
1047 2863 1273 2904 Amicitiam]
1299 2863 1349 2894 Cf.
1378 2863 1440 2902 Ep.
1472 2872 1563 2901 1195.
1591 2873 1671 2902 50¹¹·

108 2921 178 2951 150.
203 2912 510 2954 Lamentationes]
588 2915 833 2943 Lcmzerzeate'‹s1m.9
949 2911 1019 2940 180.
1048 2907 1213 2947 Romam]
1239 2907 1291 2939 Cf.
1311 2907 1372 2946 Ep.
1394 2916 1485 2945 1143.
1507 2916 1581 2944 7911.

62 2956 152 2993 Petri,
175 2962 280 2988 autore
300 2960 403 2988 Estlra
426 2959 524 2987 scriba
547 2959 627 2988 olim.
648 2959 734 2986 modo
754 2958 832 2993 pub·
950 2954 1019 2983 182.
1047 2951 1249 2991 rusticatio]
1275 2951 1327 2982 Cf.
1350 2951 1411 2990 Ep.
1432 2950 1522 2979 1208.
1547 2960 1598 2979 111.

59 3000 115 3029 lico
153 3006 327 3032 sanctorum
363 3004 552 3038 ρνωιοΐανίο,
592 3010 660 3031 cum
701 3003 830 3029 ‹innota-
950 2998 1019 3036 183.
1048 2994 1198 3035 bellum]
1225 2995 1277 3026 Cf.
1297 2994 1356 3034 Ep.
1381 2994 1471 3024 1228.
1491 3002 1542 3031 52.

1692 515 1750 547 ¹55

1693 775 1752 809 160

1695 1330 1753 1363 ¹70

1695 1862 1754 1893 180

1694 2137 1752 2177 185
