1990 3353
283 113 307 150 6
316 113 364 150 10
749 111 1000 151 LETTERS
1041 110 1109 150 OF
1147 112 1415 152 ERASMUS

1761 112 1880 167 [1521

283 228 330 264 tu
369 225 651 264 Mediolanum
690 225 955 275 proficiscens
994 224 1240 264 Germaniae
1283 236 1375 261 meo
1420 224 1589 261 nomine
1627 224 1885 274 promiseras.

225 293 261 325 15
283 280 426 330 Neque
447 280 577 318 nescit
597 281 669 318 tua
689 280 892 318 celsitudo
913 292 1037 329 quam
1059 278 1132 316 illa
1151 278 1205 316 sit
1227 278 1414 327 improba
1433 277 1668 327 flagitatrix.
1729 279 1885 317 Eadem

283 334 408 383 igitur
428 347 548 383 opera
568 336 686 372 tuam
707 333 833 372 simul
854 336 895 372 et
923 347 1058 372 meam
1085 333 1211 371 fidem
1241 332 1414 370 liberare
1434 332 1588 370 studui.
1645 333 1886 372 Valetudini

284 389 535 437 congruebat
573 390 882 437 argumentum,
919 388 964 426 in
1002 401 1084 437 quo
1118 386 1185 425 vel
1218 387 1348 424 emori
1382 386 1499 435 pium
1533 386 1588 425 sit
1621 389 1663 426 et
1695 387 1882 436 optabile.

268 443 438 490 ¹Sumus
466 442 630 492 vtrique
660 442 703 480 in
734 442 900 492 negotio
930 442 1066 480 nescio
1097 454 1222 491 quam
1252 440 1391 486 simili,
1424 443 1532 479 certe
1561 441 1650 479 toti.
1711 442 1885 480 Vtinam

282 498 444 547 vtrique
473 496 663 535 succedat
691 497 800 547 quod
833 497 946 546 agit!
980 498 1075 541 imo,
1108 495 1270 533 vtinam
1300 495 1345 532 in
1375 494 1530 534 Christi
1559 495 1734 545 gloriam
1763 509 1887 546 aeque

222 568 263 590 20
282 552 398 590 cedat
429 551 536 601 quod
571 551 734 600 agimus
763 553 938 590 omnes!
996 550 1143 589 Nescio
1178 550 1285 598 quod
1324 549 1440 587 sidus
1477 549 1711 588 infaustum
1744 550 1888 600 quisue

283 605 430 654 genius
450 605 586 643 malus
607 606 684 644 hos
710 608 849 644 tantos
878 605 1086 644 tumultus
1114 604 1266 642 excitat
1286 604 1397 642 inter
1416 604 1622 642 mortales.
1682 604 1767 643 Nec
1787 605 1886 643 satis

284 663 345 698 cst
378 660 436 698 sic
467 660 589 698 bellis
622 659 838 698 intestinis
870 673 1005 709 regna,
1045 658 1245 705 ciuitates,
1279 671 1465 696 summos
1503 658 1612 697 orbis
1643 659 1889 697 monarchas

283 715 393 753 inter
413 727 454 752 se
475 714 626 761 collidi,
652 714 733 752 nisi
757 714 896 752 studia
921 714 1149 760 literarum,
1173 713 1257 750 nisi
1284 713 1426 762 religio
1450 712 1633 762 fidesque
1654 713 1890 752 Christiana

283 772 368 806 tam
402 769 644 819 periculosis
678 768 860 807 dissidiis
899 769 1229 807 concuterentur.
1290 767 1498 816 Equidem
1531 767 1566 804 si
1603 767 1734 806 tantis
1766 768 1889 806 malis

224 835 262 866 25
284 822 449 861 nullum
471 823 666 861 adhibere
686 823 918 861 remedium
949 822 1115 872 possim,
1141 824 1247 859 certe
1276 835 1342 859 me
1371 818 1473 860 duce
1497 823 1568 859 aut
1588 823 1728 859 autore
1750 821 1890 860 nullus

283 878 361 916 erit
383 878 589 916 factiosus.

338 932 469 970 Video
490 933 676 970 seculum
697 932 773 969 hoc
803 944 890 969 esse
921 931 1077 969 malum
1107 943 1151 968 ac
1182 930 1472 980 periculosum.

285 987 456 1036 quidam
479 989 550 1024 aut
577 986 676 1035 quid
706 986 908 1035 parturiat
937 985 1132 1030 mundus,
1157 985 1305 1023 nescio.

284 1054 369 1078 non
390 1041 578 1079 desinam
598 1040 736 1078 fauere
764 1039 917 1089 gloriae
939 1039 1107 1078 Christi.
1168 1038 1464 1077 Homunculus
1482 1051 1576 1076 sum
1597 1039 1795 1085 misellus,
1821 1039 1891 1089 qui

224 1109 265 1140 30
285 1096 425 1133 minus
446 1094 600 1144 possim
623 1107 750 1144 quam
777 1094 886 1132 nihil
906 1107 914 1140 3
945 1095 1084 1132 tamen
1105 1093 1314 1142 voluptati
1343 1095 1405 1130 est
1435 1093 1543 1131 mihi
1571 1093 1826 1131 reflorescere
1845 1106 1891 1131 ac

284 1149 399 1187 velut
420 1150 751 1197 ἀναζωπυροῦσθαι
770 1148 1002 1186 doctrinam
1022 1149 1332 1198 Euangelicam.
1389 1147 1522 1195 Quam
1546 1147 1714 1197 quidem
1734 1148 1784 1186 ad
1805 1161 1893 1186 rem

284 1203 448 1243 vtinam
470 1204 591 1242 liceat
611 1203 858 1241 tantundem
880 1203 1041 1240 adferre
1061 1202 1263 1240 momenti
1284 1204 1488 1252 quantum
1509 1202 1698 1250 cupimus
1716 1203 1724 1240 Ξ
1774 1202 1893 1240 Certe

285 1259 430 1296 sedulo
460 1258 648 1308 bonaque
678 1258 759 1296 fide
792 1270 1001 1296 conamur.
1071 1257 1154 1295 Hic
1193 1256 1360 1295 animus
1397 1255 1478 1294 sibi
1518 1256 1706 1294 conscius
1744 1259 1817 1304 est,
1851 1258 1893 1294 et

285 1315 433 1351 testem
453 1313 578 1351 habet
597 1313 823 1359 Christum,
849 1313 957 1360 quod
983 1324 1058 1349 nec
1086 1324 1183 1361 opes
1207 1311 1350 1359 ambit,
1376 1323 1551 1359 quarum
1579 1323 1794 1360 nunquam
1814 1310 1894 1350 fuit

224 1379 264 1411 35
285 1367 459 1414 auidus;
489 1380 564 1405 nec
595 1368 781 1412 honores,
807 1379 830 1404 a
860 1365 1010 1416 quibus
1039 1379 1201 1415 semper
1229 1365 1476 1412 abhorruit;
1506 1365 1739 1413 voluptates
1759 1365 1892 1403 multo

285 1422 440 1470 minus,
465 1435 568 1471 quae
598 1435 673 1459 nec
699 1423 876 1459 aetatem
907 1420 1011 1458 hanc
1041 1419 1222 1466 deceant,
1246 1420 1281 1458 si
1308 1420 1435 1458 libeat
1461 1419 1555 1467 frui,
1581 1422 1621 1457 et
1651 1419 1769 1457 breui
1788 1419 1894 1457 mihi

285 1476 414 1515 sciam
438 1489 526 1515 esse
555 1475 856 1526 relinquendas.
918 1474 1031 1512 Illud
1061 1474 1169 1512 mihi
1199 1474 1337 1522 potius
1361 1473 1497 1512 studio
1518 1476 1590 1519 est,
1613 1476 1893 1512 commeatum

286 1530 466 1580 aliquem
487 1543 654 1579 parare;
685 1544 766 1580 quo
793 1530 1022 1567 instructus
1052 1529 1149 1567 hinc
1176 1529 1351 1566 feliciter
1369 1528 1568 1577 emigrem
1591 1528 1639 1566 ad
1662 1528 1889 1575 Christum,

288 1586 353 1622 cui
385 1587 524 1623 nostra
555 1584 757 1622 desudant
797 1583 943 1622 studia.
1006 1583 1176 1622 Vtinam
1216 1584 1369 1633 parit-er
1407 1583 1594 1620 succedat
1625 1582 1691 1620 hic
1721 1584 1892 1620 conatus

224 1654 267 1684 40
288 1642 429 1678 noster
449 1653 493 1677 ac
514 1639 710 1677 successit
729 1639 774 1676 in
795 1638 996 1687 Epistolis
1015 1638 1268 1687 Apostolicis
1285 1639 1293 1676 1
1337 1634 1429 1675 Iam
1449 1638 1564 1674 enim
1584 1636 1738 1686 passim
1759 1639 1894 1675 terun-

288 1696 356 1732 tur
385 1693 580 1732 manibus
609 1693 736 1731 etiam
765 1693 975 1731 laicorum.
1034 1693 1171 1742 Atque
1201 1691 1363 1730 vtinam
1398 1704 1470 1740 per
1499 1691 1599 1729 istas
1630 1691 1894 1740 negociorum

285 1748 484 1798 procellas
514 1747 785 1797 amplitudini
815 1750 908 1785 tuae
942 1747 1063 1785 liceat
1095 1747 1171 1784 hoc
1201 1759 1317 1796 agere
1350 1745 1459 1795 quod
1488 1745 1626 1784 solum
1658 1748 1746 1784 erat
1776 1758 1893 1794 agen-

286 1802 414 1841 dum!
474 1802 527 1840 Et
559 1803 708 1849 tamen,
748 1805 952 1851 quantum
991 1801 1100 1847 licet,
1134 1801 1218 1839 scio
1256 1803 1296 1839 te
1335 1801 1472 1838 fauere
1511 1800 1680 1850 negocio
1711 1799 1893 1847 Christi;

286 1857 460 1906 proinde
482 1870 565 1894 non
587 1856 732 1894 dubito
755 1856 855 1905 quin
876 1856 1016 1894 faueas
1037 1857 1077 1893 et
1097 1855 1282 1893 Erasmo.

225 1925 265 1955 45
340 1911 455 1960 Opus
484 1911 714 1948 dicauimus
743 1910 900 1960 optimo
920 1909 1111 1959 Principi
1138 1909 1292 1957 Carolo,
1325 1909 1476 1958 partim
1508 1908 1616 1958 quod
1647 1907 1889 1946 diuinarem.

286 1967 330 2003 vt
344 1968 406 2003 est
426 1966 577 2014 pietate
598 1964 808 2013 singulari,
833 1965 909 2002 hoc
930 1964 1044 2002 illius
1065 1964 1277 2002 maiestati
1296 1963 1383 2001 fore
1404 1964 1686 2012 gratissimum
1705 1977 1713 2009 ;
1743 1963 1893 2012 partim

286 2023 330 2057 vt
351 2022 438 2058 tam
459 2020 677 2058 fauorabili
703 2019 826 2057 titulo
849 2018 1036 2068 plurium
1065 2019 1218 2057 animis
1247 2018 1618 2056 commendaretur.
1679 2017 1738 2055 De
1759 2017 1894 2055 Leone

288 2076 430 2112 nostro
457 2077 626 2122 coeptus
654 2076 717 2111 est
746 2073 812 2111 hic
841 2073 977 2122 spargi
1005 2086 1162 2120 rumor,
1183 2086 1305 2122 quem
1336 2085 1583 2121 magnopere
1613 2071 1778 2121 cupiam
1808 2084 1895 2110 esse

288 2141 456 2167 vanum.
519 2127 634 2166 Nihil
665 2128 783 2165 illius
810 2128 980 2177 ingenio
1010 2127 1165 2174 mitius,
1194 2127 1311 2165 vnice
1338 2126 1504 2164 fauebat
1535 2126 1719 2164 honestis
1747 2125 1890 2164 literis.

228 2196 269 2227 50
290 2182 341 2220 In
371 2196 436 2221 me
466 2182 662 2232 peculiari
690 2182 869 2232 quodam
899 2182 1029 2220 animi
1058 2182 1199 2220 fauore
1228 2194 1456 2230 propensus
1477 2182 1584 2226 erat;
1616 2180 1684 2218 sed
1707 2179 1895 2218 mortalis

288 2239 383 2275 erat.
445 2236 490 2275 Si
518 2237 658 2275 visum
689 2238 753 2274 est
783 2236 870 2274 Deo
903 2239 1109 2286 pastorem
1143 2249 1266 2274 suum
1301 2236 1351 2273 ad
1384 2235 1623 2273 solidiorem
1658 2233 1895 2272 felicitatem

290 2304 469 2338 euocare,
505 2304 646 2340 precor
680 2294 726 2329 vt
758 2290 878 2328 nobis
917 2290 1130 2339 contingat
1161 2290 1311 2339 aliquis
1344 2290 1407 2327 tui
1443 2288 1694 2326 similimus:
1736 2288 1772 2327 si
1803 2288 1894 2338 quis

289 2348 430 2383 tamen
451 2347 512 2383 tui
533 2345 713 2383 similior
732 2358 819 2383 esse
839 2346 974 2394 potest
996 2358 1118 2393 quam
1144 2357 1185 2381 es
1211 2344 1297 2392 ipse
1317 2344 1390 2382 tui.
1453 2343 1498 2380 R.
1524 2343 1571 2380 D.
1594 2342 1637 2381 Τ.
1661 2343 1733 2381 diu
1753 2342 1894 2380 floren-

291 2402 375 2438 tem
395 2403 436 2437 et
459 2400 710 2437 incolumem
731 2402 867 2437 seruet
889 2399 1095 2437 Dominus
1116 2399 1245 2436 Iesus.

229 2462 268 2493 55
344 2454 530 2492 Basileae
550 2454 719 2502 posti-id.
745 2453 805 2492 Id.
831 2453 1023 2491 Decemb.
1045 2454 1128 2491 An.
1153 2465 1333 2490 M-D.XXI.

1536 929 1642 978 Quid
1665 929 1892 969 moliantur

1365 984 1464 1034 Ego,
1488 984 1595 1034 quod
1617 997 1781 1034 semper
1800 985 1888 1026 feci,

337 2561 385 2588 14.
412 2553 451 2581 tu
469 2553 515 2584 βε
541 2553 619 2581 tum
636 2562 664 2581 α.
824 2560 876 2589 55.
904 2550 956 2581 Id.
978 2560 1021 2580 a:
1046 2549 1139 2580 Idib.
1161 2560 1195 2580 ε;
1223 2548 1310 2579 Idus
1328 2546 1354 2587 ζ.

292 2604 433 2625 M.D.xxx
449 2606 509 2634 ’γει
536 2603 661 2624 :maxx
679 2594 742 2624 αδε
766 2603 860 2624 M.D.1
877 2595 910 2627 β.

1535 2546 1613 2587 aff:
1639 2547 1823 2578 Decembr.
1844 2556 1896 2585 γε.

338 2726 386 2754 14.
416 2715 678 2755 Mediolanum]
693 2715 873 2745 Schiuner
882 2715 987 2752 spent
999 2713 1061 2743 the

293 2761 399 2790 latter
425 2760 505 2790 half
529 2761 566 2789 of
588 2760 682 2789 June
710 2759 750 2788 in
779 2757 966 2795 Brussels;
990 2756 1061 2787 and

293 2806 346 2834 set
374 2806 435 2833 out
463 2812 509 2833 on
538 2803 596 2833 his
630 2802 785 2841 journey
813 2805 850 2832 to
882 2802 1062 2840 negotiate

293 2847 382 2877 with
400 2847 461 2877 the
479 2846 586 2877 Swiss
603 2849 638 2876 to
656 2845 776 2875 attack
793 2845 854 2875 the
873 2844 1009 2875 French
1025 2844 1062 2873 iu

295 2891 418 2929 Milan,
438 2900 483 2920 on
512 2900 554 2928 3ο
578 2890 672 2919 June
701 2889 860 2929 (Brewer
884 2888 935 2919 iii.
967 2898 1058 2927 1357,

300 2935 419 2973 1388):
445 2943 481 2963 so
506 2934 586 2963 that
612 2933 673 2963 the
699 2932 781 2962 date
806 2933 844 2962 of
867 2931 925 2961 his·
948 2932 1061 2962 inter-

296 2979 385 3008 view
412 2977 501 3007 with
529 2977 698 3007 Erasmus·
730 2985 795 3006 can
827 2976 868 3005 be
900 2975 1064 3014 approxi-

297 3020 541 3060 matelyfixed.
569 3021 632 3050 Sec
644 3020 716 3050 also
729 3019 790 3058 Ep.
802 3028 892 3057 1255.
905 3028 955 3056 24⁷
968 3029 1000 3057 9,
1011 3019 1060 3056 76.

1132 2713 1198 2743 For
1214 2713 1272 2743 his
1288 2713 1417 2744 earlier
1440 2713 1650 2753 persuasion
1674 2713 1712 2742 of
1732 2711 1898 2742 Erasmus

1130 2759 1167 2786 to
1203 2757 1378 2796 complete
1408 2756 1471 2787 the
1503 2756 1738 2795 paraphrases
1769 2755 1807 2786 of
1836 2755 1898 2786 the

1132 2800 1289 2840 Epistles
1305 2800 1347 2830 cf.
1368 2800 1430 2839 Ep.
1454 2809 1547 2838 1171.
1565 2809 1642 2838 47n.

1178 2853 1225 2882 15.
1251 2843 1462 2884 flagitati-ix]
1503 2845 1556 2874 for
1584 2842 1827 2883 publication:
1852 2842 1894 2872 cf.

1131 2887 1220 2926 Epp.
1237 2888 1330 2919 1186.
1343 2897 1421 2925 2211,
1440 2896 1533 2925 1255.
1547 2887 1641 2917 80—1.
1672 2887 1793 2917 Anew
1806 2885 1897 2916 form

1133 2931 1172 2961 of
1183 2931 1380 2970 apologetic
1408 2931 1635 2961 disclaimer:
1659 2929 1702 2961 cf.
1729 2930 1816 2969 Epp.
1842 2938 1894 2968 3ο.

1138 2975 1212 3011 1611,
1234 2984 1326 3014 1175.
1344 2984 1423 3014 5511.

1177 3028 1228 3057 47.
1257 3018 1388 3058 Leone]
1415 3021 1435 3052 -Γ
1453 3028 1464 3048 1
1486 3017 1567 3048 Dec.
1590 3026 1683 3055 1521.
