1990 3353
317 110 397 149 482
793 110 1044 150 LETTERS
1083 111 1152 150 OF·
1190 111 1457 151 ERASMUS
1793 110 1914 165 [1521

317 223 505 260 animum
541 221 650 270 quod
686 221 924 259 Gratiarum
959 221 1093 259 soluat
1127 222 1296 260 nodum.
1356 223 1525 260 Gaudeo
1563 224 1604 260 te
1637 236 1801 262 mecum
1835 236 1919 262 non

318 276 490 325 probare
520 275 621 313 istos
651 275 722 325 qui
751 277 837 313 tam
867 275 1029 313 stolidis
1058 275 1289 314 rationibus
1318 276 1568 326 impugnant
1598 277 1847 324 Lutherum,
1873 280 1920 316 vt

317 332 358 368 et
398 343 542 367 causae
581 331 755 368 noceant
794 342 890 367 suae
930 331 970 367 et
1010 343 1053 367 se
1096 331 1341 378 traducant3
1389 333 1430 368 et
1470 330 1687 370 Pontificis
1725 332 1920 381 dignitati

318 385 498 433 pessime
528 384 756 428 consulant,
780 386 820 420 et
843 383 999 421 multos
1022 384 1187 422 laedant
1208 384 1404 422 innoxios
1430 388 1481 430 et,
1505 386 1614 435 quod
1643 389 1703 423 est
1731 387 1920 424 omnium

261 451 299 483 15
318 438 624 487 grauissimum,
660 438 976 476 multitudinem
1011 438 1059 475 ad
1097 438 1347 476 seditionem
1386 442 1625 488 prouocent.
1686 440 1793 478 Tum
1825 453 1922 478 vero

318 493 451 541 magis
479 492 758 530 subscriberes
788 505 902 530 meae
931 493 1173 539 sententiae,
1199 493 1235 531 si
1263 495 1468 542 spectares
1499 494 1641 541 oculis,
1673 495 1707 532 si
1737 495 1922 533 haurires

317 547 498 593 auribus,
522 560 624 596 quae
644 547 715 584 isti
735 547 984 585 stultissime
1004 547 1188 596 quotidie
1208 547 1437 596 designant.

375 601 592 638 Orationes
621 603 713 639 tuas
743 601 1010 650 cupidissime
1040 602 1200 650 legam3
1232 602 1282 639 de
1310 602 1461 651 quibus
1490 603 1573 640 iam
1604 603 1792 641 Cutberti
1819 603 1922 641 Ton-

319 655 433 693 stalli
459 656 760 704 praeiudicium
785 655 927 694 habeo.
987 656 1072 693 Nec
1099 655 1243 693 dubito
1264 657 1366 705 quin
1393 656 1437 693 in
1466 670 1512 695 ea
1536 657 1791 705 praestiteris
1811 657 1922 706 quod

261 729 303 750 20
320 710 365 748 in
393 710 487 748 aliis
516 711 600 748 tuis
629 710 990 748 lucubrationibus
1023 710 1141 756 soles,
1174 711 1376 748 nimirum
1409 711 1691 749 eruditionem
1726 712 1923 750 eximiam

320 765 409 813 pari
429 778 523 802 cum
544 764 764 814 prudentia
784 765 1061 802 coniunctam.

375 819 438 857 Ex
459 820 686 857 amicorum
706 819 839 856 literis
857 818 1048 868 intelligo
1068 832 1163 856 eum
1185 819 1257 867 qui
1285 832 1351 857 me
1377 819 1463 857 suis
1493 819 1626 858 literis
1652 820 1925 858 admonuerat

319 873 564 923 suspitionis
582 873 706 911 isthic
726 874 902 921 obortae,
925 873 1019 922 plus
1038 874 1139 911 satis
1160 874 1210 911 de
1230 887 1297 910 me
1317 873 1526 911 solicitum
1547 874 1686 913 fuisse.
1729 874 1925 913 scribunt

320 927 433 965 enim
464 927 571 965 nihil
596 927 721 965 fuisse
747 928 941 965 sinistrae
967 927 1227 976 suspitionis,
1252 927 1335 966 nisi
1364 928 1414 965 de
1443 928 1630 966 oratione
1649 929 1839 978 quadam,
1861 929 1927 967 cui

263 996 301 1029 25
320 982 365 1020 in
385 982 647 1031 frontispicio
667 981 872 1030 praefixus
893 982 954 1019 est
975 981 1136 1029 titulus,
1159 982 1333 1031 Didymi
1353 982 1589 1021 Fauentini.
1631 983 1727 1021 Stili
1747 983 1926 1022 nitorem

321 1050 366 1074 ac
387 1036 492 1075 sales
513 1037 645 1074 obiter
663 1036 874 1084 inspersos
894 1036 938 1074 in
972 1049 1094 1074 causa
1124 1036 1248 1074 fuisse
1268 1038 1313 1074 vt
1335 1037 1505 1086 quidam
1529 1050 1620 1075 eam
1648 1037 1754 1075 mihi
1777 1050 1926 1076 assere-

321 1092 427 1137 rent,
452 1090 523 1129 sed
543 1091 627 1128 leui
647 1091 849 1128 duntaxat
870 1090 1112 1140 suspitione.
1170 1091 1232 1128 Ea
1255 1093 1347 1139 post
1373 1092 1423 1128 ad
1448 1105 1515 1128 me
1540 1092 1669 1130 missa
1690 1093 1764 1130 est.
1822 1092 1927 1129 Ilico

321 1145 394 1182 risi
413 1145 687 1195 suspitionem
707 1145 941 1193 hominum,
963 1158 1059 1182 cum
1080 1146 1224 1183 eadem
1249 1147 1293 1183 in
1320 1145 1428 1183 calce
1457 1146 1604 1194 prodat
1631 1148 1673 1183 et
1699 1159 1928 1195 cognomen

323 1212 469 1237 verum
499 1199 667 1247 autoris,
692 1200 762 1237 sed
794 1200 957 1237 Graece.
1019 1199 1135 1246 Quod
1165 1200 1290 1237 etiam
1320 1199 1355 1238 si
1385 1213 1471 1238 non
1491 1200 1638 1238 fuisset
1664 1201 1926 1250 asscriptum,

264 1266 306 1296 30
322 1256 465 1291 tamen
486 1267 552 1291 me
573 1267 831 1303 nequaquam
852 1254 1067 1291 fefellisset
1087 1256 1216 1292 autor.

379 1307 558 1356 Quidam
585 1308 831 1346 submonuit
852 1308 1087 1346 Consilium
1108 1308 1315 1357 quoddam
1336 1309 1468 1347 exisse
1489 1308 1686 1347 Coloniae
1713 1310 1928 1347 cuiusdam

324 1363 396 1412 qui
433 1363 590 1412 putarit
623 1376 710 1400 rem
750 1363 808 1401 sic
846 1376 933 1401 esse
973 1363 1315 1411 componendam,
1348 1366 1394 1401 vt
1433 1366 1473 1401 et
1513 1363 1709 1401 Pontifex
1750 1363 1928 1401 auferret

323 1417 491 1455 laudem
513 1418 755 1456 clementiae
786 1420 827 1455 et
854 1418 1064 1455 Lutherus
1091 1417 1375 1456 obedientiae:
1406 1431 1481 1456 nec
1501 1417 1681 1456 defuisse
1703 1418 1774 1467 qui
1800 1418 1929 1466 suspi-

325 1474 516 1509 carentur
535 1472 613 1509 hoc
633 1485 656 1510 a
677 1485 744 1509 nie
770 1472 1014 1521 profectum.
1074 1472 1175 1510 Erat
1195 1473 1364 1521 quidem
1391 1472 1504 1510 istud
1531 1472 1765 1510 exhibitum
1792 1472 1924 1518 nobis,

266 1539 304 1571 35
325 1538 421 1563 cum
441 1528 581 1575 ageret
601 1526 748 1564 Caesar
769 1526 974 1574 Coloniae,
998 1526 1068 1564 sed
1090 1539 1217 1564 manu
1237 1527 1500 1575 descriptum,
1526 1539 1600 1564 nec
1626 1526 1760 1564 adhuc
1781 1526 1930 1564 aeditis

324 1580 442 1618 libris
458 1580 530 1629 qui
550 1580 824 1629 plurimorum
846 1581 1007 1618 animos
1027 1593 1050 1618 a
1063 1581 1245 1618 Luthero
1265 1580 1504 1619 alienarunt
1521 1595 1529 1618 :
1559 1581 1769 1619 ferebatur
1788 1583 1928 1619 autem

325 1647 413 1672 esse
452 1636 666 1672 cuiusdam
705 1648 753 1672 ex
792 1635 934 1672 ordine
973 1635 1311 1672 Dominicalium.
1375 1636 1440 1681 Et,
1477 1638 1524 1673 vt
1561 1636 1743 1684 ingenue
1781 1636 1928 1679 dicam,

327 1689 433 1726 mihi
453 1693 544 1726 tum
567 1703 650 1726 non
672 1689 893 1738 displicuit.
938 1689 1054 1736 Quod
1077 1690 1112 1726 si
1131 1689 1387 1738 principibus
1407 1689 1694 1739 magis‘placet
1712 1690 1932 1727 seueritate

327 1756 415 1780 rem
452 1744 659 1791 conficere,
692 1757 832 1792 precor
862 1746 907 1781 vt
940 1744 1017 1781 hoc
1052 1743 1212 1780 felicius
1247 1745 1301 1782 sit
1332 1744 1441 1793 quod
1473 1743 1559 1781 illis
1588 1743 1722 1792 magis
1753 1743 1928 1781 arridet:

265 1813 308 1844 40
326 1798 500 1844 felicius,
528 1798 713 1846 inquam,
738 1798 797 1835 rei
818 1798 1089 1843 Christianae,
1119 1810 1205 1835 non
1229 1798 1451 1836 hominum
1472 1798 1736 1847 quorundam
1764 1798 1932 1836 rationi-

328 1852 416 1898 bus,
448 1852 597 1901 quibus
629 1866 674 1890 ea
707 1852 820 1890 cordi
849 1855 949 1890 sunt
978 1865 1082 1901 quae
1111 1855 1211 1890 sunt
1240 1852 1366 1890 huius
1396 1852 1555 1890 mundi.
1614 1852 1727 1899 Vale,
1760 1855 1933 1901 patrone

328 1907 673 1955 incomparabilis.
733 1907 1029 1955 Antuuerpiae.
1054 1919 1159 1945 xvn.
1185 1906 1270 1944 Cal.
1294 1907 1435 1944 Maias.
1497 1918 1608 1944 ANNO
1628 1919 1806 1944 M.D.XX1.

727 2134 851 2175 1200.
912 2133 975 2174 To
1005 2132 1227 2174 WILLIAM
1261 2131 1532 2173 FREDEmCI.

378 2243 572 2289 Epistolae
592 2243 638 2278 ad
657 2242 822 2278 diuersos
839 2254 874 2287 p.
894 2243 975 2285 614.
1650 2239 1827 2275 Louvain.

378 2308 471 2342 HN:
501 2307 616 2342 Lond.
635 2306 706 2341 xvi.
728 2307 794 2341 18:
822 2305 893 2341 LB.
913 2314 990 2350 571.
1595 2314 1642 2348 30
1659 2303 1765 2349 April
1786 2312 1888 2349 1521.

378 2401 411 2441 [1
427 2401 558 2431 cannot
574 2397 762 2437 definitely
778 2396 927 2427 confirm
944 2396 1006 2425 the
1023 2395 1205 2434 year-date
1223 2407 1230 2433 ;
1254 2395 1318 2425 but
1336 2395 1425 2426 from
1443 2395 1505 2426 the
1519 2396 1672 2434 position
1691 2394 1728 2425 of
1740 2395 1813 2426 this
1829 2396 1936 2426 letter

333 2454 419 2475 near
442 2444 505 2474 the
528 2443 599 2473 end
623 2442 661 2472 of
679 2441 716 2480 F,
746 2450 827 2480 1521
858 2441 888 2470 is
910 2439 1032 2478 likely.
1082 2439 1119 2469 If
1143 2439 1173 2469 it
1201 2439 1273 2469 had
1299 2440 1387 2470 been
1412 2441 1559 2470 written
1584 2440 1622 2469 in
1649 2449 1742 2478 1519,
1759 2440 1788 2469 it
1813 2438 1934 2470 would

1006 2558 1057 2588 33.
1082 2550 1117 2579 et
1132 2551 1206 2578 add.
1224 2551 1264 2579 N.

381 2647 428 2666 11.
457 2636 662 2666 Gratiarum
681 2658 689 2666 .
708 2658 715 2665 .
738 2633 914 2674 modum]
931 2633 1094 2670 Cf.Adaq.
1168 2632 1270 2667 thon,
1302 2631 1392 2661 with
1422 2631 1480 2661 his
1512 2640 1618 2661 name
1643 2633 1679 2660 at
1707 2629 1769 2660 the
1796 2630 1867 2661 end
1896 2631 1933 2661 in

338 2681 432 2718 1650.
450 2680 591 2717 ‘poetae
610 2682 682 2709 tres
704 2678 845 2717 fingunt
865 2702 871 2708 .
889 2702 895 2707 .
913 2700 920 2707 .
943 2676 1096 2711 Gratius,
1168 2675 1306 2705 Greek:
1329 2684 1385 2704 see
1403 2674 1465 2713 Ep.
1487 2675 1579 2713 1167.
1599 2674 1698 2712 40811.

335 2723 574 2754 humanitatis
616 2724 651 2752 et
692 2721 962 2751 beneuolentiae
1002 2729 1099 2759 prac-
1211 2729 1264 2757 31.
1290 2718 1508 2757 Consilium]
1528 2718 1592 2748 See
1611 2718 1675 2756 Ep.
1698 2727 1782 2755 1149
1799 2716 1930 2747 introd.

335 2766 473 2804 sides¹;
497 2765 568 2796 and
595 2766 665 2796 Cic.
688 2768 789 2795 Amic.
813 2775 861 2803 14.
880 2773 930 2803 51,
951 2766 958 2779 ‘
973 2764 1104 2794 amabi·
1217 2772 1269 2800 33.
1297 2761 1528 2802 clementiae]
1552 2761 1604 2793 Cf.
1622 2761 1709 2800 Epp.
1733 2762 1824 2800 1183.
1835 2762 1932 2799 65-7.

336 2811 516 2841 lissinium
534 2809 667 2838 nodum
686 2809 867 2838 amicitiae
884 2807 1009 2838 tollere
1022 2808 1041 2837 ³.
1178 2816 1271 2844 1203.
1292 2815 1389 2843 22—3.

384 2855 433 2884 18.
457 2852 631 2883 Tonstalli
645 2850 922 2892 praeiudicium]
939 2850 1071 2882 Ofthis
1086 2851 1104 2881 1
1217 2858 1269 2888 35.
1298 2848 1482 2889 Coloniae]
1503 2849 1566 2879 See
1583 2858 1640 2888 pp.
1658 2857 1777 2887 370-1.

335 2907 401 2929 can
418 2896 494 2927 find
512 2906 557 2926 no
573 2896 676 2925 other
691 2896 796 2926 trace.
1216 2894 1268 2930 36.
1298 2892 1418 2933 libris]
1437 2892 1500 2923 See
1518 2892 1580 2931 Ep.
1603 2901 1698 2929 1203.
1716 2900 1795 2929 2511.

381 2951 432 2971 22.
459 2939 557 2979 euni]
584 2939 731 2977 Capit03
756 2940 797 2968 cs.
819 2939 879 2977 Ep.
903 2946 994 2976 1195.
1017 2947 1070 2967 111.
1215 2945 1267 2974 37.
1296 2935 1592 2975 Dominicalium]
1631 2935 1725 2965 John
1758 2934 1872 2964 Faber
1903 2933 1941 2964 of

381 2994 432 3022 24.
460 2982 634 3022 oratione]
660 2982 736 3012 ME.
765 2991 834 3021 103,
857 2982 901 3020 by
920 2980 1100 3012 Melanch·
1171 2979 1380 3018 Augsburg:
1406 2990 1461 3009 see
1478 2979 1541 3018 Ep.
1563 2988 1645 3017 1149
1663 2978 1794 3008 introd.
