1990 3353
108 140 230 194 1121]

579 141 734 179 FROM
773 139 993 179 ULRICH

1034 140 1239 180 ZASIUS
1634 142 1711 179 301

104 249 224 289 might
254 249 345 280 have
377 250 466 280 been
495 249 666 290 expected
688 249 729 280 in
752 249 782 279 it
806 251 843 279 to
868 249 930 279 the
954 249 1155 288 important
1181 248 1345 279 business
1369 247 1471 279 there
1494 248 1570 279 laid
1595 248 1712 280 before

103 293 284 324 Erasmus.
333 293 407 324 The
430 292 633 333 subject—a
657 292 802 332 dispute
824 291 947 323 which
972 301 1055 331 may
1069 291 1154 322 well
1178 292 1270 322 have
1293 291 1409 322 lasted
1432 292 1590 331 through
1614 302 1713 324 more

103 337 194 368 than
213 346 280 367 one
296 339 622 376 generation—was
638 336 792 376 perhaps
808 335 960 366 omitted
977 336 1017 366 in
1034 336 1210 375 printing,
1225 335 1280 366 for
1295 344 1438 366 reasons
1451 334 1491 366 of
1501 335 1711 377 prudence.]

624 433 781 464 ZASIVS
815 434 996 464 ERASMO
1028 433 1063 464 S.
1086 434 1124 464 P.
1148 433 1190 464 D.

158 519 269 568 va
290 532 442 568 censes,
467 532 617 570 magne
636 519 808 558 Erasme
822 521 842 558 ‘3

897 519 1121 558 Eduardus
1142 519 1251 558 Leus
1270 533 1411 558 nonne
1430 523 1609 559 mortem
1633 520 1714 559 sibi

102 573 168 611 vel
204 574 370 612 ciuilem
405 573 655 612 consciuisse
689 573 869 621 videtur,
900 574 973 624 qui
1004 574 1093 612 suis
1126 573 1219 612 istis
1247 575 1370 613 vanis
1398 575 1444 612 in
1472 577 1513 613 te
1542 575 1714 614 insecta-

102 627 287 667 tionibus
307 628 439 667 bonae
458 628 778 666 existimationis
796 628 954 666 famam
974 628 1167 667 enecuit?
1187 642 1283 667 cum
1298 628 1425 667 Pauli
1439 629 1713 668 iureconsulti

102 696 264 732 quoque
284 682 491 721 sententia
514 682 646 720 maior
669 682 725 720 sit
751 683 887 721 famae
915 695 1041 732 quam
1065 682 1174 721 vitae
1203 683 1409 722 interitus.

1470 684 1607 722 Deum
1638 685 1714 722 im-

101 737 332 783 mortalem,
349 751 475 786 quam
491 737 630 786 dispar
644 739 707 774 est
719 737 939 775 hominum
955 737 1139 775 conditio
1155 739 1164 776 ζ
1199 738 1262 775 Tu
1275 738 1455 776 salutem
1468 739 1712 777 mortalium
1734 755 1751 788 5

101 790 384 829 saluberrimis
404 791 487 830 tuis
507 791 708 830 doctrinis
733 792 928 830 adiuuare
954 791 1115 841 pergis:
1145 791 1367 830 Eduardus
1396 794 1537 831 contra
1564 793 1624 832 ita
1652 793 1712 831 in-

103 846 338 884 commodat
358 859 404 884 ac
424 846 462 884 si
482 845 696 884 communi
715 846 839 884 saluti
860 845 1078 884 inuideret.
1125 846 1248 885 Caius
1264 845 1452 897 Caligula
1467 847 1568 885 olim
1584 861 1711 885 vnam

101 899 256 949 populo
288 900 477 939 Romano
511 900 713 938 ceruicem
746 900 926 950 optabat,
959 902 1006 939 vt
1036 900 1224 950 iugulare
1256 913 1345 939 rem
1381 901 1614 940 Romanam
1646 903 1713 941 vel

101 956 318 993 momento
350 957 498 1004 posset.

101 1008 325 1059 suggillare
357 1010 502 1058 pergit.

572 954 680 1002 Quid
713 954 904 993 absimile
937 955 1048 993 Leus
1077 954 1282 994 molitur?

562 1009 639 1048 Cui
672 1009 801 1059 igitur
831 1009 899 1047 alii
929 1022 1054 1059 quam
1084 1009 1343 1048 Christianae
1373 1010 1470 1048 fidei
1498 1011 1713 1061 plebisque
1737 1027 1776 1050 10

1348 955 1573 994 Erasmum
1605 957 1714 995 Leus

101 1063 319 1102 Christum
347 1065 554 1114 professae
576 1063 693 1102 velut
713 1063 864 1102 ceruici
889 1064 1094 1111 imminet,
1120 1064 1213 1114 (et)
1236 1064 1499 1103 literatorum
1521 1066 1712 1104 omnium

102 1118 172 1167 qui
199 1131 249 1156 ex
279 1119 320 1155 te
349 1119 589 1167 pendemus,
614 1118 806 1168 iugulum
830 1120 934 1168 petit
949 1120 969 1157 ⁴?
1025 1119 1158 1157 Verae
1182 1132 1459 1169 synceraeque
1478 1119 1713 1170 theologiae

100 1185 280 1221 germen,
318 1186 391 1222 per
427 1175 468 1210 te
501 1172 667 1211 meliori
700 1172 865 1211 cultura
897 1174 1167 1222 pastinatum,
1204 1173 1393 1211 nondum
1431 1173 1540 1212 iusta
1579 1175 1713 1213 radice

101 1226 311 1273 inualuit3
355 1229 395 1264 et
428 1229 680 1266 crescentem
714 1228 799 1266 iam
832 1227 1038 1266 foeturam
1070 1228 1289 1266 Eduardus
1318 1228 1548 1278 praecidere
1576 1243 1713 1279 aggre-

100 1281 247 1319 ditur‘?

156 1336 234 1373 Sed
266 1336 325 1374 dii
354 1336 535 1374 meliora.

596 1335 786 1386 Insurgit
816 1338 958 1374 contra
987 1336 1176 1386 publicae
1201 1336 1396 1375 vtilitatis
1426 1337 1711 1376 infestatorem

100 1392 213 1428 totus
234 1390 426 1429 literatus
445 1391 570 1438 ordo3
600 1391 789 1440 populari
815 1391 975 1429 actione
1002 1392 1300 1441 opprimendus
1326 1392 1472 1441 populi
1501 1392 1707 1431 inimicus.

101 1444 232 1483 Credo
267 1445 380 1482 enim
413 1458 463 1482 ex
498 1445 643 1493 doctis,
678 1445 713 1483 si
747 1445 831 1482 sint
865 1445 966 1483 boni
996 1446 1089 1490 viri,
1121 1445 1157 1484 si
1190 1446 1235 1483 in
1268 1445 1483 1495 publicum
1516 1447 1712 1496 prodesse

101 1499 286 1548 cupiunt,
306 1499 517 1537 neminem
538 1499 583 1537 in
603 1501 692 1537 toto
711 1512 799 1538 esse
819 1500 916 1538 orbe
937 1500 1003 1538 cui
1023 1513 1108 1538 non
1127 1500 1399 1538 vehementer
1418 1500 1604 1539 Eduardi
1625 1503 1708 1540 tam

101 1552 308 1592 insalubre
329 1554 552 1592 consilium
571 1553 814 1603 displiceat;
845 1554 970 1604 quiue
990 1554 1109 1592 litem
1131 1557 1275 1593 contra
1294 1568 1392 1593 eum
1408 1568 1482 1604 pro
1498 1557 1712 1594 communi
1734 1566 1775 1588 20

101 1607 318 1646 literarum
338 1610 522 1657 patrono,
548 1610 696 1657 tutore,
720 1611 892 1658 parente
911 1622 997 1647 non
1021 1609 1075 1646 sit
1103 1609 1427 1658 subscripturus.

1486 1610 1642 1648 Sumus
1668 1612 1712 1649 in

102 1662 327 1701 Germania
347 1676 431 1701 non
452 1663 572 1711 pauci
591 1663 674 1713 qui,
691 1664 737 1701 vt
757 1662 858 1701 olim
880 1676 974 1702 cum
995 1663 1128 1702 Mutio
1145 1663 1342 1702 Scaeuola
1357 1663 1516 1702 nobiles
1533 1664 1713 1703 Romani

101 1719 244 1755 contra
257 1717 496 1764 Porsenam,
511 1717 571 1756 ita
583 1731 658 1767 pro
673 1717 957 1767 repub<lica),
974 1718 1017 1755 id
1039 1720 1101 1756 est
1115 1718 1300 1766 ErasmO,
1316 1721 1460 1757 contra
1474 1719 1606 1757 Leum
1623 1733 1714 1757 con-

99 1771 389 1810 iurauerimus.

449 1771 511 1810 Tu
531 1785 640 1822 ergo,
664 1774 710 1810 vt
730 1772 916 1822 coepisti,
936 1786 1086 1822 magne
1106 1772 1241 1820 heros,
1262 1773 1456 1822 procede:
1486 1773 1714 1814 ridiculum

99 1826 326 1874 hominem,
358 1826 573 1865 hominem
610 1826 849 1865 semissium
888 1840 973 1865 non
1011 1829 1204 1865 morator.

101 1893 264 1919 muscas
302 1893 386 1918 non
424 1881 668 1930 insequitur,
709 1881 768 1919 ita
805 1895 888 1919 non
929 1884 1076 1920 curant
1123 1881 1267 1931 magni
1305 1882 1385 1920 viri
1431 1883 1712 1931 puluerariam

101 1934 243 1973 fecem.
304 1935 493 1985 Denique
521 1938 561 1973 et
591 1935 798 1974 Dominus
826 1949 848 1974 a
878 1936 1007 1974 latere
1036 1938 1109 1974 tuo
1140 1936 1218 1974 erit
1248 1936 1534 1986 custodietque
1564 1938 1712 1986 pedem

99 1991 221 2026 tuum
241 2002 293 2027 ne
314 1989 498 2039 capiaris.

156 2043 235 2081 Sed
268 2043 369 2082 haec
400 2044 611 2083 hactenus.

671 2044 752 2092 Qui
779 2045 898 2083 viuas
929 2045 1034 2083 scire
1063 2046 1194 2095 cupio,
1227 2044 1297 2094 qui
1328 2045 1436 2083 mihi
1464 2059 1623 2083 numen
1653 2060 1706 2085 es.

103 2097 284 2147 Dorpius
317 2097 401 2146 ille,
435 2099 511 2147 vir,
546 2099 582 2137 si
615 2099 703 2138 vita
737 2099 1001 2148 respondeat,
1035 2113 1132 2138 cum
1166 2099 1306 2148 paucis
1340 2100 1624 2147 conferendus,
1658 2114 1711 2139 an
1732 2114 1780 2146 30-

100 2152 234 2190 adhuc
256 2155 397 2191 noster
416 2153 482 2201 sit,
499 2153 541 2192 id
562 2155 625 2192 est
645 2166 765 2192 verae
783 2153 1013 2204 theologiae
1034 2156 1223 2201 assertor,
1245 2154 1309 2192 fac
1329 2154 1470 2193 sciam.
1518 2155 1712 2194 Budaeus

148 2271 197 2292 10.
223 2271 328 2299 quam
346 2264 497 2301 Rz'eqyer:
519 2263 577 2293 vel
593 2274 622 2292 α.

102 2307 178 2335 aclcl.
196 2307 335 2343 Rieqyer.

151 2423 177 2444 1.
205 2414 312 2456 Leus]
336 2415 462 2446 Zasius
478 2415 549 2447 had
565 2417 754 2456 expressed
778 2419 871 2449 him-

104 2457 173 2487 self
193 2457 287 2497 fully
305 2468 350 2489 on
373 2459 442 2489 Lee
458 2460 498 2490 in
515 2469 535 2490 a
551 2459 659 2491 letter
675 2463 711 2492 to
727 2462 872 2503 Beatus,

102 2511 122 2539 5
138 2501 234 2531 June
252 2502 369 2541 (BRE.
392 2503 481 2543 168),
497 2503 617 2535 which
631 2504 660 2534 is
671 2506 819 2545 printed
832 2508 870 2537 in

104 2545 199 2583 Ef:v;
227 2555 283 2575 see
300 2556 333 2585 p.
353 2555 424 2577 210.

149 2598 177 2627 7.
206 2588 384 2630 Caligula]
403 2589 453 2621 Cf.
474 2590 569 2621 Suet.
588 2592 685 2630 Galiq.
705 2602 758 2630 30.

148 2641 199 2669 27.
228 2632 418 2674 Dominus]
439 2633 611 2665 Proverbs
627 2644 657 2673 3.
675 2637 726 2666 26.

147 2685 199 2714 30.
227 2676 398 2716 Dorpius]
411 2677 455 2707 In
463 2677 525 2708 the
536 2681 659 2710 recent
670 2681 873 2711 reconcilia-

105 2719 182 2749 tion
204 2719 328 2750 Zasius
348 2719 420 2751 had
445 2721 553 2752 taken
577 2731 675 2753 some
698 2726 803 2763 part:
825 2724 868 2756 cf.

104 2763 168 2802 Ep.
190 2772 282 2802 1044.
301 2773 380 2802 49n.

148 2816 201 2844 31.
227 2806 409 2841 Budaeus]
443 2807 499 2838 He
532 2810 644 2839 wrote
679 2811 715 2841 to
748 2811 873 2842 Zasius

106 2849 188 2889 (ZE.
201 2859 234 2890 p.
250 2851 338 2890 466:
364 2850 450 2882 ΒΕ.4
462 2850 520 2890 39)
532 2861 577 2882 011
589 2861 630 2892 25
643 2853 730 2892 July
743 2852 871 2897 (1519)

105 2902 182 2923 com
188 2896 352 2934 menting
363 2904 408 2925 on
422 2894 485 2925 the
498 2894 576 2926 first
587 2895 675 2926 item
690 2897 727 2927 in
738 2897 872 2929 Zasius'

104 2936 270 2978 recently
297 2937 488 2977 published
517 2940 760 2972 Lucubration&
789 2942 868 2983 (Ep.

105 2980 198 3021 862),
222 2981 296 3012 and
327 2980 527 3022 desending
554 2981 706 3014 himself
731 2986 872 3024 against

105 3024 298 3056 criticisms
317 3025 419 3056 made
443 3024 588 3056 therein
604 3035 701 3066 upon
717 3027 774 3059 his
791 3038 870 3060 own

727 2263 896 2302 plebique
913 2265 1049 2303 Riessqe'r,
1065 2274 1238 2301 perpernam

1361 2272 1411 2294 11.
1438 2265 1471 2294 et
1491 2267 1622 2296 addidi:
1648 2266 1712 2305 qui

942 2419 1067 2450 works.
1116 2418 1248 2450 Zasius'
1274 2417 1376 2458 reply
1399 2418 1482 2458 (ZE.
1510 2429 1544 2458 p.
1568 2419 1647 2461 471)
1680 2420 1713 2450 is

941 2463 1045 2493 dated
1076 2473 1089 2492 1
1115 2463 1210 2502 Sept.
1239 2472 1346 2501 1519;
1371 2461 1413 2492 cf.
1438 2462 1504 2493 ZE.
1529 2464 1550 2493 6
1574 2465 1630 2494 for
1653 2464 1711 2495 his

941 2507 1050 2536 views
1060 2516 1105 2537 on
1118 2507 1179 2536 the
1191 2506 1355 2545 question
1365 2515 1385 2536 a
1395 2505 1462 2535 few
1472 2505 1560 2546 days
1571 2508 1710 2538 earlier.

942 2550 998 2580 He
1030 2550 1189 2580 adhercd
1220 2552 1256 2580 to
1288 2549 1345 2579 his
1375 2550 1559 2581 intention
1584 2551 1623 2581 of
1647 2553 1711 2582 not

941 2594 1151 2633 publishing
1183 2594 1212 2624 it
1237 2593 1295 2634 (cf.
1322 2593 1389 2624 ZE.
1419 2596 1484 2633 13).
1545 2595 1711 2626 Contem-

942 2647 1069 2676 porary
1083 2647 1147 2668 ms.
1161 2638 1278 2676 copies
1290 2638 1328 2667 of
1342 2636 1404 2667 the
1421 2638 1492 2667 two
1509 2637 1636 2669 letters
1651 2649 1711 2670 are

942 2683 1005 2711 not
1033 2690 1275 2719 uncomn10n;
1313 2690 1382 2720 eg.
1417 2682 1454 2711 at
1485 2682 1536 2713 St.
1568 2682 1709 2722 Gallen‚

941 2724 1103 2755 Vadiana
1126 2726 1173 2755 xi.
1192 2734 1256 2763 205
1278 2724 1352 2755 and
1376 2724 1399 2754 i.
1423 2725 1493 2763 165.
1541 2726 1711 2757 Boniface

941 2767 1144 2799 Amerbach
1163 2772 1272 2799 wrote
1288 2768 1381 2799 from
1397 2767 1562 2807 Avignon
1586 2779 1632 2800 on
1650 2770 1711 2800 the

941 2821 1037 2842 same
1054 2812 1137 2842 date
1153 2820 1192 2842 as
1208 2811 1284 2842 this
1303 2811 1423 2850 letter,
1441 2813 1568 2853 asking
1584 2813 1639 2844 for
1654 2813 1711 2844 his

941 2865 1022 2886 own
1039 2856 1157 2893 copies
1172 2854 1211 2886 of
1231 2855 1330 2886 them
1353 2854 1477 2887 which
1494 2856 1539 2887 he
1558 2857 1628 2887 had
1646 2857 1711 2888 left

941 2898 1080 2929 behind
1090 2898 1211 2940 (Basle
1222 2899 1295 2931 MS.
1305 2899 1341 2931 C.
1354 2898 1437 2930 VIss.
1451 2900 1581 2941 7347).
1598 2900 1711 2931 Stint-

942 2943 1036 2981 zing,
1059 2944 1143 2973 who
1168 2943 1266 2982 gives
1289 2952 1388 2974 some
1412 2946 1564 2976 account
1588 2944 1627 2974 of
1646 2943 1710 2974 the

941 2985 1083 3025 dispute
1115 2986 1257 3027 (Zasz'us,
1294 2996 1352 3026 pp.
1390 2987 1566 3028 195-201)‚
1602 2988 1713 3018 states

941 3029 1020 3060 that
1033 3029 1122 3069 they
1138 3039 1196 3060 are
1214 3030 1252 3061 in
1270 3030 1332 3060 the
1350 3030 1501 3070 Library
1518 3035 1555 3062 at
1572 3031 1687 3061 Basle.

1264 1827 1397 1865 Sicuti
1429 1827 1545 1866 enim
1576 1829 1715 1878 aquila
1734 1843 1772 1874 25
