1990 3353
84 144 206 199 1087]

570 145 724 185 FROM
761 145 997 184 THOMAS
1034 145 1189 184 MORE

1600 146 1681 184 219

81 268 171 294 sese
189 255 338 294 mediis
365 255 410 293 in
435 255 563 294 armis
587 254 773 305 gessisse,
794 254 921 293 homo
947 253 1149 292 nimirum
1177 254 1234 291 sic
1254 253 1426 292 affectus
1445 267 1539 304 erga
1566 267 1678 293 men-

82 309 196 348 dacia
215 311 262 348 vt
280 309 511 359 periurium
531 323 694 359 quoque
713 310 754 347 et
774 307 1065 357 foedifragium
1084 307 1234 346 habeat
1259 307 1304 346 in
1324 308 1551 347 blanditiis.

1608 310 1678 347 An

81 363 188 402 nihil
209 364 259 402 ad
285 377 352 402 me
378 364 626 413 pertinuisse
652 365 800 411 censet,
830 362 1059 401 mendaciis
1083 364 1125 400 et
1143 361 1366 401 calumniis
1384 362 1436 400 ab
1461 362 1535 400 illo
1554 362 1678 401 laces-

81 417 206 457 sitam
220 418 412 469 patriam,
428 418 538 467 quod
553 418 639 468 ipse
656 431 741 456 non
756 416 941 466 attingar
952 415 1203 455 nominatim
1215 417 1236 455 ⁶?
1263 429 1362 455 nam
1378 416 1421 454 id
1438 417 1605 455 videtur
1619 417 1678 455 in-

82 485 206 510 nuere
222 486 231 511 ε
262 472 379 522 quasi
399 485 484 510 non
503 472 581 511 hac
600 471 769 518 ratione,
786 472 910 521 atque
929 471 1029 509 adeo
1049 470 1193 509 eadem
1211 470 1420 520 praeclara
1441 467 1673 523 [o]ratione,
1699 489 1739 521 70

80 526 232 565 latroni
254 526 376 565 liceat
402 527 447 564 in
471 527 536 564 ius
562 539 706 564 vocare
723 526 938 574 viatorem,
968 538 992 563 a
1018 537 1099 575 quo
1121 525 1176 563 sit
1202 526 1378 564 fortasse
1404 525 1593 575 repulsus
1620 527 1679 563 in-

79 581 342 629 clementius,
365 581 474 630 quod
497 593 579 618 non
599 580 722 618 illum
740 580 960 629 impeteret
978 580 1049 617 sed
1069 578 1246 617 insidias
1264 580 1447 618 tentaret
1466 579 1675 630 pecuniae.

133 635 194 673 At
222 635 411 673 fortassis
434 634 597 672 etiamsi
623 648 708 672 non
738 634 782 672 in
812 634 936 672 illum
960 634 1088 683 prius,
1118 633 1267 672 saltem
1294 633 1441 684 scripsi
1467 634 1678 673 acerbius:

79 691 141 727 est
159 689 274 727 enim
293 692 334 728 et
353 689 399 727 in
417 689 649 727 vlciscendo
668 688 826 727 modus.
869 689 929 726 At
948 701 1024 738 ego
1045 688 1054 706 ‘
1067 687 1319 737 Polyphemi
1337 687 1566 726 barbariem
1586 688 1678 726 irni-

78 746 190 782 tatus
216 755 312 792 prae
335 743 539 781 stomachi
565 743 678 781 rabie
702 742 910 790 Brixium,
932 742 1112 780 alterum
1136 741 1329 780 videlicet
1346 741 1554 792 Vlyssem,
1576 742 1678 781 diris
1699 754 1738 787 75

77 800 119 835 et
148 797 475 836 execrationibus
503 797 730 836 insectatus
757 810 853 835 sum
865 798 888 835 ⁵.

542 851 651 890 Nam
673 865 722 889 eo
747 851 905 890 solatur
926 864 980 898 se,
1003 851 1111 901 quod
1138 853 1276 901 sperat
1298 851 1386 889 fore
1411 851 1568 889 multos
1593 851 1677 901 qui-

78 852 198 901 pensi
216 865 340 902 quam
365 851 480 890 falso.

946 797 1014 835 Ita
1041 809 1140 835 sane
1163 797 1360 846 disputat,
1383 796 1494 835 nihil
1522 797 1679 835 habens

80 906 166 952 bus,
190 919 286 944 cum
306 919 393 944 rem
413 909 545 944 totam
564 919 649 944 non
675 906 907 954 didicerint,
930 906 1010 944 ista
1037 905 1159 943 facile
1183 905 1440 955 persuaserit,
1469 908 1592 955 atque
1620 906 1678 944 ita

78 959 169 998 sine
188 973 327 1011 pugna
344 961 514 999 vicerit:
545 962 653 1010 apud
674 963 716 999 te
736 973 833 998 vero
852 962 893 998 et
914 960 950 998 si
976 959 1047 1010 qui
1073 960 1159 998 sint
1178 959 1344 1009 conscii,
1366 959 1468 998 satis
1493 960 1619 998 habet
1642 960 1678 998 si

79 1016 350 1065 consequatur
368 1015 410 1052 id
431 1015 567 1053 laudis
587 1028 731 1064 genus,
755 1016 765 1033 ‘
781 1015 836 1052 Ni
857 1027 1024 1053 causam
1043 1027 1220 1061 nossem,
1239 1017 1430 1064 putarem
1449 1027 1546 1052 vera
1565 1014 1676 1052 hunc
1696 1019 1738 1049 80

286 1070 346 1107 At
371 1082 445 1118 ego
471 1071 542 1108 aut
561 1070 738 1108 veritate
757 1082 824 1107 me
844 1069 1002 1116 tuebor,
1027 1071 1100 1107 aut
1124 1068 1237 1107 vinci
1262 1068 1403 1118 potius
1428 1068 1525 1107 volo
1550 1082 1677 1118 quam

80 1068 192 1119 loqui
205 1069 226 1108 '.

79 1123 229 1161 iudicis
248 1123 504 1173 ignoratione
518 1123 696 1162 vincere.
739 1124 1017 1172 Quamobrem
1033 1136 1117 1162 non
1137 1122 1335 1161 imitabor
1354 1123 1432 1162 hac
1447 1136 1544 1161 sane
1563 1125 1677 1173 parte

80 1178 286 1225 Brixium,
309 1179 381 1228 qui
405 1191 552 1216 versus
580 1191 694 1217 meos
718 1178 763 1216 in
791 1177 1123 1227 Abyngdonium
1146 1178 1266 1227 (quos
1288 1191 1362 1228 per
1380 1177 1517 1215 iocum
1544 1177 1677 1216 effuti-

80 1245 221 1270 ueram
254 1234 301 1270 vt
332 1232 547 1271 cuiusdam
578 1232 760 1271 asininas
789 1232 994 1270 auriculas
1026 1231 1317 1280 demulcerem,
1354 1232 1462 1282 quod
1497 1232 1536 1270 ei
1570 1232 1678 1270 nihil

79 1285 258 1336 placeret
285 1286 439 1336 absque
463 1287 745 1326 consonantiis
771 1286 1038 1336 rhythmicis)
1060 1286 1104 1325 in
1131 1288 1317 1325 extremo
1344 1286 1480 1325 limite
1509 1286 1678 1324 insanae
1699 1293 1737 1333 85

78 1340 231 1390 Syluae
251 1353 346 1379 suae
373 1341 598 1390 collocauit,
623 1341 830 1391 ademptis
852 1340 1013 1379 duobus
1034 1340 1343 1390 epigrammatis
1369 1340 1473 1379 meis
1497 1341 1540 1378 in
1567 1341 1676 1378 idem

78 1397 385 1444 argumentum,
419 1395 570 1445 quibus
599 1396 768 1434 illorum
800 1396 912 1433 iocus
943 1408 1140 1434 versuum
1172 1395 1445 1445 aperiebatur.

1512 1394 1601 1443 Qua
1635 1408 1679 1433 re

79 1448 189 1487 nihil
204 1449 357 1487 efficere
373 1450 511 1499 potuit
526 1451 658 1499 magis
670 1449 1026 1500 sycophanticum.
1065 1451 1125 1487 At
1141 1462 1215 1499 ego
1232 1451 1340 1487 certe
1355 1451 1499 1487 contra
1514 1449 1676 1487 faciam.

80 1503 187 1542 Nam
207 1506 247 1542 et
265 1503 562 1554 Chordigeram
580 1504 817 1543 curabimus
836 1503 1128 1551 excudendam,
1147 1506 1188 1542 et
1207 1504 1520 1553 Epigrammata
1539 1505 1679 1541 nostra

78 1557 389 1608 subiungemus.

450 1558 561 1606 Quin
589 1558 830 1597 adiiciemus
859 1560 899 1596 et
929 1557 1103 1608 Syluam
1131 1558 1231 1605 eiUS,
1267 1571 1319 1596 ne
1353 1559 1454 1608 quid
1489 1559 1680 1596 causetur
1698 1572 1740 1603 90

78 1612 321 1661 ademptum
338 1627 347 1660 ;
375 1614 498 1663 atque
517 1613 594 1651 hoc
613 1614 732 1662 pacto
751 1626 869 1662 spero
889 1625 956 1650 me
975 1613 1183 1651 facturum
1209 1626 1261 1650 ne
1287 1612 1342 1650 sit
1360 1613 1537 1651 arduum
1557 1615 1678 1662 atque

77 1666 229 1704 accliue
247 1666 425 1705 literatis
445 1668 640 1705 omnibus
659 1667 839 1706 iudicare
858 1680 910 1705 an
926 1669 1015 1705 tam
1033 1667 1186 1705 bonam
1207 1666 1355 1705 habeat
1371 1680 1535 1705 causan]
1555 1680 1679 1717 quam

79 1721 231 1759 habere
250 1734 292 1760 se
312 1721 435 1759 iactat
454 1724 576 1773 atque
596 1722 795 1771 gloriatur
814 1721 997 1760 BrixiuS.

134 1775 241 1813 Nam
268 1789 363 1814 cum
391 1789 466 1815 nos
492 1776 679 1826 periuros
704 1776 953 1826 appellasset
978 1789 1023 1814 ac
1051 1775 1311 1825 foedifragos,
1342 1789 1437 1813 cum
1461 1776 1592 1814 totam
1622 1775 1680 1813 rei

79 1831 225 1868 seriem
244 1829 287 1868 in
307 1843 478 1868 suorum
501 1831 679 1880 gratiam
705 1843 750 1868 ac
777 1832 969 1869 nostrum
993 1830 1203 1880 probrum,
1227 1831 1272 1867 vt
1292 1830 1380 1879 ipse
1399 1832 1531 1877 vocat,
1554 1830 1679 1868 fictio·
1699 1840 1738 1871 95

80 1884 215 1932 nibus,
239 1888 285 1922 vt
305 1898 368 1923 res
389 1898 480 1923 vere
500 1885 635 1933 habet,
659 1884 972 1934 impudentibus
998 1885 1241 1922 inuertisset
1261 1884 1499 1931 mendaciis,
1522 1885 1680 1922 eadem-

80 1951 159 1988 que
180 1939 319 1977 omnia
338 1942 423 1977 tam
438 1939 613 1978 absurde
633 1942 849 1978 tractasset
864 1940 910 1976 vt
929 1938 1036 1977 nihil
1056 1952 1240 1989 vnquam
1262 1938 1479 1988 quisquam
1495 1939 1681 1976 tractarit

78 1992 307 2041 absurdius,
340 1994 397 2031 ita
426 1993 614 2032 versibus
642 1993 934 2032 obuestiuisset
965 1993 1121 2040 alienis,
1154 1995 1200 2030 vt
1229 1992 1418 2031 Valeriae
1450 1992 1609 2031 Probae
1641 1994 1682 2030 te

80 2050 245 2096 putares
264 2047 400 2097 legere
419 2050 624 2095 centonas,
644 2048 726 2086 nisi
747 2048 856 2097 quod
878 2061 946 2086 eos
966 2047 1038 2085 illa
1057 2047 1259 2085 concinne
1279 2047 1495 2097 coaptauit,
1512 2047 1682 2085 Brixius

79 2103 137 2140 ita
160 2102 463 2140 consarcinarat
482 2102 622 2152 inepte
641 2105 687 2141 vt
707 2102 978 2140 commissura
998 2104 1197 2151 tanquam
1222 2101 1509 2139 cicatricosum
1526 2101 1681 2139 vulnus
1703 2117 1764 2139 100

80 2158 192 2194 extet
222 2156 266 2193 in
295 2156 469 2203 nodum,
501 2160 572 2195 aut
598 2156 712 2195 velut
740 2157 855 2195 arida
883 2156 952 2194 siti
981 2156 1106 2194 tellus
1131 2155 1313 2202 hiulcet;
1347 2169 1422 2205 ego
1451 2168 1534 2193 non
1564 2154 1680 2193 aliud

79 2209 164 2248 illis
182 2210 505 2260 epigrammatis,
530 2211 681 2261 quibus
701 2224 744 2249 se
763 2210 950 2262 queritur
969 2213 1055 2249 tam
1073 2209 1302 2259 capitaliter
1321 2210 1535 2256 offensum,
1554 2223 1680 2258 quam

80 2264 125 2302 in
145 2277 191 2302 ea
212 2278 315 2314 quae
335 2265 422 2303 dixi
445 2265 549 2303 vitia
575 2265 668 2312 lusi,
694 2267 734 2304 et
760 2267 869 2304 certe
895 2265 1013 2313 nihil,
1038 2264 1193 2314 opinor,
1219 2264 1386 2302 acerbe:
1415 2277 1545 2313 eoque
1562 2264 1680 2302 vehe-

81 2321 242 2356 menter
263 2319 444 2357 admiror
461 2319 508 2357 in
534 2333 616 2369 quo
642 2333 832 2357 meorum
860 2319 1220 2369 Epigrammatum
1249 2318 1424 2367 reperiat
1453 2318 1544 2356 illas
1571 2319 1681 2356 diras

80 2376 204 2422 atque
230 2374 516 2422 execrationes,
550 2387 651 2423 quas
674 2374 800 2412 homo
826 2374 999 2423 lepidus,
1028 2375 1075 2411 vt
1099 2373 1233 2421 iactat,
1265 2372 1470 2411 conuertit
1490 2372 1535 2410 in
1556 2372 1676 2411 iocos.
1702 2385 1761 2417 105

82 2428 150 2464 An
177 2427 282 2466 illud
310 2428 591 2466 execrationes
616 2428 796 2478 appellat
823 2441 869 2466 ac
897 2428 1019 2475 diras,
1047 2427 1154 2477 quod
1184 2427 1228 2464 in
1254 2440 1338 2465 vno
1367 2440 1554 2465 meorum
1586 2427 1681 2477 Epi-

127 2530 178 2558 72.
201 2519 295 2559 quod
312 2523 423 2557 scripsi
440 2532 447 2551 2
471 2530 582 2559 quum
601 2532 632 2552 α.

81 2573 333 2594 commissurae
350 2575 380 2594 α.

126 2661 175 2689 74.
204 2650 346 2691 modus]
373 2651 422 2681 Cf.
445 2650 530 2682 Hor.
551 2653 583 2682 S.
606 2660 633 2682 1.
657 2661 682 2682 1.
708 2653 776 2682 106.

169 2694 397 2735 Ps·1y1›11÷·mi]
415 2694 464 2725 Cf.
484 2695 545 2734 Ep.
570 2703 660 2733 1045.
680 2704 799 2734 39—43.

124 2739 176 2776 83.
203 2748 326 2768 versus
361 2738 475 2779 meos]
514 2739 573 2769 An
619 2738 765 2778 epitaph
807 2739 843 2769 in

82 2781 252 2821 rhyming
276 2791 387 2821 verse,
412 2791 444 2821 p.
473 2791 535 2820 232
561 2781 598 2812 of
618 2782 744 2812 More’s
767 2785 845 2820 Epi-

79 2829 265 2862 mammam.
312 2825 385 2855 The
402 2827 493 2855 most
510 2827 698 2864 grotesque
715 2825 789 2855 line
807 2827 844 2856 in

83 2869 111 2899 it
124 2869 165 2908 is,
182 2869 190 2884 ‘
205 2869 351 2899 Praeter
366 2871 401 2899 et
418 2869 503 2899 haec
518 2869 585 2899 ista
601 2868 672 2899 fuit
688 2870 846 2908 optimus

81 2911 360 2952 orgaquenista'.
419 2912 564 2942 Brixius
591 2912 777 2952 reprintcd
817 2914 846 2942 it

80 2965 126 2986 <in
143 2955 182 2987 f⁰.
203 2954 254 2986 H³
264 2958 302 2986 νο
320 2954 358 2986 of
380 2955 440 2986 the
457 2958 641 2986 Antimorus
657 2966 664 2985 ε
680 2955 722 2986 cf.
735 2955 775 2988 fo·
788 2956 844 2986 D⁴.

82 2998 118 3029 It
143 3000 171 3029 is
195 2998 368 3039 preceded
393 2999 464 3029 and
489 2999 654 3030 followed
679 3000 726 3039 by
743 3000 847 3030 othei·

82 3052 198 3073 verses
215 3052 259 3073 on
278 3043 492 3082 Abyngdon.

167 3085 464 3127 Abyngdonium]
490 3086 619 3125 Henry
648 3085 687 3116 of
713 3087 846 3125 Abing-

721 2531 775 2560 99.
803 2530 859 2551 eos
873 2522 995 2550 Jortm:
1018 2529 1075 2550 eas
1086 2531 1115 2550 α.

520 2574 591 2595 101.
616 2564 752 2595 nodum
769 2567 898 2602 scripsi:
922 2563 1066 2594 modum
1086 2575 1117 2593 α.

1213 2529 1282 2549 100.
1308 2520 1541 2550 commissura
1552 2522 1680 2557 scripsi:

913 2650 984 2682 don
1000 2652 1037 2690 (†
1052 2660 1065 2680 1
1085 2650 1180 2690 Sept.
1199 2651 1506 2691 1497),succentor
1520 2649 1558 2681 of
1568 2650 1681 2679 wells

914 2693 1105 2725 Cathedral
1123 2704 1163 2732 24
1182 2694 1268 2725 Nov.
1294 2704 1385 2733 1447,
1406 2694 1476 2724 and
1500 2696 1624 2724 cantor
1647 2693 1686 2723 of

913 2738 975 2768 the
1000 2738 1130 2773 King’s
1154 2737 1288 2778 Chapel
1310 2738 1391 2776 May
1410 2739 1509 2776 1465:
1536 2737 1621 2767 both
1647 2737 1685 2766 of

914 2782 1035 2812 which
1053 2781 1166 2811 offices
1184 2781 1228 2812 he
1247 2782 1333 2812 held
1356 2781 1453 2811 until
1478 2781 1535 2811 his
1559 2781 1680 2811 death.

915 2825 970 2856 He
987 2835 1059 2855 was
1080 2824 1154 2855 also
1178 2827 1313 2855 master
1328 2825 1366 2855 of
1387 2826 1436 2855 St.
1458 2824 1681 2855 Catherinc's

915 2868 1072 2907 hospital
1089 2870 1126 2898 at
1143 2868 1278 2898 Bristol
1299 2869 1390 2907 1478.
1440 2869 1540 2898 Nono
1564 2868 1602 2898 of
1624 2868 1680 2897 liis

915 2912 1030 2942 works
1076 2912 1228 2943 survive.
1287 2912 1349 2942 See
1398 2911 1521 2941 More's
1564 2921 1682 2941 verses

917 2965 1009 2994 upon
1038 2955 1115 2985 him
1143 2955 1182 2995 (1.
1211 2956 1305 2996 83n),
1334 2955 1405 2986 and
1434 2956 1474 2986 G.
1501 2956 1614 2985 Grovc
1643 2955 1680 2984 in

915 3002 1097 3036 Dcctionary
1113 3001 1148 3035 os
1157 3001 1271 3037 Music,
1288 3000 1381 3038 1879.

959 3044 1011 3081 98.
1040 3041 1188 3082 Probae]
1213 3043 1276 3073 See
1303 3043 1362 3082 Ep.
1389 3052 1429 3081 32
1448 3039 1680 3072 introd..:111d

915 3095 994 3124 37¹1·
