1990 3353
77 123 199 178 1211]

602 124 673 163 ΤΟ
710 125 958 164 JODOGUS
994 125 1172 165 JONAS

1595 126 1676 165 517

73 236 192 275 uiuas
222 235 383 275 dimisit
411 238 453 275 et
481 236 621 274 animo
649 240 690 274 et
719 249 886 285 corpore
915 235 1094 283 refectos,
1125 239 1169 275 vt
1198 236 1388 275 meliores
1419 236 1675 274 discederent

73 303 199 339 quam
219 293 429 335 venerant,
454 292 495 328 et
515 291 777 329 stomachum
798 290 976 328 minime
996 290 1100 329 cibis
1118 294 1318 329 onustum
1339 290 1550 329 referrent.

127 345 324 394 Impense
352 344 634 383 delectabatur
661 345 891 383 amicorum
920 344 1151 395 colloquiis,
1175 359 1280 395 quae
1309 358 1427 395 saepe
1459 344 1675 383 differebat

26 408 33 417 ·
71 399 117 437 111
144 399 324 437 multam
353 401 542 446 noctem3
571 399 642 437 sed
674 397 812 436 omnis
842 398 956 437 illius
986 412 1123 437 sermo
1151 402 1223 438 aut
1251 400 1301 438 de
1328 399 1461 438 literis
1491 400 1577 437 erat
1605 400 1676 437 aut

72 454 122 491 de
155 453 331 492 Christo.

393 453 435 491 Si
470 453 579 502 grati
613 452 904 491 confabulonis
935 466 1020 491 non
1053 455 1141 492 erat
1173 453 1416 503 copia—nec
1445 453 1560 492 enim
1589 453 1675 502 qui·
1695 467 1758 500 325

71 507 253 546 buslibet
273 507 615 554 delectabatur—,
638 520 741 556 puer
759 506 911 557 aliquis
931 521 952 545 e
972 507 1101 546 sacris
1121 507 1239 546 libris
1259 508 1417 558 aliquid
1433 507 1676 557 pronuncia-

71 561 152 600 bat.

212 562 279 600 Me
309 574 613 611 nonnunquam
641 563 683 599 et
716 561 1060 611 peregrinationis
1094 563 1292 600 comitem
1325 563 1483 601 asciuit.

1555 561 1675 600 Nihil

72 618 160 654 erat
187 615 274 653 illic
303 629 351 654 eo
381 616 601 663 festiuius;
631 615 701 653 sed
732 628 897 666 semper
924 615 1092 654 libellus
1121 619 1208 654 erat
1236 616 1401 655 itineris
1430 629 1576 662 comes,
1601 629 1675 654 nec

71 670 143 708 alii
171 683 383 708 sermones
404 683 530 720 quam
555 670 606 708 de
635 669 815 709 Christo.

875 669 1110 719 Impatiens
1139 672 1226 708 erat
1256 671 1446 709 omnium
1477 671 1672 718 sordium,

71 725 172 763 adeo
191 727 237 763 vt
263 737 337 762 nec
363 737 598 762 sermonem
619 725 742 763 ferret
769 724 979 763 soloecum
1009 737 1054 763 ac
1081 724 1269 763 barbarie
1290 738 1497 774 spurcum.
1558 725 1676 772 Quic-
1696 739 1759 770 330

73 779 171 829 quid
195 781 282 817 erat
309 778 558 817 domesticae
581 778 865 827 supellectilis,
887 778 1082 829 quicquid
1105 781 1326 828 apparatus
1354 779 1399 816 in
1419 779 1544 827 cibis,
1567 780 1675 828 quic-

72 834 172 883 quid
192 833 237 871 in
258 832 455 880 vestibus,
480 833 676 883 quicquid
698 833 743 870 in
763 832 892 882 libris,
917 833 1101 871 nitidum
1123 846 1211 871 esse
1231 833 1422 880 volebat;
1452 833 1502 871 de
1522 833 1676 883 magni·
1740 868 1743 872 .

653 887 749 926 Non
775 887 858 926 nisi
883 887 1010 938 pullis
1030 887 1216 926 vestibus
1237 887 1442 934 vtebatur,
1466 901 1562 925 cum
1589 888 1675 925 illic

72 888 238 926 ficentia
263 901 348 925 non
374 887 595 926 laborabat.

72 942 196 992 vulgo
210 942 440 980 sacerdotes
451 954 496 980 ac
512 941 696 991 theologi
710 942 946 981 vestiantur
958 955 1154 992 purpura.
1188 942 1362 980 Summa
1373 942 1500 980 vestis
1513 955 1677 992 semper

70 1001 159 1035 erat
178 997 296 1034 lanea
316 1009 361 1034 ac
382 996 584 1046 simplex:
612 996 648 1035 si
669 996 805 1046 frigus
830 996 907 1035 hoc
938 996 1185 1047 postulabat,
1210 996 1402 1035 interulis
1431 996 1608 1046 pelliciis
1634 1009 1676 1034 se
1696 1011 1757 1043 335

70 1051 296 1090 muniebat.

127 1105 330 1155 Quicquid
351 1118 372 1143 e
392 1105 631 1143 sacerdotiis
651 1105 823 1153 redibat,
846 1105 886 1143 id
908 1106 952 1143 in
974 1118 1073 1144 vsus
1093 1105 1341 1144 domesticos
1361 1118 1581 1143 oeconomo
1602 1118 1676 1143 suo

71 1160 397 1209 dispensandum
420 1159 587 1209 reliquit
607 1174 615 1198 :
645 1160 755 1210 quod
777 1162 864 1198 erat
888 1160 1275 1209 patrimonii—erat
1306 1163 1446 1198 autem
1475 1159 1676 1209 amplissi-

72 1228 256 1261 muni——‚
280 1214 367 1263 ipse
400 1214 446 1252 in
474 1214 564 1263 pios
590 1227 687 1252 vsus
717 1214 1003 1253 distribuebat.

73 1270 286 1319 ingentem
307 1268 504 1317 pecuniae
522 1268 611 1306 vim
632 1269 854 1319 accepisset
873 1281 923 1307 ex
944 1268 1209 1315 haereditate,
1233 1282 1285 1307 ne
1306 1270 1469 1307 seruata
1487 1270 1678 1318 gigneret
1697 1277 1760 1309 340

1063 1214 1172 1252 Nam
1201 1216 1318 1264 patre
1348 1214 1552 1259 defuncto,
1582 1227 1677 1252 cum

72 1323 118 1361 in
138 1337 185 1362 eo
204 1323 361 1372 aliquid
382 1322 527 1370 morbi,
553 1336 704 1361 nouam
725 1322 909 1361 scholam
931 1324 1114 1361 extruxit
1141 1323 1184 1360 in
1213 1322 1452 1361 coemiterio
1474 1322 1513 1360 S.
1539 1322 1674 1370 Pauli,

73 1391 200 1428 puero
231 1377 326 1415 Iesu
361 1390 532 1424 sacram,
563 1391 682 1427 opere
714 1377 962 1428 magnifico:
1003 1377 1152 1416 adiecit
1191 1378 1310 1416 aedes
1342 1377 1594 1427 magnificas,
1633 1377 1677 1415 in

74 1432 225 1482 quibus
258 1435 427 1481 agerent
460 1432 541 1470 duo
575 1431 665 1470 ludi
695 1432 897 1482 magistri,
935 1431 1086 1482 quibus
1118 1431 1306 1481 amplum
1346 1432 1542 1470 salarium
1577 1431 1677 1470 desi-

72 1487 227 1537 gnauit,
270 1499 350 1536 quo
389 1486 572 1535 gratuito
611 1486 817 1534 docerent,
851 1486 923 1524 sed
957 1487 1015 1524 sic
1044 1486 1107 1525 vti
1141 1485 1281 1525 schola
1311 1499 1396 1524 non
1428 1486 1561 1535 capiat
1594 1486 1678 1524 nisi

73 1543 234 1579 certum
258 1553 494 1579 numerum.
555 1540 660 1578 Eam
690 1540 883 1579 distinxit
916 1540 962 1578 in
995 1542 1133 1591 partes
1165 1543 1352 1590 quatuor.

72 1608 237 1645 gressus
265 1595 391 1634 habet
420 1608 493 1633 ceu
523 1595 866 1642 catechumenos3
895 1594 1039 1634 nullus
1068 1597 1208 1633 autem
1238 1594 1477 1633 admittitur
1502 1594 1584 1633 nisi
1608 1594 1679 1644 qui

71 1650 156 1689 iam
177 1649 289 1688 norit
312 1652 352 1688 et
375 1648 508 1699 legere
528 1652 571 1688 et
591 1649 779 1688 scribere.

72 1704 301 1743 didascalus
321 1703 516 1742 instituit.

574 1704 713 1742 Tertia
734 1717 836 1754 quos
857 1706 1043 1754 superior
1062 1704 1210 1742 erudit.

842 1650 1031 1688 Secunda
1058 1663 1153 1699 pars
1180 1649 1306 1687 habet
1331 1661 1400 1687 eos
1420 1662 1520 1698 quos
1552 1649 1677 1698 hypo-

1268 1704 1459 1742 Alteram
1480 1703 1530 1741 ab
1550 1704 1679 1742 altera

72 1759 232 1797 dirimit
263 1758 405 1796 velum
444 1758 666 1808 quoddam,
700 1758 810 1808 quod
845 1758 1067 1797 adducitur
1098 1772 1143 1797 ac
1175 1757 1389 1796 diducitur
1426 1771 1521 1796 cum
1560 1758 1673 1796 libet.

75 1814 206 1863 Supra
235 1812 473 1851 cathedram
502 1814 777 1863 praeceptoris
806 1813 919 1851 sedet
947 1826 1049 1863 puer
1076 1813 1197 1851 Iesus
1226 1812 1427 1862 singulari
1456 1826 1587 1862 opere.
1613 1813 1679 1851 do·
1700 1824 1762 1856 350

75 1867 208 1906 centis
227 1870 358 1916 gestu,
382 1880 505 1916 quem
526 1869 643 1905 totus
669 1880 771 1917 grex
794 1867 938 1906 adiens
967 1867 1152 1906 scholam
1178 1880 1225 1905 ac
1254 1867 1494 1916 relinquens
1518 1867 1678 1916 hymno

115 2007 188 2037 325.
217 1996 260 2028 de
285 1996 446 2038 Christo]
471 1996 523 2028 Cf.
548 1997 572 2028 1.
597 2006 664 2036 329
688 1996 759 2027 and
777 1996 838 2036 Ep.

74 2051 164 2080 1027.
185 2041 260 2071 6-8.

114 2095 187 2124 327.
214 2083 399 2125 comitem]
435 2084 508 2114 The
544 2083 764 2123 description
805 2085 843 2114 of

71 2129 169 2160 their
193 2128 283 2159 visit
307 2131 342 2158 to
367 2127 591 2167 Canterbury
615 2128 645 2158 is
668 2127 774 2167 given
799 2129 838 2158 in

71 2173 133 2203 the
157 2172 322 2211 colloquy
345 2173 554 2210 Peregrinatio
578 2174 736 2209 relifsionis
759 2181 838 2210 erqo,

72 2216 149 2247 first
167 2215 312 2256 printed
330 2216 369 2246 in
387 2215 468 2246 Feb.
489 2216 584 2254 1526,
595 2215 712 2245 under
727 2226 745 2246 a
758 2216 840 2246 thin

71 2260 144 2290 veil
161 2259 198 2291 of
211 2259 375 2299 disguise.
422 2259 495 2289 The
520 2258 780 2290 identification
808 2259 846 2289 of

73 2304 173 2335 Colet
204 2303 297 2333 with
329 2303 526 2334 Gratianus
557 2301 683 2333 Pullus
713 2302 752 2333 of
780 2303 841 2333 the

72 2347 237 2386 colloquy
254 2348 344 2377 rests
367 2356 411 2377 on
436 2346 498 2377 the
521 2346 686 2377 mention
705 2346 742 2377 of
763 2346 840 2377 him

72 2392 110 2421 in
125 2390 189 2422 the
205 2392 316 2421 Modus
332 2392 444 2421 orandi
459 2392 558 2420 Deum
573 2399 612 2420 as
626 2390 733 2429 being
749 2391 841 2420 with

72 2435 240 2466 Erasmus
253 2436 288 2464 at
301 2434 527 2474 Canterbury
539 2433 625 2473 (LB.
639 2444 672 2464 v.
690 2444 703 2464 1
712 2444 774 2464 120
786 2434 842 2474 Α);

73 2479 103 2509 it
133 2488 206 2509 was
235 2477 384 2517 pointed
416 2479 477 2508 out
508 2480 546 2507 to
577 2477 699 2508 Jortin
722 2477 769 2516 by
793 2488 839 2508 an

72 2530 295 2561 anonymous
333 2520 611 2560 correspondent
651 2522 704 2561 (ii.
751 2522 840 2560 706).

71 2565 213 2605 Lupton
239 2565 321 2602 (Life
344 2566 378 2602 ῳ·
399 2567 483 2603 colet,
505 2573 538 2604 p.
562 2566 666 2603 21011)
698 2565 763 2595 has
787 2566 840 2595 in-

71 2608 258 2649 geniously
275 2608 495 2648 interpreted
513 2608 707 2639 Gratianus
731 2618 769 2639 as
791 2618 837 2639 an

71 2653 225 2684 allusion
243 2655 280 2682 to
295 2652 466 2683 Jerome's
484 2655 491 2669 ‘
507 2651 700 2689 Iohannes,
717 2652 754 2682 111
768 2662 839 2691 quo

72 2699 126 2727 est
135 2697 259 2736 gratia,
271 2695 327 2726 vel
340 2695 485 2726 Domini
497 2695 613 2735 gratia
623 2696 642 2734 ’,
653 2695 838 2735 evidently

80 2755 107 2765 =
127 2739 236 2770 Hebr.
253 2739 274 2770 J
277 2739 420 2770 ohanan
439 2741 497 2779 (De
511 2742 690 2769 nominibus
706 2741 838 2770 Hebrai-

74 2786 127 2823 cis,
146 2784 255 2814 Acts:
281 2783 336 2813 ed.
357 2783 450 2823 1516,
469 2781 539 2814 vol.
569 2783 615 2822 iv,
647 2784 670 2813 f.
694 2793 753 2821 147
771 2785 837 2823 νο).

74 2825 198 2857 Pullus
214 2827 245 2857 is
257 2829 291 2857 to
305 2827 346 2857 be
357 2825 514 2859 derived.
527 2828 591 2856 not
607 2827 698 2857 from
710 2826 839 2857 Colet’s

72 2869 175 2901 habit
186 2870 338 2910 ofusing
354 2869 484 2910 ‘pullis
500 2869 676 2900 vestibus’
693 2870 730 2907 (1.
745 2872 839 2911 333),

73 2914 136 2944 but
151 2913 243 2944 from
260 2913 322 2944 the
340 2913 492 2953 Vulgate
509 2923 571 2943 use
595 2913 633 2943 of
653 2913 716 2943 the
741 2914 838 2944 word

75 2957 191 2995 (Matt.
208 2967 261 2994 21,
281 2957 380 2988 Mark
407 2966 455 2995 11,
474 2956 571 2987 Luke
599 2965 649 2996 19,
666 2956 763 2987 John
784 2957 838 2996 12)

74 3001 111 3031 in
129 3010 290 3040 passages
305 2999 506 3032 translated
523 3003 530 3017 ‘
542 3010 562 3030 a
585 3001 666 3037 c01t‚
684 3000 746 3031 the
770 3000 838 3031 soal

910 1998 948 2028 of
960 2007 1006 2028 an
1023 2007 1080 2028 ass
1092 1997 1110 2028 ’.

953 2051 1027 2080 341.
1053 2039 1184 2081 morbi]
1210 2041 1259 2073 Cf.
1287 2042 1309 2072 l.
1335 2051 1398 2082 393
1423 2041 1494 2072 and
1520 2041 1582 2081 Ep.
1602 2051 1675 2081 270.

907 2094 961 2124 52.

997 2138 1127 2159 nouam
1167 2127 1342 2167 scholam]
1392 2129 1425 2160 A
1468 2128 1587 2159 school
1627 2131 1677 2160 at-

908 2171 1039 2203 tached
1078 2174 1115 2203 to
1153 2172 1204 2204 St.
1237 2171 1356 2203 Paui's
1388 2172 1572 2203 cathedral
1610 2183 1677 2203 un-

910 2215 1107 2255 doubtedly
1145 2216 1283 2247 existed
1323 2216 1414 2246 from
1452 2226 1540 2256 very
1579 2216 1680 2257 early

910 2260 1028 2290 times.
1077 2259 1189 2290 There
1230 2259 1294 2290 has
1333 2260 1421 2291 been
1460 2260 1568 2290 much
1609 2260 1678 2291 dis·

911 2304 1051 2334 cussion
1069 2313 1107 2334 as
1124 2305 1161 2334 to
1178 2304 1346 2334 whether
1369 2304 1468 2334 Colet
1485 2303 1641 2334 founded
1659 2314 1677 2335 a

911 2357 992 2377 new
1022 2347 1154 2384 school,
1187 2347 1339 2378 distinct
1378 2347 1470 2378 from
1504 2347 1567 2378 the
1606 2347 1676 2386 old,

910 2391 1031 2422 which
1070 2391 1267 2422 continued
1298 2394 1334 2422 to
1365 2391 1463 2421 work
1494 2392 1548 2422 for
1583 2401 1678 2422 some

910 2435 1010 2473 time,
1029 2444 1068 2464 or
1084 2434 1281 2465 refounded
1299 2435 1361 2465 the
1386 2435 1542 2474 existing
1558 2434 1677 2466 school

911 2488 956 2508 on
986 2488 1066 2508 new
1094 2478 1198 2510 lines.
1254 2479 1328 2509 The
1360 2478 1495 2509 former
1525 2479 1615 2509 view
1648 2479 1679 2510 is

910 2521 1138 2552 maintained
1171 2522 1218 2561 by
1246 2522 1399 2562 Lupton,
1433 2524 1502 2561 szfe
1532 2525 1568 2561 os
1590 2524 1677 2562 Colet,

909 2566 963 2596 ch.
994 2576 1039 2604 9;
1065 2565 1126 2596 the
1155 2565 1263 2596 latter
1286 2566 1332 2605 by
1357 2576 1376 2596 a
1400 2566 1679 2606 correspondent

908 2610 947 2639 in
965 2610 1026 2640 the
1045 2611 1152 2649 Times,
1176 2620 1195 2640 2
1220 2609 1326 2649 April
1354 2619 1449 2650 1904,
1475 2620 1504 2649 7,
1530 2619 1568 2651 14
1591 2609 1678 2650 July

907 2653 979 2683 and
1007 2663 1027 2692 3
1058 2654 1147 2693 Aug.
1186 2662 1281 2692 1909,
1308 2653 1380 2684 and
1415 2653 1459 2692 by
1492 2654 1537 2685 M.
1573 2653 1610 2685 F.
1643 2653 1681 2685 J.

909 2696 1128 2735 McDonnell,
1167 2699 1250 2728 Hist.
1281 2698 1316 2734 of
1343 2699 1389 2729 St.
1422 2696 1529 2728 Pauz's
1560 2699 1675 2737 School,

912 2749 1004 2780 1909,
1024 2740 1078 2771 ch.
1096 2749 1126 2770 2.

951 2793 1026 2823 350.
1053 2793 1143 2822 puer
1158 2783 1275 2825 Iesus]
1302 2783 1484 2815 Erasmus’
1499 2794 1614 2815 verses
1630 2794 1675 2816 on

909 2827 984 2857 this
1002 2828 1127 2867 image,
1147 2828 1209 2858 the
1228 2830 1377 2858 Carmina
1393 2831 1435 2858 ad
1458 2831 1591 2859 scholam
1607 2838 1676 2865 per-

910 2873 1054 2909 tinentia,
1071 2881 1164 2901 were
1182 2871 1259 2902 first
1275 2872 1422 2910 printed
1441 2872 1479 2901 in
1504 2881 1581 2910 1511
1604 2882 1676 2902 »see

909 2913 973 2953 Ep.
1003 2924 1062 2953 175
1088 2914 1246 2952 introd.).
1296 2915 1394 2954 They
1418 2924 1477 2945 are
1506 2915 1674 2946 included

909 2958 946 2988 in
986 2958 1052 2990 vol.
1089 2968 1110 2987 v
1143 2959 1181 2988 of
1214 2959 1276 2988 the
1302 2958 1406 2989 Basle
1434 2961 1540 2997 Opera,
1579 2967 1671 2998 1540,

908 3011 939 3040 p.
962 3002 1065 3039 11063
1091 3001 1159 3032 LB.
1178 3011 1210 3032 v.
1231 3011 1360 3040 1320‚1.

1413 1540 1581 1578 Primus
1618 1540 1677 1578 in·
1699 1552 1759 1584 345
