1990 3353
281 95 361 133 408
750 92 1002 132 LETTERS
1041 92 1111 132 OF
1150 91 1417 132 ERASMUS
1748 91 1785 146 [1
1796 104 1874 141 520

275 203 477 242 membris
510 202 742 253 deploratis,
778 201 980 241 nimirum
1015 203 1092 242 hac
1125 203 1283 242 ratione
1322 205 1434 242 totus
1472 203 1682 242 Lutherus
1720 203 1875 243 aboleri

274 260 446 308 poterat,
477 258 511 296 si
541 256 656 307 prius
683 258 900 306 exemptus
929 257 1077 296 fuisset
1105 271 1155 296 ex
1183 258 1337 296 animis
1365 257 1597 306 hominum,
1622 271 1719 296 mox
1747 259 1873 296 etiam

275 326 297 351 e
325 312 601 360 bibliothecis,
633 311 756 361 idque
786 312 891 349 citra
920 311 1152 350 tumultum
1183 311 1295 350 orbis
1325 311 1564 351 Christiani.
1636 313 1699 351 Ex
1721 312 1875 351 animis

273 366 402 405 eximi
417 368 588 416 poterat,
605 365 641 404 si
657 366 852 415 dogmata
871 365 984 404 illius
1002 365 1146 404 solidis
1165 366 1423 416 argumentis
1443 378 1489 404 ac
1508 366 1673 405 diuinae
1694 367 1874 416 Scriptu-

192 434 256 466 340
274 434 343 459 rae
364 420 621 459 testimoniis
641 419 890 458 refellissent
909 419 940 457 ii
960 433 1063 470 quos
1087 422 1127 458 et
1154 420 1331 459 eruditio
1358 433 1444 458 non
1464 420 1649 470 vulgaris
1669 434 1874 459 commen-

274 474 408 523 dabat,
452 487 635 524 quosque
673 475 857 524 spectata
894 474 1003 514 vitae
1041 474 1257 524 integritas
1295 474 1534 513 vindicabat
1576 487 1599 513 a
1642 474 1875 525 suspicione

275 529 543 579 corruptelae.

328 583 481 622 Grauis
509 585 584 631 est,
608 584 653 621 vt
673 595 762 621 esse
782 582 912 630 debet,
935 583 1043 632 apud
1072 595 1217 621 omnes
1246 582 1504 622 Christianos
1531 583 1709 622 Romani
1735 583 1875 622 Ponti-

273 637 362 676 ficis
391 637 617 684 autoritas;
647 637 719 675 sed
747 650 794 675 ea
822 649 903 687 quo
933 638 1028 686 plus
1056 637 1180 676 habet
1208 637 1414 686 ponderis,
1449 637 1526 675 hoc
1555 638 1686 687 magis
1720 638 1877 676 circun-

189 706 253 738 345
273 691 533 742 spiciendum
561 705 614 730 ne
643 691 820 741 priuatis
848 691 1064 729 affectibus
1093 691 1352 741 quorundam
1384 691 1510 730 nimis
1539 691 1764 742 indulgeat,
1797 693 1874 730 hoc

274 746 416 784 minus
437 746 502 784 illi
529 748 628 784 sunt
655 746 960 785 contemnenda
987 746 1204 784 doctorum
1233 758 1278 783 ac
1307 745 1472 795 piorum
1502 746 1723 784 hominum
1753 747 1877 785 tacita

274 800 440 840 iudicia.
498 800 711 850 Siquidem
738 799 845 838 illud
870 813 956 838 non
977 800 1148 838 verebor
1174 800 1219 837 in
1239 813 1389 849 genere
1409 800 1553 845 dicere,
1577 800 1717 839 nullos
1745 801 1877 850 magis

275 855 435 894 officere
464 854 708 893 Pontificiae
738 854 933 904 dignitati
963 867 1089 904 quam
1119 854 1191 903 qui
1220 854 1282 892 illi
1303 854 1371 892 vel
1395 855 1523 892 stulte
1544 855 1686 892 fauent
1707 855 1773 893 vel
1795 868 1877 893 cor-

274 911 405 959 rupte.
466 909 569 957 Quis
596 909 709 947 enim
738 908 870 946 nescit
899 908 1088 947 Romano
1118 908 1316 946 Pontifici
1344 921 1431 946 esse
1458 922 1538 958 quo
1558 909 1624 946 vel
1645 910 1790 958 perdat
1810 909 1876 949 vel

192 978 255 1010 350
274 966 428 1002 terreat
455 977 558 1014 quos
584 963 724 1003 velit?
781 962 861 1001 Sed
891 963 999 1012 quod
1028 975 1212 1012 vnquam
1244 962 1325 1001 fuit
1354 962 1579 1012 imperium
1608 966 1694 1002 tam
1724 963 1876 1002 instru-

275 1020 390 1057 ctum
420 1018 529 1068 quod
558 1017 671 1056 solus
706 1019 844 1055 metus
877 1016 1102 1055 reddiderit
1135 1017 1414 1055 diuturnum?
1470 1017 1565 1066 Ipse
1599 1017 1712 1055 Deus
1748 1017 1878 1055 amari

276 1086 439 1122 quoque
469 1071 616 1120 voluit,
640 1085 726 1110 non
757 1071 893 1110 solum
923 1071 1070 1109 timeri.
1130 1071 1313 1109 Proinde
1333 1074 1377 1109 vt
1399 1070 1530 1109 dicere
1550 1085 1773 1121 coeperam,
1798 1085 1879 1122 quo

275 1127 441 1176 grauior
461 1129 524 1165 est
543 1139 589 1164 ac
610 1126 737 1164 latius
757 1128 904 1174 patens
924 1125 1144 1164 Pontificis
1163 1125 1377 1173 autoritas,
1402 1139 1482 1174 quo
1507 1139 1571 1164 res
1598 1128 1660 1164 est
1685 1127 1873 1174 atrocior,

275 1182 353 1220 hoc
373 1184 460 1220 erat
480 1194 572 1219 mea
591 1180 800 1219 sententia
818 1179 975 1218 lentius
996 1193 1041 1218 ac
1061 1179 1314 1218 moderatius
1333 1181 1551 1229 agendum.
1601 1181 1694 1219 Hoc
1714 1180 1749 1219 si
1770 1181 1878 1219 solus

193 1252 254 1284 355
274 1235 510 1283 suasissem,
534 1248 617 1273 non
645 1248 771 1281 eram,
804 1234 961 1283 opinor,
994 1233 1370 1283 reprehendendus.
1433 1234 1469 1272 N
1476 1248 1554 1272 unc
1585 1235 1660 1273 hac
1689 1235 1734 1273 in
1765 1237 1878 1284 parte

276 1290 396 1328 video
417 1303 583 1328 mecum
609 1290 765 1328 sentire
787 1289 822 1327 si
849 1289 921 1338 qui
943 1290 1044 1327 sunt
1063 1288 1230 1335 cordati,
1255 1301 1340 1326 non
1360 1288 1426 1326 1110
1448 1289 1584 1327 solum
1604 1289 1877 1327 verumetiam

277 1344 445 1393 Romae,
480 1357 565 1382 non
598 1346 766 1382 tantum
798 1343 907 1392 apud
941 1343 1176 1392 prophanos
1206 1343 1479 1381 verumetiam
1508 1343 1616 1392 apud
1648 1344 1875 1393 theologos,

276 1401 397 1449 atque
417 1399 518 1437 adeo
537 1398 646 1448 apud
666 1398 778 1447 ipsos
799 1397 1093 1436 Dominicales.
1149 1397 1212 1435 Ex
1233 1397 1298 1434 his
1319 1397 1468 1447 quibus
1489 1397 1710 1436 damnatus
1729 1398 1879 1436 Luthe²

276 1466 347 1492 rus
374 1453 517 1503 placet,
541 1453 599 1491 sic
619 1452 842 1491 damnatus
861 1465 946 1490 non
969 1451 1112 1501 placet.
1174 1451 1268 1489 Non
1287 1451 1400 1489 enim
1421 1452 1488 1490 hic
1509 1453 1717 1490 excutiam
1738 1452 1880 1502 quales

194 1515 259 1557 360
277 1507 364 1546 sint
392 1521 466 1557 per
499 1520 603 1557 quos
636 1506 902 1556 potissimum
931 1506 1066 1555 agitur
1100 1505 1177 1544 hoc
1211 1505 1442 1555 negocium,
1479 1519 1563 1544 non
1597 1507 1775 1544 referam
1807 1519 1880 1557 pro

278 1562 487 1601 damnatis
518 1561 693 1600 Lutheri
717 1560 921 1610 dogmatis
945 1560 1083 1610 qualia
1111 1560 1233 1598 nobis
1262 1560 1456 1608 inferant,
1480 1560 1678 1608 fortassis,
1702 1564 1747 1599 vt
1768 1574 1880 1599 nunc

278 1618 379 1654 sunt
407 1629 471 1654 res
499 1615 751 1662 mortalium,
780 1614 903 1664 longe
932 1614 1097 1660 tutiora,
1122 1614 1193 1652 sed
1223 1614 1257 1651 si
1286 1614 1379 1664 quis
1408 1615 1575 1664 pietatis
1605 1615 1880 1665 Euangelicae

277 1671 499 1720 negocium
527 1671 694 1719 spectet,
718 1682 802 1707 non
832 1669 954 1718 paulo
982 1668 1304 1718 perniciosiora;
1335 1682 1437 1718 quae
1458 1669 1581 1707 110011
1601 1671 1745 1707 ferunt
1769 1670 1880 1708 theo-

278 1725 374 1774 logi,
399 1725 471 1775 qui
491 1724 648 1774 alioqui
669 1723 901 1762 Lutherum
922 1722 1038 1761 omni
1059 1722 1347 1761 machinarum
1369 1736 1519 1772 genere
1539 1723 1795 1761 adoriuntur.

197 1788 259 1829 365
334 1778 427 1817 Ηο0
465 1779 594 1828 igitur
632 1791 774 1816 meum
808 1777 1028 1816 consilium
1064 1777 1266 1815 hactenus
1300 1777 1423 1815 modo
1456 1777 1561 1815 fauit
1596 1777 1791 1817 Luthero.
1830 1791 1881 1816 ne

278 1836 442 1883 praeter
470 1833 682 1880 meritum,
704 1845 757 1870 ne
786 1834 945 1880 praeter
973 1831 1050 1879 ius,
1074 1845 1126 1870 ne
1154 1844 1228 1881 per
1256 1831 1499 1878 tumultum,
1528 1845 1579 1869 ne
1598 1845 1749 1882 magno
1771 1832 1883 1870 orbis

279 1887 466 1926 tumult-u
486 1887 799 1936 opprimeretur.
858 1887 918 1925 At
947 1885 1082 1924 multo
1111 1885 1246 1935 magis
1274 1886 1411 1923 fauere
1440 1885 1657 1924 videbatur
1687 1886 1883 1936 dignitati

281 1942 463 1980 Romani
501 1941 731 1989 Pontificis,
768 1941 984 1979 autoritati
1023 1940 1181 1978 ordinis
1218 1939 1465 1989 theologici:
1509 1940 1625 1978 cuius
1659 1943 1699 1978 et
1731 1941 1882 1979 iudicia

279 1998 440 2046 oportet
466 2009 554 2034 esse
583 1995 848 2045 grauissima,
870 1997 908 2033 et
929 2007 1065 2033 mores
1086 2007 1211 2044 quam
1232 1994 1411 2032 maxime
1432 1995 1605 2041 sedatos,
1632 1997 1673 2033 et
1692 1995 1743 2033 ab
1766 1995 1882 2033 omni

199 2066 260 2100 370
279 2050 513 2100 suspicione
548 2049 764 2096 stulticiae,
797 2049 1062 2097 inuidentiae,
1094 2048 1301 2094 auaritiae,
1334 2048 1586 2096 ambitionis,
1619 2049 1713 2095 odii,
1747 2050 1883 2088 adula-

279 2105 409 2143 tionis
444 2107 779 2154 caeterarumque
818 2103 1096 2153 cupiditatum
1135 2116 1237 2152 quae
1275 2102 1396 2141 nobis
1433 2103 1634 2141 iudiciiun
1674 2104 1877 2149 adimunt,

279 2162 472 2197 remotos.
532 2159 589 2197 Vt
612 2172 735 2197 nemo
763 2158 904 2196 minus
928 2158 1040 2196 fauet
1070 2157 1258 2195 Romano
1287 2155 1484 2195 Pontifici
1514 2170 1637 2206 quam
1669 2157 1741 2207 qui
1769 2159 1883 2196 fauet

279 2213 580 2263 imprudenter,
616 2213 687 2262 qui
725 2213 838 2250 fauet
871 2216 1088 2262 corrupte3
1129 2211 1190 2249 ita
1223 2223 1345 2248 nemo
1385 2211 1518 2261 magis
1557 2211 1683 2250 officit
1721 2213 1883 2250 nomini

279 2267 510 2317 theologico
531 2280 657 2317 quam
677 2267 748 2317 qui
768 2267 845 2305 1100
864 2269 1004 2316 agunt,
1027 2268 1073 2304 vt
1093 2279 1142 2303 ex
1163 2265 1366 2314 theologis
1388 2266 1537 2304 faciant
1557 2265 1622 2304 vel
1649 2266 1884 2304 adulatores

198 2337 259 2371 375
279 2322 345 2360 vel
365 2323 576 2371 tyrannos.
633 2322 770 2359 Moses
790 2334 875 2359 non
895 2320 1103 2358 dubitauit
1123 2319 1239 2368 sequi
1259 2318 1479 2358 consilium
1501 2319 1643 2359 Iethro
1659 2322 1788 2359 soceri
1805 2335 1814 2367 ;
1843 2324 1884 2358 et
1915 2363 1920 2369 ¹

281 2376 387 2413 mihi
413 2389 487 2425 pro
517 2375 630 2413 fideli
660 2375 833 2414 consilio
859 2374 1144 2425 indignantur,
1170 2373 1235 2411 cui
1255 2376 1396 2412 tamen
1417 2387 1489 2423 per
1510 2388 1576 2412 me
1595 2374 1777 2412 liberum
1797 2378 1885 2413 erat

282 2443 366 2468 non
396 2443 547 2478 parere.
609 2430 651 2468 Si
682 2443 829 2469 verum
863 2429 1006 2467 audire
1036 2428 1239 2478 cupimus,
1278 2428 1331 2466 sit
1364 2429 1514 2478 cuique
1548 2428 1728 2467 liberum
1762 2442 1883 2468 suam

280 2484 415 2522 dicere
455 2484 722 2527 sententiam,
758 2483 812 2522 sit
846 2484 967 2521 venia
1001 2483 1068 2521 vel
1099 2482 1207 2520 male
1243 2482 1489 2528 consulenti,
1529 2483 1652 2521 modo
1686 2483 1727 2521 id
1762 2484 1884 2522 faciat

323 2579 397 2608 374.
424 2579 467 2599 ex
485 2568 657 2608 theologis
674 2571 719 2599 F:
746 2569 926 2608 theologos
942 2570 983 2600 H.
1095 2569 1230 2598 faciant
1246 2570 1298 2599 H:
1324 2568 1431 2599 faciat
1450 2571 1484 2599 F.
1680 2570 1753 2609 378.
1779 2570 1887 2602 faciat

280 2615 326 2643 F:
353 2613 413 2643 fiat
430 2615 470 2643 N.

323 2719 399 2748 343.
417 2709 562 2750 Grauis]
576 2709 627 2740 Cf.
646 2708 789 2740 Faber's
799 2708 1049 2749 Consilium(see
1117 2706 1257 2748 gemla)

281 2763 314 2793 p.
331 2754 410 2793 357)
430 2764 438 2785 ε
464 2753 597 2792 ‘Atqui
612 2763 681 2791 quo
695 2754 851 2783 sanctior
864 2754 917 2783 est
935 2753 1048 2782 omni—
1162 2753 1236 2791 346.
1263 2752 1371 2782 tacita
1389 2752 1539 2793 iudicia]
1559 2752 1610 2784 Cf.
1631 2753 1694 2793 Ep.
1717 2763 1808 2793 1155.
1828 2757 1876 2786 16.

280 2798 347 2828 bus
364 2798 423 2827 Ro.
443 2797 544 2828 Pont.
560 2797 745 2834 autoritas,
758 2796 822 2826 1100
838 2796 1050 2836 diligentius
1163 2797 1237 2834 365.
1265 2805 1386 2826 meum
1403 2796 1609 2837 consilium]
1629 2797 1692 2836 Ep.
1713 2807 1807 2837 1033.

280 2840 575 2881 perpendendum
588 2849 632 2870 ne
647 2839 733 2878 quid
744 2840 837 2869 abeo
852 2840 1049 2879 proficisca—
1163 2849 1236 2878 374.
1262 2839 1391 2880 agunt]
1440 2839 1508 2869 For
1558 2840 1631 2871 this
1677 2840 1811 2881 change
1853 2841 1891 2872 of

282 2890 343 2914 tur
359 2884 454 2923 quod
472 2883 534 2914 illo
548 2883 711 2913 videatur
725 2883 914 2923 indignum
931 2883 1050 2914 tacitis
1118 2883 1272 2912 number
1289 2883 1331 2913 cf.
1350 2883 1436 2922 Epp.
1460 2892 1553 2922 1¹91·
1572 2892 1625 2922 32,
1648 2892 1739 2924 1192.
1762 2894 1811 2923 14.

281 2929 454 2958 bonorum
480 2928 639 2957 virorum
665 2926 817 2963 iudiciis,
839 2936 928 2965 quae
954 2926 1049 2957 nulli
1161 2935 1235 2965 375.
1263 2925 1394 2968 Moses]
1421 2927 1488 2956 For
1516 2927 1590 2957 this
1618 2928 1726 2967 figure
1753 2930 1798 2959 cf.
1822 2928 1886 2968 Ep.

281 2971 517 3010 quantumuis
534 2980 661 3009 magno
672 2970 826 3010 priiicipi
842 2973 926 3000 sunt
939 2970 1050 3010 negli—
1122 2971 1220 2999 1006.
1237 2978 1339 3008 35211.
