1990 3353
300 117 354 155 96
768 115 1020 155 LETTERS
1059 116 1129 155 OF
1167 116 1432 156 ERASMUS
1774 112 1898 168 [1519

721 224 846 265 1032.
906 223 971 266 To
1003 224 1171 266 HENRY
1203 224 1496 266 GUILDFORD.

345 315 537 362 Epistolae
555 315 602 351 ad
621 315 789 350 diuersos
806 327 842 360 p.
859 315 938 360 506.
1601 315 1780 352 Louvain.

345 373 437 409 HN:
466 373 581 409 Lond.
599 372 681 408 xiii.
705 383 771 409 10:
800 373 874 408 LB.
894 383 973 419 475.
1515 376 1554 411 18
1573 374 1735 411 October
1755 383 1854 420 1519.

405 465 612 495 ERASMVS
643 464 842 496 CLARISS.
877 465 1101 497 HEINRICO
1131 466 1405 507 GVILFORDO,
1438 467 1517 497 REI
1548 466 1795 504 EQVESTRIS

875 535 1014 567 REGIO
1044 536 1317 567 PRAEFECTO.

352 617 497 664 ans,
531 616 798 655 ornatissime
832 618 1060 665 Guilforde,
1095 617 1252 657 virtute
1290 616 1399 655 nihil
1436 616 1668 663 amabilius,
1703 629 1805 666 quae
1842 614 1901 653 sic

299 670 491 709 omnium
517 671 681 709 animos
709 671 760 710 ad
787 684 830 710 se
857 672 1016 721 pellicit
1037 673 1085 711 vt
1109 671 1227 710 nulla
1257 670 1487 710 incantatio
1513 671 1644 721 possit
1669 669 1896 709 efficacius:

297 725 506 774 siquidem
539 725 765 775 fragrantia
801 726 1122 765 honestissimae
1154 726 1299 773 famae,
1333 739 1438 776 quae
1476 738 1683 775 nusquam
1721 738 1808 764 non
1841 723 1900 762 di-

297 779 445 828 uulgat
473 780 613 818 aulam
642 780 944 829 Britannicam,
977 783 1139 830 praeter
1165 781 1321 830 Regem
1351 779 1546 818 omnibus
1575 779 1756 818 absoluti
1787 778 1898 829 prin-

258 845 274 876 5
297 833 401 884 cipis
429 833 597 872 dotibus
624 834 784 884 egregie
810 835 1070 874 cumulatum
1097 837 1138 873 et
1163 835 1262 873 huic
1292 834 1557 872 simillimam
1587 833 1805 883 Reginam,
1837 834 1900 871 tot

294 887 467 937 insuper
494 888 683 939 integris,
714 889 899 937 eruditis,
933 890 1128 940 grauibus
1162 889 1420 938 cordatisque
1449 888 1553 927 viris
1591 888 1812 935 abundare,
1846 886 1895 925 D.

294 941 564 992 Bergensem,
599 943 738 982 virum
770 944 814 981 in
847 944 995 993 primis
1024 944 1284 994 prudentem,
1318 943 1397 981 hoc
1431 945 1494 981 est
1531 956 1556 981 a
1593 945 1711 992 tergo
1747 941 1900 992 pariter

295 999 418 1047 atque
448 1010 472 1035 a
500 997 635 1035 fronte
665 997 890 1046 oculatum,
913 998 1111 1037 excitauit
1130 999 1178 1036 vt
1197 997 1434 1036 Antonium
1465 1000 1567 1036 natu
1596 997 1824 1035 minimum
1846 1008 1898 1034 ex

296 1050 447 1099 liberis,
485 1065 609 1101 quem
648 1055 797 1090 natura
829 1052 998 1091 videt-ur
1033 1052 1227 1102 genuisse
1260 1051 1423 1097 virtuti,
1459 1064 1545 1089 non
1581 1051 1702 1090 alteri
1734 1050 1900 1089 scholae

238 1121 276 1142 10
295 1105 545 1144 tradendum
575 1106 800 1154 iudicar3et
843 1107 953 1145 vnde
981 1107 1135 1145 rediret
1164 1119 1251 1144 non
1282 1106 1420 1144 solum
1453 1105 1719 1155 inconuptus
1751 1104 1802 1144 ab
1831 1104 1899 1143 his

294 1160 411 1198 vitiis
431 1160 583 1209 quibus
602 1160 686 1198 fere
707 1137 807 1199 sunt
829 1161 1030 1199 obnoxiae
1059 1163 1304 1210 magnatum
1333 1161 1462 1207 aulae,
1485 1174 1633 1199 verum
1662 1159 1790 1199 etiam
1818 1159 1899 1198 hijs

293 1213 524 1252 virtutibus
561 1215 792 1254 instructus
830 1229 932 1265 quae
970 1218 1058 1254 tam
1096 1215 1218 1253 claiis
1255 1215 1492 1254 stemmatis
1529 1215 1740 1264 tantisque
1777 1226 1898 1262 nego-

294 1268 452 1306 ciorum
480 1268 675 1318 molibus,
698 1270 749 1307 ad
778 1283 881 1319 quas
906 1270 1017 1308 haud
1045 1270 1168 1308 dubie
1194 1269 1423 1316 vocabitur,
1447 1269 1596 1319 dignae
1622 1270 1719 1308 sint.
1778 1268 1898 1306 Nihil

293 1335 414 1372 agam
441 1324 477 1361 si
501 1323 580 1362 tibi
606 1324 803 1362 iuuenem
831 1325 1135 1362 commendem.
1196 1325 1257 1363 Ea
1278 1326 1339 1362 est
1360 1323 1533 1371 indoles,
1556 1336 1603 1367 ea
1623 1336 1787 1362 morum
1808 1335 1898 1361 sua-

236 1391 272 1423 15
294 1377 416 1425 uitas,
453 1378 489 1416 is
522 1378 654 1427 pudor
686 1392 731 1417 ac
764 1379 957 1428 probitas,
990 1383 1036 1417 vt
1067 1379 1278 1429 optimum
1307 1391 1499 1428 quenque
1531 1377 1726 1428 protinus
1755 1378 1800 1416 in
1830 1377 1897 1415 sui

292 1444 479 1470 amorem
499 1434 695 1482 rapturus
713 1433 778 1471 sit.

347 1487 489 1536 Atque
508 1487 576 1525 hic
602 1500 765 1537 quoque
784 1487 920 1526 sentio
942 1487 1047 1525 mihi
1064 1486 1367 1526 Rhamnusiam
1389 1486 1608 1525 infensam.
1650 1487 1765 1526 Ante
1786 1499 1893 1524 com-

290 1540 432 1589 plures
476 1554 609 1579 annos
653 1544 694 1580 et
733 1542 858 1591 Regis
904 1542 1141 1591 benignitas
1184 1544 1224 1580 et
1263 1542 1310 1580 R.
1353 1540 1585 1580 Cardinalis
1623 1540 1897 1579 Eboracensis

290 1595 532 1633 humanitas
569 1609 637 1634 me
674 1596 725 1634 ad
765 1596 881 1634 aulae
919 1596 1176 1635 consortium
1214 1609 1299 1634 non
1338 1595 1467 1634 semel
1500 1595 1713 1644 inuitauit,
1751 1594 1896 1634 eodem

234 1662 274 1684 20
290 1650 534 1698 prouocauit
548 1650 783 1688 Guilhelmi
803 1651 1049 1689 Monteiouii
1068 1651 1190 1689 fidele
1210 1663 1375 1700 semper
1394 1652 1435 1688 et
1454 1649 1636 1694 amicum
1657 1649 1892 1688 consilium.

290 1703 371 1742 Sed
401 1703 508 1742 mihi
538 1704 658 1743 laeua
686 1718 806 1743 mens
835 1707 934 1753 erat,
958 1705 1084 1743 surdo
1109 1705 1333 1743 canebatur
1357 1704 1508 1743 fabula.
1568 1703 1758 1743 Sciebam
1783 1704 1894 1742 haud

290 1757 423 1796 vllam
456 1772 634 1808 vsquam
671 1759 810 1798 aulam
848 1760 930 1798 ista
963 1773 1050 1798 esse
1088 1759 1463 1808 incorruptiorem;
1504 1761 1545 1797 at
1576 1758 1669 1809 quis
1706 1758 1894 1798 diuinare

289 1814 452 1862 poterat
471 1813 670 1862 principis
690 1814 863 1852 domum
884 1814 964 1852 tale
984 1814 1199 1852 Musarum
1220 1813 1479 1852 domicilium
1499 1813 1691 1851 futurum
1704 1813 1724 1852 ἱ)
1772 1813 1893 1851 Nunc

289 1866 333 1905 id
364 1867 587 1906 consilium
619 1881 767 1918 sequar
799 1870 961 1918 oportet
991 1869 1099 1918 quod
1135 1869 1235 1906 dant
1274 1871 1386 1906 aetas
1424 1881 1470 1906 ac
1501 1867 1704 1906 valetudo.
1764 1867 1893 1906 Vobis

231 1934 269 1966 25
288 1920 458 1960 interim
495 1922 734 1971 gratulabor
771 1923 897 1961 istam
931 1923 1186 1969 felicitatem,
1224 1922 1390 1972 quando
1429 1935 1565 1960 meam
1602 1921 1892 1960 infelicitatem

290 1974 502 2024 deplorare
522 1977 630 2015 nihil
650 1976 838 2015 attulerit
859 1977 1028 2016 fructus.
1090 1977 1205 2016 Bene
1225 1977 1329 2023 vale,
1351 1976 1416 2015 vir
1435 1976 1709 2015 ornatissime.

343 2030 531 2069 Louanii.
594 2030 733 2070 Natali
754 2031 794 2070 S.
819 2032 963 2070 Lucae.
1023 2033 1161 2071 Anno.
1186 2043 1364 2070 M.D.X1X.

619 2174 741 2214 1033.
804 2173 867 2213 To
899 2173 1087 2214 ALBERT
1119 2184 1174 2215 OF
1207 2173 1568 2214 BRANDENBURG.

335 2261 507 2308 Epistola
525 2263 572 2298 ad
591 2263 697 2298 Card.
718 2263 997 2310 Moguntinum,
1018 2263 1061 2299 f0.
1079 2263 1134 2299 A2.
1583 2263 1761 2299 Louvain.

335 2320 373 2355 F.
392 2332 428 2365 p.
447 2331 515 2365 473
533 2332 541 2355 :
570 2320 664 2356 HN:
690 2321 806 2357 Lond.
825 2321 888 2356 xii.
911 2332 975 2357 10:
1003 2321 1073 2356 LB.
1093 2331 1176 2366 477.
1496 2331 1538 2367 19
1558 2321 1721 2357 October
1742 2332 1841 2368 1519.

332 2401 453 2443 [Some
471 2402 560 2432 facts
581 2403 688 2433 about
706 2403 768 2433 the
792 2403 958 2443 printing
986 2403 1025 2433 of
1049 2402 1123 2433 this
1151 2402 1258 2433 letter
1280 2411 1339 2432 are
1362 2402 1470 2442 given
1495 2402 1542 2441 by
1557 2402 1726 2434 Erasmus
1743 2404 1784 2432 in
1801 2402 1889 2444 Epp.

290 2455 372 2484 1153
393 2446 509 2485 162-7‚
524 2457 536 2476 1
546 2448 616 2484 167.
630 2456 641 2475 1
652 2456 664 2475 1
674 2447 765 2485 1—18,
780 2456 871 2485 1217.
887 2456 972 2485 20-5
984 2447 1131 2477 written
1142 2447 1180 2475 in
1194 2455 1318 2485 152o-1
1328 2446 1400 2476 and
1412 2445 1607 2485 published
1620 2447 1658 2477 in
1672 2446 1707 2477 F.
1743 2447 1816 2477 But
1827 2446 1890 2477 the

286 2489 409 2519 fullest
426 2490 608 2520 narrative
626 2490 656 2520 is
672 2490 784 2521 found
800 2491 839 2520 in
856 2491 917 2521 the
933 2492 1082 2529 Sponyia,
1100 2489 1288 2529 composed
1311 2489 1384 2520 and
1407 2489 1556 2529 printed
1580 2491 1619 2520 in
1639 2499 1722 2529 1523
1738 2500 1746 2522 ε
1770 2490 1889 2521 ‘Ante

287 2541 400 2563 annos
431 2532 569 2570 aliquot
600 2534 810 2573 scripseram
839 2534 1028 2574 epistolam
1059 2532 1104 2563 ad
1137 2533 1239 2564 Card.
1276 2533 1532 2573 Moguntinum
1563 2536 1689 2564 contra
1719 2534 1890 2565 clamores

285 2575 533 2615 theologorum
557 2576 838 2608 Louaniensium
870 2578 909 2608 in
935 2577 1144 2608 Lutherum.
1204 2577 1290 2607 Eam
1316 2577 1401 2607 misi
1424 2577 1548 2607 tunica
1573 2577 1779 2608 obuolutam
1808 2586 1889 2608 cum

286 2619 523 2658 inscriptione
539 2620 584 2651 ad
601 2621 794 2661 quendam,
813 2622 874 2660 qui
891 2621 985 2652 nulli
1001 2621 1121 2651 notior
1137 2623 1190 2651 est
1207 2630 1316 2659 quam
1334 2620 1509 2657 Hutteno.
1527 2620 1704 2651 mandans
1719 2620 1774 2651 illi
1791 2623 1839 2661 vt,
1858 2620 1889 2651 si

285 2663 478 2703 videretur,
507 2663 681 2703 redderet,
705 2665 761 2695 sin
791 2665 922 2704 minus,
953 2664 1011 2695 vel
1039 2664 1193 2695 flammis
1221 2664 1278 2694 vel
1304 2663 1412 2694 vndis
1437 2663 1613 2694 aboleret:
1638 2664 1889 2695 existimabam

329 2752 391 2773 nr.
411 2752 565 2773 111-1511100
582 2746 625 2774 Η.
741 2747 769 2774 F
783 2747 877 2774 Loml.
896 2755 902 2774 ε
927 2753 1148 2775 GvnA-:roRno
1163 2746 1204 2774 N.
1321 2753 1348 2775 1.
1375 2744 1603 2775 ornatissime
1619 2747 1648 2776 F
1661 2747 1712 2775 ΕΒ
1727 2756 1734 2776 :
1758 2744 1887 2776 doctis-

285 2786 375 2817 sime
391 2788 486 2817 Lond.
628 2788 659 2817 6.
687 2787 727 2818 D.
748 2790 796 2818 F:
821 2788 1023 2827 principem
1039 2790 1082 2819 H.
1227 2797 1276 2818 11.
1303 2787 1374 2818 hiis
1390 2790 1438 2820 F:
1464 2788 1509 2819 iis
1526 2790 1620 2820 Lond.
1769 2789 1818 2820 18.
1845 2789 1884 2820 R.

286 2840 345 2861 om.
362 2832 404 2860 H.
542 2840 592 2860 20.
621 2833 653 2860 H
672 2842 678 2860 ;
703 2831 915 2862 Monteionii
932 2834 979 2862 F:
1004 2831 1172 2863 Montioii
1188 2833 1285 2862 Lond.

332 2949 380 2979 13.
409 2939 510 2970 Nihil
527 2939 646 2979 agam]
672 2940 722 2971 Cf.
743 2940 807 2980 Ep.
828 2949 918 2979 1031.
934 2941 1029 2971 26-8.
1122 2940 1194 2971 and
1211 2940 1253 2971 cf.
1274 2940 1338 2980 Ep.
1356 2941 1431 2980 966.
1922 2973 1925 2977 ,

332 2993 381 3023 19.
407 2983 597 3024 inuitauit]
628 2984 691 3014 See
716 2983 778 3023 Ep.
805 2985 869 3023 964
895 2984 1053 3022 introd.;
1166 2993 1219 3015 21.
1245 2983 1346 3015 laeua
1362 2983 1482 3025 mens]
1507 2984 1558 3015 Cf.
1579 2985 1640 3025 Ep.
1661 2995 1754 3024 1004.
1774 2986 1870 3024 146n.
