<?xml version="1.0" encoding="UTF-8"?>
<!DOCTYPE html PUBLIC "-//W3C//DTD XHTML 1.0 Transitional//EN"
    "http://www.w3.org/TR/xhtml1/DTD/xhtml1-transitional.dtd">
<html xmlns="http://www.w3.org/1999/xhtml" xml:lang="en" lang="en">
 <head>
  <title>
</title>
<meta http-equiv="Content-Type" content="text/html;charset=utf-8" />
  <meta name='ocr-system' content='tesseract 3.04.00' />
  <meta name='ocr-capabilities' content='ocr_page ocr_carea ocr_par ocr_line ocrx_word'/>
</head>
<body>
  <div class='ocr_page' id='page_1' title='image "./opusepistolarumd04erasuoft_0310.png"; bbox 0 0 1990 3353; ppageno 0'>
   <div class='ocr_carea' id='block_1_1' title="bbox 221 718 263 747">
    <p class='ocr_par' dir='ltr' id='par_1_1' title="bbox 221 718 263 747">
     <span class='ocr_line' id='line_1_1' title="bbox 221 718 263 747; baseline 0 -8"><span class='ocrx_word' id='word_1_1' title='bbox 221 718 263 747; x_wconf 83' lang='lat'>40</span> 
     </span>
    </p>
   </div>
   <div class='ocr_carea' id='block_1_2' title="bbox 285 110 1887 168">
    <p class='ocr_par' dir='ltr' id='par_1_2' title="bbox 285 110 1887 168">
     <span class='ocr_line' id='line_1_2' title="bbox 285 110 1887 168; baseline 0.004 -20"><span class='ocrx_word' id='word_1_2' title='bbox 285 110 364 149; x_wconf 75' lang='lat'>264</span> <span class='ocrx_word' id='word_1_3' title='bbox 746 113 999 153; x_wconf 83' lang='lat' dir='ltr'><strong>LETTERS</strong></span> <span class='ocrx_word' id='word_1_4' title='bbox 1041 114 1110 152; x_wconf 85' lang='lat' dir='ltr'>OF</span> <span class='ocrx_word' id='word_1_5' title='bbox 1152 114 1419 154; x_wconf 78' lang='lat' dir='ltr'><strong>ERASMUS</strong></span> <span class='ocrx_word' id='word_1_6' title='bbox 1763 114 1887 168; x_wconf 78' lang='lat'><strong>[1520</strong></span> 
     </span>
    </p>
   </div>
   <div class='ocr_carea' id='block_1_3' title="bbox 281 220 1886 875">
    <p class='ocr_par' dir='ltr' id='par_1_3' title="bbox 283 220 1886 437">
     <span class='ocr_line' id='line_1_3' title="bbox 285 220 1886 275; baseline 0.004 -16"><span class='ocrx_word' id='word_1_7' title='bbox 285 221 391 261; x_wconf 87' lang='lat' dir='ltr'>dem.</span> <span class='ocrx_word' id='word_1_8' title='bbox 451 220 532 260; x_wconf 86' lang='lat' dir='ltr'>Sed</span> <span class='ocrx_word' id='word_1_9' title='bbox 559 221 636 260; x_wconf 88' lang='lat' dir='ltr'>hoc</span> <span class='ocrx_word' id='word_1_10' title='bbox 661 222 856 273; x_wconf 89' lang='lat' dir='ltr'>quicquid</span> <span class='ocrx_word' id='word_1_11' title='bbox 880 224 943 261; x_wconf 90' lang='lat' dir='ltr'>est</span> <span class='ocrx_word' id='word_1_12' title='bbox 968 224 1210 274; x_wconf 78' lang='lat' dir='ltr'>tragoediae,</span> <span class='ocrx_word' id='word_1_13' title='bbox 1234 224 1395 262; x_wconf 88' lang='lat' dir='ltr'>duobus</span> <span class='ocrx_word' id='word_1_14' title='bbox 1419 227 1492 263; x_wconf 89' lang='lat' dir='ltr'>aut</span> <span class='ocrx_word' id='word_1_15' title='bbox 1511 225 1646 264; x_wconf 83' lang='lat' dir='ltr'>tribus</span> <span class='ocrx_word' id='word_1_16' title='bbox 1671 229 1886 275; x_wconf 89' lang='lat' dir='ltr'>acceptum</span> 
     </span>
     <span class='ocr_line' id='line_1_4' title="bbox 284 275 1886 328; baseline 0.003 -15"><span class='ocrx_word' id='word_1_17' title='bbox 284 275 469 314; x_wconf 88' lang='lat' dir='ltr'>ferimus.</span> <span class='ocrx_word' id='word_1_18' title='bbox 532 276 654 324; x_wconf 79' lang='lat' dir='ltr'>Quos,</span> <span class='ocrx_word' id='word_1_19' title='bbox 696 277 821 315; x_wconf 90' lang='lat' dir='ltr'>etiam</span> <span class='ocrx_word' id='word_1_20' title='bbox 859 277 896 315; x_wconf 90' lang='lat' dir='ltr'>si</span> <span class='ocrx_word' id='word_1_21' title='bbox 935 290 1020 316; x_wconf 87' lang='lat' dir='ltr'>non</span> <span class='ocrx_word' id='word_1_22' title='bbox 1067 280 1222 328; x_wconf 89' lang='lat' dir='ltr'>queant</span> <span class='ocrx_word' id='word_1_23' title='bbox 1259 279 1484 327; x_wconf 74' lang='lat' dir='ltr'>mitescere,</span> <span class='ocrx_word' id='word_1_24' title='bbox 1525 282 1667 318; x_wconf 89' lang='lat' dir='ltr'>tamen</span> <span class='ocrx_word' id='word_1_25' title='bbox 1709 280 1886 318; x_wconf 88' lang='lat' dir='ltr'>obruent</span> 
     </span>
     <span class='ocr_line' id='line_1_5' title="bbox 283 330 1885 383; baseline 0.003 -16"><span class='ocrx_word' id='word_1_26' title='bbox 283 330 453 368; x_wconf 90' lang='lat' dir='ltr'>tandem</span> <span class='ocrx_word' id='word_1_27' title='bbox 470 330 605 369; x_wconf 91' lang='lat' dir='ltr'>indies</span> <span class='ocrx_word' id='word_1_28' title='bbox 621 331 754 380; x_wconf 85' lang='lat' dir='ltr'>magis</span> <span class='ocrx_word' id='word_1_29' title='bbox 771 344 817 369; x_wconf 92' lang='lat' dir='ltr'>ac</span> <span class='ocrx_word' id='word_1_30' title='bbox 837 331 970 381; x_wconf 85' lang='lat' dir='ltr'>magis</span> <span class='ocrx_word' id='word_1_31' title='bbox 984 331 1280 371; x_wconf 87' lang='lat' dir='ltr'>inualescentia</span> <span class='ocrx_word' id='word_1_32' title='bbox 1295 333 1466 371; x_wconf 78' lang='lat' dir='ltr'>rectiora</span> <span class='ocrx_word' id='word_1_33' title='bbox 1481 333 1627 381; x_wconf 89' lang='lat' dir='ltr'>studia,</span> <span class='ocrx_word' id='word_1_34' title='bbox 1645 334 1885 383; x_wconf 87' lang='lat' dir='ltr'>praesertim</span> 
     </span>
     <span class='ocr_line' id='line_1_6' title="bbox 284 384 1441 437; baseline 0.003 -15"><span class='ocrx_word' id='word_1_35' title='bbox 284 384 320 422; x_wconf 89' lang='lat' dir='ltr'>si</span> <span class='ocrx_word' id='word_1_36' title='bbox 339 386 386 422; x_wconf 91' lang='lat' dir='ltr'>tu</span> <span class='ocrx_word' id='word_1_37' title='bbox 407 386 447 422; x_wconf 88' lang='lat' dir='ltr'>te</span> <span class='ocrx_word' id='word_1_38' title='bbox 466 384 513 422; x_wconf 89' lang='lat' dir='ltr'>in</span> <span class='ocrx_word' id='word_1_39' title='bbox 532 385 609 423; x_wconf 89' lang='lat' dir='ltr'>hoc</span> <span class='ocrx_word' id='word_1_40' title='bbox 629 385 738 424; x_wconf 87' lang='lat' dir='ltr'>bello</span> <span class='ocrx_word' id='word_1_41' title='bbox 759 385 987 424; x_wconf 89' lang='lat' dir='ltr'>Camillum</span> <span class='ocrx_word' id='word_1_42' title='bbox 1007 387 1216 436; x_wconf 79' lang='lat' dir='ltr'>quendam</span> <span class='ocrx_word' id='word_1_43' title='bbox 1235 387 1441 437; x_wconf 82' lang='lat' dir='ltr'>praebeas.</span> 
     </span>
    </p>

    <p class='ocr_par' dir='ltr' id='par_1_4' title="bbox 281 438 1885 696">
     <span class='ocr_line' id='line_1_7' title="bbox 336 438 1885 490; baseline 0.003 -14"><span class='ocrx_word' id='word_1_44' title='bbox 336 438 398 476; x_wconf 93' lang='lat' dir='ltr'>De</span> <span class='ocrx_word' id='word_1_45' title='bbox 419 438 589 477; x_wconf 90' lang='lat' dir='ltr'>Budaeo</span> <span class='ocrx_word' id='word_1_46' title='bbox 607 439 773 477; x_wconf 88' lang='lat' dir='ltr'>tametsi</span> <span class='ocrx_word' id='word_1_47' title='bbox 792 439 899 478; x_wconf 89' lang='lat' dir='ltr'>nihil</span> <span class='ocrx_word' id='word_1_48' title='bbox 919 440 1020 479; x_wconf 91' lang='lat' dir='ltr'>noui</span> <span class='ocrx_word' id='word_1_49' title='bbox 1035 441 1256 490; x_wconf 82' lang='lat' dir='ltr'>praedicas,</span> <span class='ocrx_word' id='word_1_50' title='bbox 1273 444 1415 480; x_wconf 89' lang='lat' dir='ltr'>tamen</span> <span class='ocrx_word' id='word_1_51' title='bbox 1433 441 1622 481; x_wconf 87' lang='lat' dir='ltr'>hominis</span> <span class='ocrx_word' id='word_1_52' title='bbox 1640 441 1885 481; x_wconf 87' lang='lat' dir='ltr'>amicissimi</span> 
     </span>
     <span class='ocr_line' id='line_1_8' title="bbox 282 492 1884 547; baseline 0.003 -17"><span class='ocrx_word' id='word_1_53' title='bbox 282 492 513 531; x_wconf 84' lang='lat' dir='ltr'>verissimis</span> <span class='ocrx_word' id='word_1_54' title='bbox 560 493 753 532; x_wconf 89' lang='lat' dir='ltr'>laudibus</span> <span class='ocrx_word' id='word_1_55' title='bbox 797 506 892 532; x_wconf 90' lang='lat' dir='ltr'>sum</span> <span class='ocrx_word' id='word_1_56' title='bbox 932 495 1054 533; x_wconf 87' lang='lat' dir='ltr'>vnice</span> <span class='ocrx_word' id='word_1_57' title='bbox 1096 495 1336 536; x_wconf 77' lang='lat' dir='ltr'>delectatus,</span> <span class='ocrx_word' id='word_1_58' title='bbox 1405 495 1486 534; x_wconf 90' lang='lat' dir='ltr'>Ille</span> <span class='ocrx_word' id='word_1_59' title='bbox 1526 509 1624 535; x_wconf 87' lang='lat' dir='ltr'>vero</span> <span class='ocrx_word' id='word_1_60' title='bbox 1666 509 1884 547; x_wconf 87' lang='lat' dir='ltr'>nunquam</span> 
     </span>
     <span class='ocr_line' id='line_1_9' title="bbox 281 546 1884 601; baseline 0.003 -17"><span class='ocrx_word' id='word_1_61' title='bbox 281 546 506 586; x_wconf 88' lang='lat' dir='ltr'>Erasmum</span> <span class='ocrx_word' id='word_1_62' title='bbox 524 546 576 586; x_wconf 91' lang='lat' dir='ltr'>ab</span> <span class='ocrx_word' id='word_1_63' title='bbox 595 560 638 586; x_wconf 90' lang='lat' dir='ltr'>se</span> <span class='ocrx_word' id='word_1_64' title='bbox 656 547 866 596; x_wconf 81' lang='lat' dir='ltr'>alienabit,</span> <span class='ocrx_word' id='word_1_65' title='bbox 891 549 1054 588; x_wconf 89' lang='lat' dir='ltr'>etiamsi</span> <span class='ocrx_word' id='word_1_66' title='bbox 1072 551 1232 588; x_wconf 75' lang='lat' dir='ltr'>atroces</span> <span class='ocrx_word' id='word_1_67' title='bbox 1245 549 1478 589; x_wconf 88' lang='lat' dir='ltr'>inuectiuas</span> <span class='ocrx_word' id='word_1_68' title='bbox 1492 550 1537 588; x_wconf 90' lang='lat' dir='ltr'>in</span> <span class='ocrx_word' id='word_1_69' title='bbox 1553 563 1629 589; x_wconf 90' lang='lat' dir='ltr'>nos</span> <span class='ocrx_word' id='word_1_70' title='bbox 1649 551 1858 601; x_wconf 80' lang='lat' dir='ltr'>scripserit</span> <span class='ocrx_word' id='word_1_71' title='bbox 1874 565 1884 590; x_wconf 73' lang='grc' dir='ltr'><strong><em>ε</em></strong></span> 
     </span>
     <span class='ocr_line' id='line_1_10' title="bbox 282 601 1883 654; baseline 0.003 -16"><span class='ocrx_word' id='word_1_72' title='bbox 282 602 449 639; x_wconf 88' lang='lat' dir='ltr'>tantum</span> <span class='ocrx_word' id='word_1_73' title='bbox 477 601 593 640; x_wconf 88' lang='lat' dir='ltr'>abest</span> <span class='ocrx_word' id='word_1_74' title='bbox 621 604 668 640; x_wconf 90' lang='lat' dir='ltr'>vt</span> <span class='ocrx_word' id='word_1_75' title='bbox 697 601 769 641; x_wconf 91' lang='lat' dir='ltr'>illa</span> <span class='ocrx_word' id='word_1_76' title='bbox 797 602 1033 642; x_wconf 88' lang='lat' dir='ltr'>litterarum</span> <span class='ocrx_word' id='word_1_77' title='bbox 1066 604 1255 643; x_wconf 87' lang='lat' dir='ltr'>velitatio</span> <span class='ocrx_word' id='word_1_78' title='bbox 1289 606 1413 654; x_wconf 88' lang='lat' dir='ltr'>queat</span> <span class='ocrx_word' id='word_1_79' title='bbox 1445 604 1609 643; x_wconf 88' lang='lat' dir='ltr'>animos</span> <span class='ocrx_word' id='word_1_80' title='bbox 1643 604 1883 644; x_wconf 84' lang='lat' dir='ltr'>Gratiarum</span> 
     </span>
     <span class='ocr_line' id='line_1_11' title="bbox 283 655 1016 696; baseline 0.005 -4"><span class='ocrx_word' id='word_1_81' title='bbox 283 655 404 693; x_wconf 90' lang='lat' dir='ltr'>nodis</span> <span class='ocrx_word' id='word_1_82' title='bbox 423 655 788 695; x_wconf 87' lang='lat' dir='ltr'>coniunctissimos</span> <span class='ocrx_word' id='word_1_83' title='bbox 808 656 1016 696; x_wconf 88' lang='lat' dir='ltr'>diuellere.</span> 
     </span>
    </p>

    <p class='ocr_par' dir='ltr' id='par_1_5' title="bbox 281 709 1883 875">
     <span class='ocr_line' id='line_1_12' title="bbox 336 709 1883 764; baseline 0.003 -17"><span class='ocrx_word' id='word_1_84' title='bbox 336 709 478 748; x_wconf 89' lang='lat' dir='ltr'>Habes</span> <span class='ocrx_word' id='word_1_85' title='bbox 495 711 715 760; x_wconf 88' lang='lat' dir='ltr'>epistolam</span> <span class='ocrx_word' id='word_1_86' title='bbox 734 711 988 760; x_wconf 83' lang='lat' dir='ltr'>laconicam3</span> <span class='ocrx_word' id='word_1_87' title='bbox 1018 712 1075 750; x_wconf 89' lang='lat' dir='ltr'>sic</span> <span class='ocrx_word' id='word_1_88' title='bbox 1095 712 1208 751; x_wconf 91' lang='lat' dir='ltr'>enim</span> <span class='ocrx_word' id='word_1_89' title='bbox 1230 712 1339 752; x_wconf 88' lang='lat' dir='ltr'>soleo</span> <span class='ocrx_word' id='word_1_90' title='bbox 1362 726 1436 764; x_wconf 91' lang='lat' dir='ltr'>pro</span> <span class='ocrx_word' id='word_1_91' title='bbox 1461 712 1721 753; x_wconf 89' lang='lat' dir='ltr'>Lucullianis</span> <span class='ocrx_word' id='word_1_92' title='bbox 1744 714 1883 752; x_wconf 89' lang='lat' dir='ltr'>coenis</span> 
     </span>
     <span class='ocr_line' id='line_1_13' title="bbox 282 763 1882 818; baseline 0.004 -17"><span class='ocrx_word' id='word_1_93' title='bbox 282 763 555 813; x_wconf 87' lang='lat' dir='ltr'>Diogenieum</span> <span class='ocrx_word' id='word_1_94' title='bbox 576 778 770 815; x_wconf 87' lang='lat' dir='ltr'>reponere</span> <span class='ocrx_word' id='word_1_95' title='bbox 789 766 1044 805; x_wconf 92' lang='lat' dir='ltr'>conuiuium.</span> <span class='ocrx_word' id='word_1_96' title='bbox 1090 767 1246 805; x_wconf 85' lang='lat' dir='ltr'>Verum</span> <span class='ocrx_word' id='word_1_97' title='bbox 1267 767 1346 806; x_wconf 89' lang='lat' dir='ltr'>hoc</span> <span class='ocrx_word' id='word_1_98' title='bbox 1366 780 1450 806; x_wconf 90' lang='lat' dir='ltr'>non</span> <span class='ocrx_word' id='word_1_99' title='bbox 1470 767 1609 806; x_wconf 88' lang='lat' dir='ltr'>animo</span> <span class='ocrx_word' id='word_1_100' title='bbox 1629 769 1698 807; x_wconf 90' lang='lat' dir='ltr'>sed</span> <span class='ocrx_word' id='word_1_101' title='bbox 1716 781 1882 818; x_wconf 90' lang='lat' dir='ltr'>occupa-</span> 
     </span>
     <span class='ocr_line' id='line_1_14' title="bbox 281 817 1658 875; baseline 0.004 -21"><span class='ocrx_word' id='word_1_102' title='bbox 281 817 467 858; x_wconf 81' lang='lat' dir='ltr'>tionibus</span> <span class='ocrx_word' id='word_1_103' title='bbox 486 818 726 869; x_wconf 85' lang='lat' dir='ltr'>imputabis.</span> <span class='ocrx_word' id='word_1_104' title='bbox 787 820 902 858; x_wconf 91' lang='lat' dir='ltr'>Bene</span> <span class='ocrx_word' id='word_1_105' title='bbox 923 821 1014 859; x_wconf 90' lang='lat' dir='ltr'>vale</span> <span class='ocrx_word' id='word_1_106' title='bbox 1035 821 1221 860; x_wconf 86' lang='lat' dir='ltr'>Louanii.</span> <span class='ocrx_word' id='word_1_107' title='bbox 1282 818 1429 873; x_wconf 82' lang='lat' dir='ltr'>[Anno</span> <span class='ocrx_word' id='word_1_108' title='bbox 1449 820 1658 875; x_wconf 75' lang='lat' dir='ltr'>M.D.X1x.]</span> 
     </span>
    </p>
   </div>
   <div class='ocr_carea' id='block_1_4' title="bbox 656 1017 1513 1062">
    <p class='ocr_par' dir='ltr' id='par_1_6' title="bbox 656 1017 1513 1062">
     <span class='ocr_line' id='line_1_15' title="bbox 656 1017 1513 1062; baseline 0.006 -5"><span class='ocrx_word' id='word_1_109' title='bbox 656 1018 778 1059; x_wconf 86' lang='lat'>1105.</span> <span class='ocrx_word' id='word_1_110' title='bbox 841 1017 973 1060; x_wconf 81' lang='lat' dir='ltr'>FROM</span> <span class='ocrx_word' id='word_1_111' title='bbox 1006 1018 1174 1059; x_wconf 80' lang='lat' dir='ltr'>PHILIP</span> <span class='ocrx_word' id='word_1_112' title='bbox 1202 1019 1513 1062; x_wconf 74' lang='lat' dir='ltr'>ENGENTINUS.</span> 
     </span>
    </p>
   </div>
   <div class='ocr_carea' id='block_1_5' title="bbox 324 1123 1834 1232">
    <p class='ocr_par' dir='ltr' id='par_1_7' title="bbox 324 1123 1834 1232">
     <span class='ocr_line' id='line_1_16' title="bbox 324 1123 1787 1174; baseline 0.003 -16"><span class='ocrx_word' id='word_1_113' title='bbox 324 1123 516 1169; x_wconf 86' lang='lat' dir='ltr'>Epistolae</span> <span class='ocrx_word' id='word_1_114' title='bbox 539 1124 768 1160; x_wconf 84' lang='lat' dir='ltr'>eruditorum</span> <span class='ocrx_word' id='word_1_115' title='bbox 787 1125 961 1167; x_wconf 83' lang='lat' dir='ltr'>virorum,</span> <span class='ocrx_word' id='word_1_116' title='bbox 980 1138 1015 1171; x_wconf 86' lang='lat' dir='ltr'>p.</span> <span class='ocrx_word' id='word_1_117' title='bbox 1037 1137 1050 1162; x_wconf 91' lang='lat'>1</span> <span class='ocrx_word' id='word_1_118' title='bbox 1060 1136 1076 1172; x_wconf 77' lang='grc'><strong>5</strong></span> <span class='ocrx_word' id='word_1_119' title='bbox 1083 1137 1113 1172; x_wconf 83' lang='lat'>5.</span> <span class='ocrx_word' id='word_1_120' title='bbox 1594 1127 1787 1174; x_wconf 72' lang='lat' dir='ltr'>Freiburg.</span> 
     </span>
     <span class='ocr_line' id='line_1_17' title="bbox 324 1181 1834 1232; baseline 0.004 -16"><span class='ocrx_word' id='word_1_121' title='bbox 324 1181 450 1217; x_wconf 84' lang='lat' dir='ltr'>Jortin</span> <span class='ocrx_word' id='word_1_122' title='bbox 468 1181 507 1217; x_wconf 91' lang='lat' dir='ltr'>ii.</span> <span class='ocrx_word' id='word_1_123' title='bbox 527 1191 605 1226; x_wconf 81' lang='lat'>377.</span> <span class='ocrx_word' id='word_1_124' title='bbox 1558 1196 1603 1230; x_wconf 81' lang='lat'>24</span> <span class='ocrx_word' id='word_1_125' title='bbox 1622 1185 1710 1231; x_wconf 84' lang='lat' dir='ltr'>May</span> <span class='ocrx_word' id='word_1_126' title='bbox 1732 1196 1834 1232; x_wconf 79' lang='lat'>1520.</span> 
     </span>
    </p>
   </div>
   <div class='ocr_carea' id='block_1_6' title="bbox 411 1279 1748 1322">
    <p class='ocr_par' dir='ltr' id='par_1_8' title="bbox 411 1279 1748 1322">
     <span class='ocr_line' id='line_1_18' title="bbox 411 1279 1748 1322; baseline 0.002 -13"><span class='ocrx_word' id='word_1_127' title='bbox 411 1279 494 1319; x_wconf 79' lang='lat' dir='ltr'>[For</span> <span class='ocrx_word' id='word_1_128' title='bbox 512 1280 574 1310; x_wconf 72' lang='lat' dir='ltr'>the</span> <span class='ocrx_word' id='word_1_129' title='bbox 592 1289 714 1311; x_wconf 82' lang='lat' dir='ltr'>source</span> <span class='ocrx_word' id='word_1_130' title='bbox 731 1291 787 1312; x_wconf 89' lang='lat' dir='ltr'>see</span> <span class='ocrx_word' id='word_1_131' title='bbox 804 1291 836 1321; x_wconf 89' lang='lat' dir='ltr'>p.</span> <span class='ocrx_word' id='word_1_132' title='bbox 854 1291 928 1314; x_wconf 77' lang='lat'>210.</span> <span class='ocrx_word' id='word_1_133' title='bbox 978 1282 1051 1313; x_wconf 86' lang='lat' dir='ltr'>The</span> <span class='ocrx_word' id='word_1_134' title='bbox 1068 1281 1255 1322; x_wconf 78' lang='lat' dir='ltr'>year-(late</span> <span class='ocrx_word' id='word_1_135' title='bbox 1274 1280 1384 1312; x_wconf 83' lang='lat' dir='ltr'>needs</span> <span class='ocrx_word' id='word_1_136' title='bbox 1400 1291 1446 1312; x_wconf 92' lang='lat' dir='ltr'>no</span> <span class='ocrx_word' id='word_1_137' title='bbox 1464 1281 1748 1322; x_wconf 64' lang='lat' dir='ltr'>confirmation]</span> 
     </span>
    </p>
   </div>
   <div class='ocr_carea' id='block_1_7' title="bbox 335 1382 1859 1416">
    <p class='ocr_par' dir='ltr' id='par_1_9' title="bbox 335 1382 1859 1416">
     <span class='ocr_line' id='line_1_19' title="bbox 335 1382 1859 1416; baseline 0.001 -4"><span class='ocrx_word' id='word_1_138' title='bbox 335 1382 517 1414; x_wconf 84' lang='lat' dir='ltr'><strong>ERASMO</strong></span> <span class='ocrx_word' id='word_1_139' title='bbox 547 1383 858 1416; x_wconf 87' lang='lat' dir='ltr'><strong>ROTERODAMO</strong></span> <span class='ocrx_word' id='word_1_140' title='bbox 889 1384 1126 1416; x_wconf 88' lang='lat' dir='ltr'>THEOLOGO</span> <span class='ocrx_word' id='word_1_141' title='bbox 1158 1384 1405 1415; x_wconf 75' lang='lat' dir='ltr'>PHILIPPVS</span> <span class='ocrx_word' id='word_1_142' title='bbox 1436 1384 1728 1415; x_wconf 77' lang='lat' dir='ltr'>ENGENTINVS</span> <span class='ocrx_word' id='word_1_143' title='bbox 1759 1384 1793 1414; x_wconf 82' lang='lat' dir='ltr'>S.</span> <span class='ocrx_word' id='word_1_144' title='bbox 1818 1385 1859 1414; x_wconf 86' lang='lat' dir='ltr'>D.</span> 
     </span>
    </p>
   </div>
   <div class='ocr_carea' id='block_1_8' title="bbox 276 1478 1879 1695">
    <p class='ocr_par' dir='ltr' id='par_1_10' title="bbox 276 1478 1879 1695">
     <span class='ocr_line' id='line_1_20' title="bbox 332 1478 1879 1532; baseline 0.002 -14"><span class='ocrx_word' id='word_1_145' title='bbox 332 1478 425 1518; x_wconf 78' lang='lat' dir='ltr'>NON</span> <span class='ocrx_word' id='word_1_146' title='bbox 446 1494 617 1530; x_wconf 86' lang='lat' dir='ltr'>possum</span> <span class='ocrx_word' id='word_1_147' title='bbox 646 1494 729 1519; x_wconf 89' lang='lat' dir='ltr'>non</span> <span class='ocrx_word' id='word_1_148' title='bbox 758 1481 936 1520; x_wconf 85' lang='lat' dir='ltr'>scribere</span> <span class='ocrx_word' id='word_1_149' title='bbox 962 1482 1011 1520; x_wconf 87' lang='lat' dir='ltr'>ad</span> <span class='ocrx_word' id='word_1_150' title='bbox 1033 1483 1082 1528; x_wconf 90' lang='lat' dir='ltr'>te,</span> <span class='ocrx_word' id='word_1_151' title='bbox 1109 1481 1281 1520; x_wconf 86' lang='lat' dir='ltr'>Erasme</span> <span class='ocrx_word' id='word_1_152' title='bbox 1307 1481 1610 1527; x_wconf 83' lang='lat' dir='ltr'>candidissime,</span> <span class='ocrx_word' id='word_1_153' title='bbox 1635 1482 1879 1532; x_wconf 86' lang='lat' dir='ltr'>praesertim</span> 
     </span>
     <span class='ocr_line' id='line_1_21' title="bbox 277 1535 1874 1587; baseline 0.002 -15"><span class='ocrx_word' id='word_1_154' title='bbox 277 1547 372 1572; x_wconf 88' lang='lat' dir='ltr'>cum</span> <span class='ocrx_word' id='word_1_155' title='bbox 392 1535 442 1572; x_wconf 91' lang='lat' dir='ltr'>ad</span> <span class='ocrx_word' id='word_1_156' title='bbox 462 1548 613 1573; x_wconf 89' lang='lat' dir='ltr'>manus</span> <span class='ocrx_word' id='word_1_157' title='bbox 634 1549 744 1574; x_wconf 89' lang='lat' dir='ltr'>nunc</span> <span class='ocrx_word' id='word_1_158' title='bbox 765 1537 818 1574; x_wconf 86' lang='lat' dir='ltr'>sit</span> <span class='ocrx_word' id='word_1_159' title='bbox 839 1536 911 1586; x_wconf 90' lang='lat' dir='ltr'>qui</span> <span class='ocrx_word' id='word_1_160' title='bbox 934 1549 1048 1574; x_wconf 89' lang='lat' dir='ltr'>meas</span> <span class='ocrx_word' id='word_1_161' title='bbox 1071 1536 1151 1574; x_wconf 89' lang='lat' dir='ltr'>tibi</span> <span class='ocrx_word' id='word_1_162' title='bbox 1174 1536 1508 1574; x_wconf 86' lang='lat' dir='ltr'>commodissime</span> <span class='ocrx_word' id='word_1_163' title='bbox 1533 1536 1702 1575; x_wconf 86' lang='lat' dir='ltr'>reddere</span> <span class='ocrx_word' id='word_1_164' title='bbox 1726 1539 1874 1587; x_wconf 86' lang='lat' dir='ltr'>potest.</span> 
     </span>
     <span class='ocr_line' id='line_1_22' title="bbox 277 1588 1877 1630; baseline 0.002 -4"><span class='ocrx_word' id='word_1_165' title='bbox 277 1588 473 1626; x_wconf 82' lang='lat' dir='ltr'>Intellexi</span> <span class='ocrx_word' id='word_1_166' title='bbox 493 1591 631 1628; x_wconf 87' lang='lat' dir='ltr'>autem</span> <span class='ocrx_word' id='word_1_167' title='bbox 654 1590 822 1628; x_wconf 88' lang='lat' dir='ltr'>Zasium</span> <span class='ocrx_word' id='word_1_168' title='bbox 843 1593 1034 1629; x_wconf 87' lang='lat' dir='ltr'>nostrum</span> <span class='ocrx_word' id='word_1_169' title='bbox 1058 1591 1099 1628; x_wconf 87' lang='lat' dir='ltr'>et</span> <span class='ocrx_word' id='word_1_170' title='bbox 1124 1590 1385 1629; x_wconf 84' lang='lat' dir='ltr'>Bonifacium</span> <span class='ocrx_word' id='word_1_171' title='bbox 1410 1590 1741 1629; x_wconf 84' lang='lat' dir='ltr'>Amorbachium</span> <span class='ocrx_word' id='word_1_172' title='bbox 1765 1591 1877 1630; x_wconf 88' lang='lat' dir='ltr'>idem</span> 
     </span>
     <span class='ocr_line' id='line_1_23' title="bbox 276 1642 1878 1695; baseline 0.002 -15"><span class='ocrx_word' id='word_1_173' title='bbox 276 1642 468 1682; x_wconf 78' lang='lat' dir='ltr'>facturos.</span> <span class='ocrx_word' id='word_1_174' title='bbox 529 1644 652 1682; x_wconf 92' lang='lat' dir='ltr'>Vnde</span> <span class='ocrx_word' id='word_1_175' title='bbox 690 1645 903 1694; x_wconf 85' lang='lat' dir='ltr'>piaculum</span> <span class='ocrx_word' id='word_1_176' title='bbox 938 1644 1171 1692; x_wconf 90' lang='lat' dir='ltr'>arbitrarer,</span> <span class='ocrx_word' id='word_1_177' title='bbox 1209 1644 1255 1693; x_wconf 87' lang='lat' dir='ltr'>si,</span> <span class='ocrx_word' id='word_1_178' title='bbox 1289 1644 1495 1683; x_wconf 78' lang='lat' dir='ltr'>litei-ariae</span> <span class='ocrx_word' id='word_1_179' title='bbox 1530 1644 1719 1693; x_wconf 83' lang='lat' dir='ltr'>militiae,</span> <span class='ocrx_word' id='word_1_180' title='bbox 1752 1659 1878 1695; x_wconf 84' lang='lat' dir='ltr'>quan-</span> 
     </span>
    </p>
   </div>
   <div class='ocr_carea' id='block_1_9' title="bbox 238 1698 1877 1747">
    <p class='ocr_par' dir='ltr' id='par_1_11' title="bbox 238 1698 1877 1747">
     <span class='ocr_line' id='line_1_24' title="bbox 238 1698 1877 1747; baseline 0.002 -12"><span class='ocrx_word' id='word_1_181' title='bbox 238 1711 254 1739; x_wconf 76' lang='lat'><strong>5</strong></span> <span class='ocrx_word' id='word_1_182' title='bbox 275 1709 399 1746; x_wconf 90' lang='lat' dir='ltr'>quam</span> <span class='ocrx_word' id='word_1_183' title='bbox 439 1698 544 1736; x_wconf 81' lang='lat' dir='ltr'>forte</span> <span class='ocrx_word' id='word_1_184' title='bbox 581 1698 681 1737; x_wconf 89' lang='lat' dir='ltr'>satis</span> <span class='ocrx_word' id='word_1_185' title='bbox 718 1698 951 1746; x_wconf 83' lang='lat' dir='ltr'>infeliciter,</span> <span class='ocrx_word' id='word_1_186' title='bbox 989 1700 1133 1737; x_wconf 87' lang='lat' dir='ltr'>eodem</span> <span class='ocrx_word' id='word_1_187' title='bbox 1173 1701 1431 1737; x_wconf 86' lang='lat' dir='ltr'>sacramento</span> <span class='ocrx_word' id='word_1_188' title='bbox 1470 1699 1679 1747; x_wconf 72' lang='lat' dir='ltr'>astrictus,</span> <span class='ocrx_word' id='word_1_189' title='bbox 1717 1713 1766 1738; x_wconf 79' lang='lat' dir='ltr'>ex</span> <span class='ocrx_word' id='word_1_190' title='bbox 1799 1699 1877 1738; x_wconf 87' lang='lat' dir='ltr'>hoc</span> 
     </span>
    </p>
   </div>
   <div class='ocr_carea' id='block_1_10' title="bbox 219 1983 257 2004">
    <p class='ocr_par' dir='ltr' id='par_1_12' title="bbox 219 1983 257 2004">
     <span class='ocr_line' id='line_1_25' title="bbox 219 1983 257 2004; baseline 0 0"><span class='ocrx_word' id='word_1_191' title='bbox 219 1983 257 2004; x_wconf 89' lang='lat'>10</span> 
     </span>
    </p>
   </div>
   <div class='ocr_carea' id='block_1_11' title="bbox 274 1753 1877 2508">
    <p class='ocr_par' dir='ltr' id='par_1_13' title="bbox 274 1753 1877 2508">
     <span class='ocr_line' id='line_1_26' title="bbox 275 1753 1876 1803; baseline 0.002 -15"><span class='ocrx_word' id='word_1_192' title='bbox 275 1763 448 1790; x_wconf 90' lang='lat' dir='ltr'>munere</span> <span class='ocrx_word' id='word_1_193' title='bbox 477 1765 544 1790; x_wconf 91' lang='lat' dir='ltr'>me</span> <span class='ocrx_word' id='word_1_194' title='bbox 574 1753 872 1791; x_wconf 84' lang='lat' dir='ltr'>subtraherem.</span> <span class='ocrx_word' id='word_1_195' title='bbox 934 1754 1181 1803; x_wconf 78' lang='lat' dir='ltr'>Quanquam</span> <span class='ocrx_word' id='word_1_196' title='bbox 1212 1766 1295 1791; x_wconf 89' lang='lat' dir='ltr'>non</span> <span class='ocrx_word' id='word_1_197' title='bbox 1325 1753 1411 1791; x_wconf 85' lang='lat' dir='ltr'>sim</span> <span class='ocrx_word' id='word_1_198' title='bbox 1438 1753 1603 1792; x_wconf 85' lang='lat' dir='ltr'>nescius</span> <span class='ocrx_word' id='word_1_199' title='bbox 1637 1757 1676 1792; x_wconf 83' lang='lat' dir='ltr'>te</span> <span class='ocrx_word' id='word_1_200' title='bbox 1710 1767 1799 1792; x_wconf 91' lang='lat' dir='ltr'>esse</span> <span class='ocrx_word' id='word_1_201' title='bbox 1833 1755 1876 1792; x_wconf 89' lang='lat' dir='ltr'>in</span> 
     </span>
     <span class='ocr_line' id='line_1_27' title="bbox 275 1805 1877 1858; baseline 0.002 -15"><span class='ocrx_word' id='word_1_202' title='bbox 275 1805 395 1843; x_wconf 89' lang='lat' dir='ltr'>bonis</span> <span class='ocrx_word' id='word_1_203' title='bbox 413 1806 543 1844; x_wconf 91' lang='lat' dir='ltr'>literis</span> <span class='ocrx_word' id='word_1_204' title='bbox 563 1807 870 1856; x_wconf 86' lang='lat' dir='ltr'>amplificandis</span> <span class='ocrx_word' id='word_1_205' title='bbox 885 1807 1009 1858; x_wconf 84' lang='lat' dir='ltr'>longe</span> <span class='ocrx_word' id='word_1_206' title='bbox 1025 1808 1402 1856; x_wconf 84' lang='lat' dir='ltr'>occupatissimum,</span> <span class='ocrx_word' id='word_1_207' title='bbox 1420 1810 1465 1845; x_wconf 85' lang='lat' dir='ltr'>vt</span> <span class='ocrx_word' id='word_1_208' title='bbox 1479 1808 1529 1846; x_wconf 88' lang='lat' dir='ltr'>ad</span> <span class='ocrx_word' id='word_1_209' title='bbox 1546 1809 1588 1846; x_wconf 82' lang='lat' dir='ltr'>te</span> <span class='ocrx_word' id='word_1_210' title='bbox 1603 1808 1877 1847; x_wconf 88' lang='lat' dir='ltr'>scribentium</span> 
     </span>
     <span class='ocr_line' id='line_1_28' title="bbox 276 1861 1877 1911; baseline 0.002 -13"><span class='ocrx_word' id='word_1_211' title='bbox 276 1861 548 1910; x_wconf 88' lang='lat' dir='ltr'>quantumuis</span> <span class='ocrx_word' id='word_1_212' title='bbox 569 1861 716 1900; x_wconf 88' lang='lat' dir='ltr'>breues</span> <span class='ocrx_word' id='word_1_213' title='bbox 738 1862 934 1911; x_wconf 86' lang='lat' dir='ltr'>epistolas</span> <span class='ocrx_word' id='word_1_214' title='bbox 957 1862 1029 1900; x_wconf 82' lang='lat' dir='ltr'>vix</span> <span class='ocrx_word' id='word_1_215' title='bbox 1055 1862 1189 1911; x_wconf 89' lang='lat' dir='ltr'>legere</span> <span class='ocrx_word' id='word_1_216' title='bbox 1214 1875 1353 1911; x_wconf 88' lang='lat' dir='ltr'>queas,</span> <span class='ocrx_word' id='word_1_217' title='bbox 1376 1864 1530 1910; x_wconf 78' lang='lat' dir='ltr'>tamen,</span> <span class='ocrx_word' id='word_1_218' title='bbox 1553 1865 1599 1901; x_wconf 89' lang='lat' dir='ltr'>vt</span> <span class='ocrx_word' id='word_1_219' title='bbox 1627 1862 1703 1900; x_wconf 89' lang='lat' dir='ltr'>tibi</span> <span class='ocrx_word' id='word_1_220' title='bbox 1725 1863 1877 1902; x_wconf 91' lang='lat' dir='ltr'>veteris</span> 
     </span>
     <span class='ocr_line' id='line_1_29' title="bbox 275 1915 1876 1966; baseline 0.002 -14"><span class='ocrx_word' id='word_1_221' title='bbox 275 1915 491 1953; x_wconf 85' lang='lat' dir='ltr'>conuictus</span> <span class='ocrx_word' id='word_1_222' title='bbox 529 1916 776 1954; x_wconf 86' lang='lat' dir='ltr'>memoriam</span> <span class='ocrx_word' id='word_1_223' title='bbox 814 1917 1001 1955; x_wconf 86' lang='lat' dir='ltr'>refricem</span> <span class='ocrx_word' id='word_1_224' title='bbox 1041 1916 1248 1966; x_wconf 86' lang='lat' dir='ltr'>simulque</span> <span class='ocrx_word' id='word_1_225' title='bbox 1289 1916 1537 1955; x_wconf 86' lang='lat' dir='ltr'>admoneam</span> <span class='ocrx_word' id='word_1_226' title='bbox 1576 1930 1643 1954; x_wconf 91' lang='lat' dir='ltr'>me</span> <span class='ocrx_word' id='word_1_227' title='bbox 1686 1930 1774 1955; x_wconf 87' lang='lat' dir='ltr'>esse</span> <span class='ocrx_word' id='word_1_228' title='bbox 1813 1917 1876 1956; x_wconf 79' lang='lat' dir='ltr'>tui</span> 
     </span>
     <span class='ocr_line' id='line_1_30' title="bbox 276 1969 1876 2020; baseline 0.003 -14"><span class='ocrx_word' id='word_1_229' title='bbox 276 1969 460 2007; x_wconf 88' lang='lat' dir='ltr'>nominis</span> <span class='ocrx_word' id='word_1_230' title='bbox 494 1969 858 2014; x_wconf 89' lang='lat' dir='ltr'>studiosissimum,</span> <span class='ocrx_word' id='word_1_231' title='bbox 890 1971 1010 2009; x_wconf 87' lang='lat' dir='ltr'>nolui</span> <span class='ocrx_word' id='word_1_232' title='bbox 1039 1971 1301 2009; x_wconf 86' lang='lat' dir='ltr'>committere</span> <span class='ocrx_word' id='word_1_233' title='bbox 1334 1974 1379 2008; x_wconf 83' lang='lat' dir='ltr'>vt</span> <span class='ocrx_word' id='word_1_234' title='bbox 1412 1970 1567 2020; x_wconf 83' lang='lat' dir='ltr'>absque</span> <span class='ocrx_word' id='word_1_235' title='bbox 1600 1970 1706 2009; x_wconf 75' lang='lat' dir='ltr'>ineis</span> <span class='ocrx_word' id='word_1_236' title='bbox 1741 1971 1876 2011; x_wconf 85' lang='lat' dir='ltr'>literis</span> 
     </span>
     <span class='ocr_line' id='line_1_31' title="bbox 275 2025 1875 2075; baseline 0.002 -14"><span class='ocrx_word' id='word_1_237' title='bbox 275 2026 361 2061; x_wconf 88' lang='lat' dir='ltr'>tam</span> <span class='ocrx_word' id='word_1_238' title='bbox 400 2026 631 2074; x_wconf 86' lang='lat' dir='ltr'>opportune</span> <span class='ocrx_word' id='word_1_239' title='bbox 669 2025 833 2064; x_wconf 91' lang='lat' dir='ltr'>oblatus</span> <span class='ocrx_word' id='word_1_240' title='bbox 871 2025 1048 2064; x_wconf 86' lang='lat' dir='ltr'>nuncius</span> <span class='ocrx_word' id='word_1_241' title='bbox 1084 2025 1133 2063; x_wconf 88' lang='lat' dir='ltr'>ad</span> <span class='ocrx_word' id='word_1_242' title='bbox 1173 2027 1214 2063; x_wconf 92' lang='lat' dir='ltr'>te</span> <span class='ocrx_word' id='word_1_243' title='bbox 1251 2025 1590 2075; x_wconf 74' lang='lat' dir='ltr'>proficisceretur.</span> <span class='ocrx_word' id='word_1_244' title='bbox 1649 2026 1789 2075; x_wconf 88' lang='lat' dir='ltr'>Atque</span> <span class='ocrx_word' id='word_1_245' title='bbox 1828 2039 1875 2064; x_wconf 90' lang='lat' dir='ltr'>eo</span> 
     </span>
     <span class='ocr_line' id='line_1_32' title="bbox 275 2078 1876 2130; baseline 0.002 -15"><span class='ocrx_word' id='word_1_246' title='bbox 275 2078 445 2116; x_wconf 90' lang='lat' dir='ltr'>nomine</span> <span class='ocrx_word' id='word_1_247' title='bbox 486 2079 659 2117; x_wconf 81' lang='lat' dir='ltr'>minime</span> <span class='ocrx_word' id='word_1_248' title='bbox 696 2080 861 2129; x_wconf 82' lang='lat' dir='ltr'>grauari</span> <span class='ocrx_word' id='word_1_249' title='bbox 899 2080 1047 2128; x_wconf 89' lang='lat' dir='ltr'>debes;</span> <span class='ocrx_word' id='word_1_250' title='bbox 1090 2080 1244 2128; x_wconf 88' lang='lat' dir='ltr'>poteris</span> <span class='ocrx_word' id='word_1_251' title='bbox 1277 2080 1392 2117; x_wconf 88' lang='lat' dir='ltr'>enim</span> <span class='ocrx_word' id='word_1_252' title='bbox 1425 2079 1641 2117; x_wconf 87' lang='lat' dir='ltr'>tantillum</span> <span class='ocrx_word' id='word_1_253' title='bbox 1676 2080 1876 2130; x_wconf 85' lang='lat' dir='ltr'>temporis</span> 
     </span>
     <span class='ocr_line' id='line_1_33' title="bbox 274 2132 1874 2183; baseline 0.001 -13"><span class='ocrx_word' id='word_1_254' title='bbox 274 2132 467 2171; x_wconf 87' lang='lat' dir='ltr'>suffurari</span> <span class='ocrx_word' id='word_1_255' title='bbox 489 2132 572 2171; x_wconf 88' lang='lat' dir='ltr'>tuis</span> <span class='ocrx_word' id='word_1_256' title='bbox 592 2133 773 2182; x_wconf 85' lang='lat' dir='ltr'>negociis</span> <span class='ocrx_word' id='word_1_257' title='bbox 794 2135 839 2172; x_wconf 90' lang='lat' dir='ltr'>vt</span> <span class='ocrx_word' id='word_1_258' title='bbox 859 2134 963 2172; x_wconf 88' lang='lat' dir='ltr'>citra</span> <span class='ocrx_word' id='word_1_259' title='bbox 984 2147 1181 2173; x_wconf 86' lang='lat' dir='ltr'>nauseam</span> <span class='ocrx_word' id='word_1_260' title='bbox 1202 2133 1318 2183; x_wconf 86' lang='lat' dir='ltr'>quasi</span> <span class='ocrx_word' id='word_1_261' title='bbox 1338 2132 1518 2171; x_wconf 87' lang='lat' dir='ltr'>ludendo</span> <span class='ocrx_word' id='word_1_262' title='bbox 1545 2133 1652 2172; x_wconf 90' lang='lat' dir='ltr'>mihi</span> <span class='ocrx_word' id='word_1_263' title='bbox 1678 2134 1874 2172; x_wconf 88' lang='lat' dir='ltr'>nonnihil</span> 
     </span>
     <span class='ocr_line' id='line_1_34' title="bbox 275 2186 1874 2237; baseline 0.003 -14"><span class='ocrx_word' id='word_1_264' title='bbox 275 2186 498 2236; x_wconf 84' lang='lat' dir='ltr'>impartias.</span> <span class='ocrx_word' id='word_1_265' title='bbox 559 2187 702 2237; x_wconf 88' lang='lat' dir='ltr'>Neque</span> <span class='ocrx_word' id='word_1_266' title='bbox 736 2201 760 2226; x_wconf 89' lang='lat' dir='ltr'>a</span> <span class='ocrx_word' id='word_1_267' title='bbox 791 2190 864 2226; x_wconf 89' lang='lat' dir='ltr'>tua</span> <span class='ocrx_word' id='word_1_268' title='bbox 898 2189 1159 2227; x_wconf 86' lang='lat' dir='ltr'>humanitate</span> <span class='ocrx_word' id='word_1_269' title='bbox 1192 2188 1375 2226; x_wconf 86' lang='lat' dir='ltr'>alienum</span> <span class='ocrx_word' id='word_1_270' title='bbox 1407 2187 1546 2235; x_wconf 85' lang='lat' dir='ltr'>fuerit,</span> <span class='ocrx_word' id='word_1_271' title='bbox 1583 2188 1618 2225; x_wconf 88' lang='lat' dir='ltr'>si</span> <span class='ocrx_word' id='word_1_272' title='bbox 1652 2188 1874 2227; x_wconf 88' lang='lat' dir='ltr'>candidum</span> 
     </span>
     <span class='ocr_line' id='line_1_35' title="bbox 276 2240 1871 2292; baseline 0.003 -14"><span class='ocrx_word' id='word_1_273' title='bbox 276 2254 416 2279; x_wconf 90' lang='lat' dir='ltr'>meum</span> <span class='ocrx_word' id='word_1_274' title='bbox 437 2241 480 2279; x_wconf 93' lang='lat' dir='ltr'>in</span> <span class='ocrx_word' id='word_1_275' title='bbox 506 2243 547 2280; x_wconf 88' lang='lat' dir='ltr'>te</span> <span class='ocrx_word' id='word_1_276' title='bbox 565 2242 755 2280; x_wconf 90' lang='lat' dir='ltr'>animum</span> <span class='ocrx_word' id='word_1_277' title='bbox 778 2242 940 2281; x_wconf 89' lang='lat' dir='ltr'>meliori</span> <span class='ocrx_word' id='word_1_278' title='bbox 960 2243 1118 2281; x_wconf 88' lang='lat' dir='ltr'>calculo</span> <span class='ocrx_word' id='word_1_279' title='bbox 1138 2240 1494 2292; x_wconf 87' lang='lat' dir='ltr'>comprobaueris:</span> <span class='ocrx_word' id='word_1_280' title='bbox 1525 2242 1635 2291; x_wconf 89' lang='lat' dir='ltr'>quod</span> <span class='ocrx_word' id='word_1_281' title='bbox 1657 2241 1693 2280; x_wconf 86' lang='lat' dir='ltr'>si</span> <span class='ocrx_word' id='word_1_282' title='bbox 1714 2242 1871 2291; x_wconf 86' lang='lat' dir='ltr'>feceris,</span> 
     </span>
     <span class='ocr_line' id='line_1_36' title="bbox 274 2294 1874 2346; baseline 0.002 -14"><span class='ocrx_word' id='word_1_283' title='bbox 274 2294 388 2333; x_wconf 85' lang='lat' dir='ltr'>exilii</span> <span class='ocrx_word' id='word_1_284' title='bbox 407 2296 490 2333; x_wconf 89' lang='lat' dir='ltr'>mei</span> <span class='ocrx_word' id='word_1_285' title='bbox 509 2298 751 2346; x_wconf 87' lang='lat' dir='ltr'>perpetuam</span> <span class='ocrx_word' id='word_1_286' title='bbox 773 2297 1010 2335; x_wconf 86' lang='lat' dir='ltr'>molestiam</span> <span class='ocrx_word' id='word_1_287' title='bbox 1030 2296 1247 2335; x_wconf 85' lang='lat' dir='ltr'>subleuare</span> <span class='ocrx_word' id='word_1_288' title='bbox 1268 2296 1467 2342; x_wconf 82' lang='lat' dir='ltr'>videbere,</span> <span class='ocrx_word' id='word_1_289' title='bbox 1491 2296 1598 2345; x_wconf 87' lang='lat' dir='ltr'>quod</span> <span class='ocrx_word' id='word_1_290' title='bbox 1619 2309 1747 2346; x_wconf 89' lang='lat' dir='ltr'>vsque</span> <span class='ocrx_word' id='word_1_291' title='bbox 1774 2297 1874 2335; x_wconf 85' lang='lat' dir='ltr'>adeo</span> 
     </span>
     <span class='ocr_line' id='line_1_37' title="bbox 274 2350 1873 2401; baseline 0.003 -15"><span class='ocrx_word' id='word_1_292' title='bbox 274 2362 341 2386; x_wconf 92' lang='lat' dir='ltr'>me</span> <span class='ocrx_word' id='word_1_293' title='bbox 361 2350 484 2398; x_wconf 87' lang='lat' dir='ltr'>fregit</span> <span class='ocrx_word' id='word_1_294' title='bbox 504 2363 621 2399; x_wconf 88' lang='lat' dir='ltr'>pene,</span> <span class='ocrx_word' id='word_1_295' title='bbox 642 2352 688 2388; x_wconf 91' lang='lat' dir='ltr'>vt</span> <span class='ocrx_word' id='word_1_296' title='bbox 708 2351 835 2390; x_wconf 87' lang='lat' dir='ltr'>etiam</span> <span class='ocrx_word' id='word_1_297' title='bbox 855 2353 949 2400; x_wconf 91' lang='lat' dir='ltr'>post</span> <span class='ocrx_word' id='word_1_298' title='bbox 968 2351 1149 2390; x_wconf 89' lang='lat' dir='ltr'>reditum</span> <span class='ocrx_word' id='word_1_299' title='bbox 1170 2351 1219 2388; x_wconf 88' lang='lat' dir='ltr'>ad</span> <span class='ocrx_word' id='word_1_300' title='bbox 1242 2352 1382 2388; x_wconf 89' lang='lat' dir='ltr'>nostra</span> <span class='ocrx_word' id='word_1_301' title='bbox 1401 2350 1540 2388; x_wconf 80' lang='lat' dir='ltr'>studia</span> <span class='ocrx_word' id='word_1_302' title='bbox 1563 2350 1633 2388; x_wconf 82' lang='lat' dir='ltr'>vix</span> <span class='ocrx_word' id='word_1_303' title='bbox 1659 2350 1766 2388; x_wconf 84' lang='lat' dir='ltr'>mihi</span> <span class='ocrx_word' id='word_1_304' title='bbox 1793 2351 1873 2401; x_wconf 89' lang='lat' dir='ltr'>ipsi</span> 
     </span>
     <span class='ocr_line' id='line_1_38' title="bbox 275 2403 1874 2445; baseline 0.003 -6"><span class='ocrx_word' id='word_1_305' title='bbox 275 2406 471 2442; x_wconf 89' lang='lat' dir='ltr'>constem.</span> <span class='ocrx_word' id='word_1_306' title='bbox 531 2404 806 2443; x_wconf 85' lang='lat' dir='ltr'>Exulauimus</span> <span class='ocrx_word' id='word_1_307' title='bbox 824 2407 965 2444; x_wconf 86' lang='lat' dir='ltr'>autem</span> <span class='ocrx_word' id='word_1_308' title='bbox 986 2405 1202 2445; x_wconf 90' lang='lat' dir='ltr'>mensibus</span> <span class='ocrx_word' id='word_1_309' title='bbox 1220 2404 1361 2443; x_wconf 89' lang='lat' dir='ltr'>decem</span> <span class='ocrx_word' id='word_1_310' title='bbox 1382 2403 1433 2442; x_wconf 90' lang='lat' dir='ltr'>ob</span> <span class='ocrx_word' id='word_1_311' title='bbox 1453 2404 1747 2442; x_wconf 79' lang='lat' dir='ltr'>inclementem</span> <span class='ocrx_word' id='word_1_312' title='bbox 1768 2406 1874 2444; x_wconf 87' lang='lat' dir='ltr'>aeris</span> 
     </span>
     <span class='ocr_line' id='line_1_39' title="bbox 276 2457 1874 2508; baseline 0.003 -14"><span class='ocrx_word' id='word_1_313' title='bbox 276 2457 581 2507; x_wconf 87' lang='lat' dir='ltr'>intemperiem,</span> <span class='ocrx_word' id='word_1_314' title='bbox 604 2472 705 2508; x_wconf 82' lang='lat' dir='ltr'>quae</span> <span class='ocrx_word' id='word_1_315' title='bbox 730 2459 886 2498; x_wconf 88' lang='lat' dir='ltr'>multas</span> <span class='ocrx_word' id='word_1_316' title='bbox 912 2459 1123 2498; x_wconf 89' lang='lat' dir='ltr'>centurias</span> <span class='ocrx_word' id='word_1_317' title='bbox 1146 2458 1377 2505; x_wconf 75' lang='lat' dir='ltr'>hominum,</span> <span class='ocrx_word' id='word_1_318' title='bbox 1406 2458 1492 2496; x_wconf 90' lang='lat' dir='ltr'>imo</span> <span class='ocrx_word' id='word_1_319' title='bbox 1516 2458 1716 2497; x_wconf 82' lang='lat' dir='ltr'>chiliadas</span> <span class='ocrx_word' id='word_1_320' title='bbox 1740 2459 1874 2498; x_wconf 88' lang='lat' dir='ltr'>absor-</span> 
     </span>
    </p>
   </div>
   <div class='ocr_carea' id='block_1_12' title="bbox 217 2511 1872 2562">
    <p class='ocr_par' dir='ltr' id='par_1_14' title="bbox 217 2511 1872 2562">
     <span class='ocr_line' id='line_1_40' title="bbox 217 2511 1872 2562; baseline 0.002 -14"><span class='ocrx_word' id='word_1_321' title='bbox 217 2523 231 2543; x_wconf 78' lang='lat'><em>2</em></span> <span class='ocrx_word' id='word_1_322' title='bbox 275 2511 369 2560; x_wconf 90' lang='lat' dir='ltr'>psit.</span> <span class='ocrx_word' id='word_1_323' title='bbox 430 2512 491 2550; x_wconf 88' lang='lat' dir='ltr'>Eo</span> <span class='ocrx_word' id='word_1_324' title='bbox 526 2515 665 2550; x_wconf 87' lang='lat' dir='ltr'>tamen</span> <span class='ocrx_word' id='word_1_325' title='bbox 699 2513 856 2562; x_wconf 81' lang='lat' dir='ltr'>gratior</span> <span class='ocrx_word' id='word_1_326' title='bbox 883 2514 964 2552; x_wconf 85' lang='lat' dir='ltr'>fuit</span> <span class='ocrx_word' id='word_1_327' title='bbox 996 2513 1104 2552; x_wconf 88' lang='lat' dir='ltr'>mihi</span> <span class='ocrx_word' id='word_1_328' title='bbox 1137 2513 1293 2552; x_wconf 81' lang='lat' dir='ltr'>isthaec</span> <span class='ocrx_word' id='word_1_329' title='bbox 1326 2512 1523 2559; x_wconf 80' lang='lat' dir='ltr'>absentia,</span> <span class='ocrx_word' id='word_1_330' title='bbox 1563 2513 1671 2562; x_wconf 84' lang='lat' dir='ltr'>quod</span> <span class='ocrx_word' id='word_1_331' title='bbox 1706 2513 1872 2562; x_wconf 87' lang='lat' dir='ltr'>publico</span> 
     </span>
    </p>
   </div>
   <div class='ocr_carea' id='block_1_13' title="bbox 275 2565 1510 2607">
    <p class='ocr_par' dir='ltr' id='par_1_15' title="bbox 275 2565 1510 2607">
     <span class='ocr_line' id='line_1_41' title="bbox 275 2565 1510 2607; baseline 0.001 -4"><span class='ocrx_word' id='word_1_332' title='bbox 275 2565 454 2604; x_wconf 87' lang='lat' dir='ltr'>Senatus</span> <span class='ocrx_word' id='word_1_333' title='bbox 476 2567 606 2604; x_wconf 87' lang='lat' dir='ltr'>nostri</span> <span class='ocrx_word' id='word_1_334' title='bbox 627 2566 799 2605; x_wconf 89' lang='lat' dir='ltr'>literarii</span> <span class='ocrx_word' id='word_1_335' title='bbox 820 2569 982 2607; x_wconf 87' lang='lat' dir='ltr'>decreto</span> <span class='ocrx_word' id='word_1_336' title='bbox 1003 2569 1194 2606; x_wconf 90' lang='lat' dir='ltr'>decenter</span> <span class='ocrx_word' id='word_1_337' title='bbox 1217 2567 1358 2605; x_wconf 80' lang='lat' dir='ltr'>abesse</span> <span class='ocrx_word' id='word_1_338' title='bbox 1379 2566 1510 2604; x_wconf 89' lang='lat' dir='ltr'>licuit.</span> 
     </span>
    </p>
   </div>
   <div class='ocr_carea' id='block_1_14' title="bbox 397 2653 560 2656">
    <p class='ocr_par' dir='ltr' id='par_1_16' title="bbox 397 2653 560 2656">
     <span class='ocr_line' id='line_1_42' title="bbox 397 2653 560 2656; baseline 0 0"><span class='ocrx_word' id='word_1_339' title='bbox 397 2653 560 2656; x_wconf 95' lang='lat' dir='ltr'> </span> 
     </span>
    </p>
   </div>
   <div class='ocr_carea' id='block_1_15' title="bbox 275 2695 1871 2823">
    <p class='ocr_par' dir='ltr' id='par_1_17' title="bbox 275 2695 1871 2823">
     <span class='ocr_line' id='line_1_43' title="bbox 321 2695 1871 2737; baseline 0.002 -12"><span class='ocrx_word' id='word_1_340' title='bbox 321 2696 416 2726; x_wconf 86' lang='lat'>1105.</span> <span class='ocrx_word' id='word_1_341' title='bbox 434 2704 464 2734; x_wconf 86' lang='lat'>3.</span> <span class='ocrx_word' id='word_1_342' title='bbox 484 2695 581 2725; x_wconf 86' lang='lat' dir='ltr'>idem</span> <span class='ocrx_word' id='word_1_343' title='bbox 597 2695 766 2737; x_wconf 78' lang='lat' dir='ltr'>facturos]</span> <span class='ocrx_word' id='word_1_344' title='bbox 788 2696 874 2726; x_wconf 77' lang='lat' dir='ltr'>This</span> <span class='ocrx_word' id='word_1_345' title='bbox 887 2706 1000 2726; x_wconf 75' lang='lat' dir='ltr'>seems</span> <span class='ocrx_word' id='word_1_346' title='bbox 1014 2698 1050 2726; x_wconf 84' lang='lat' dir='ltr'>to</span> <span class='ocrx_word' id='word_1_347' title='bbox 1139 2705 1171 2734; x_wconf 90' lang='lat'>9.</span> <span class='ocrx_word' id='word_1_348' title='bbox 1198 2695 1401 2736; x_wconf 81' lang='lat' dir='ltr'>conuictus]</span> <span class='ocrx_word' id='word_1_349' title='bbox 1425 2696 1475 2726; x_wconf 85' lang='lat' dir='ltr'>At</span> <span class='ocrx_word' id='word_1_350' title='bbox 1500 2695 1604 2727; x_wconf 77' lang='lat' dir='ltr'>Basle</span> <span class='ocrx_word' id='word_1_351' title='bbox 1627 2697 1665 2727; x_wconf 89' lang='lat' dir='ltr'>in</span> <span class='ocrx_word' id='word_1_352' title='bbox 1687 2707 1791 2737; x_wconf 83' lang='lat'>15153</span> <span class='ocrx_word' id='word_1_353' title='bbox 1816 2708 1871 2729; x_wconf 63' lang='lat' dir='ltr'>see</span> 
     </span>
     <span class='ocr_line' id='line_1_44' title="bbox 277 2738 1351 2778; baseline 0.001 -10"><span class='ocrx_word' id='word_1_354' title='bbox 277 2738 368 2769; x_wconf 86' lang='lat' dir='ltr'>refer</span> <span class='ocrx_word' id='word_1_355' title='bbox 380 2741 417 2769; x_wconf 91' lang='lat' dir='ltr'>to</span> <span class='ocrx_word' id='word_1_356' title='bbox 430 2738 569 2778; x_wconf 88' lang='lat' dir='ltr'>private</span> <span class='ocrx_word' id='word_1_357' title='bbox 582 2738 718 2778; x_wconf 81' lang='lat' dir='ltr'>letters,</span> <span class='ocrx_word' id='word_1_358' title='bbox 730 2749 811 2770; x_wconf 87' lang='lat' dir='ltr'>now</span> <span class='ocrx_word' id='word_1_359' title='bbox 821 2741 885 2770; x_wconf 86' lang='lat' dir='ltr'>not</span> <span class='ocrx_word' id='word_1_360' title='bbox 897 2740 1024 2770; x_wconf 77' lang='lat' dir='ltr'>extant</span> <span class='ocrx_word' id='word_1_361' title='bbox 1039 2750 1046 2778; x_wconf 80' lang='lat'><em>3</em></span> <span class='ocrx_word' id='word_1_362' title='bbox 1097 2739 1158 2778; x_wconf 78' lang='lat' dir='ltr'>Ep.</span> <span class='ocrx_word' id='word_1_363' title='bbox 1178 2748 1253 2778; x_wconf 85' lang='lat'>344.</span> <span class='ocrx_word' id='word_1_364' title='bbox 1271 2748 1351 2777; x_wconf 84' lang='lat' dir='ltr'>52n.</span> 
     </span>
     <span class='ocr_line' id='line_1_45' title="bbox 275 2781 1870 2823; baseline 0.003 -12"><span class='ocrx_word' id='word_1_365' title='bbox 275 2782 330 2812; x_wconf 85' lang='lat' dir='ltr'>for</span> <span class='ocrx_word' id='word_1_366' title='bbox 352 2782 492 2821; x_wconf 85' lang='lat' dir='ltr'>against</span> <span class='ocrx_word' id='word_1_367' title='bbox 515 2781 583 2812; x_wconf 86' lang='lat' dir='ltr'>Lee</span> <span class='ocrx_word' id='word_1_368' title='bbox 614 2782 783 2813; x_wconf 78' lang='lat' dir='ltr'>Boniface</span> <span class='ocrx_word' id='word_1_369' title='bbox 807 2783 879 2814; x_wconf 85' lang='lat' dir='ltr'>had</span> <span class='ocrx_word' id='word_1_370' title='bbox 904 2782 1050 2822; x_wconf 81' lang='lat' dir='ltr'>already</span> <span class='ocrx_word' id='word_1_371' title='bbox 1143 2783 1192 2813; x_wconf 90' lang='lat'>18.</span> <span class='ocrx_word' id='word_1_372' title='bbox 1217 2781 1471 2823; x_wconf 79' lang='lat' dir='ltr'>Exulauinms]</span> <span class='ocrx_word' id='word_1_373' title='bbox 1496 2785 1534 2813; x_wconf 88' lang='lat' dir='ltr'>at</span> <span class='ocrx_word' id='word_1_374' title='bbox 1562 2783 1779 2822; x_wconf 83' lang='lat' dir='ltr'>Constance;</span> <span class='ocrx_word' id='word_1_375' title='bbox 1815 2795 1870 2816; x_wconf 86' lang='lat' dir='ltr'>see</span> 
     </span>
    </p>
   </div>
   <div class='ocr_carea' id='block_1_16' title="bbox 275 2825 1871 3040">
    <p class='ocr_par' dir='ltr' id='par_1_18' title="bbox 275 2825 1871 3040">
     <span class='ocr_line' id='line_1_46' title="bbox 276 2825 1871 2866; baseline 0.001 -10"><span class='ocrx_word' id='word_1_376' title='bbox 276 2825 421 2856; x_wconf 86' lang='lat' dir='ltr'>written</span> <span class='ocrx_word' id='word_1_377' title='bbox 442 2825 516 2866; x_wconf 90' lang='lat' dir='ltr'>(Ep.</span> <span class='ocrx_word' id='word_1_378' title='bbox 540 2825 652 2865; x_wconf 79' lang='lat'>1084).</span> <span class='ocrx_word' id='word_1_379' title='bbox 698 2827 832 2866; x_wconf 81' lang='lat' dir='ltr'>Zasius,</span> <span class='ocrx_word' id='word_1_380' title='bbox 849 2828 917 2865; x_wconf 78' lang='lat' dir='ltr'>too,</span> <span class='ocrx_word' id='word_1_381' title='bbox 937 2828 1050 2857; x_wconf 81' lang='lat' dir='ltr'>wrote</span> <span class='ocrx_word' id='word_1_382' title='bbox 1095 2825 1164 2857; x_wconf 87' lang='lat' dir='ltr'>VE.</span> <span class='ocrx_word' id='word_1_383' title='bbox 1199 2835 1268 2865; x_wconf 84' lang='lat'>155.</span> <span class='ocrx_word' id='word_1_384' title='bbox 1328 2826 1395 2856; x_wconf 87' lang='lat' dir='ltr'>For</span> <span class='ocrx_word' id='word_1_385' title='bbox 1420 2826 1481 2857; x_wconf 87' lang='lat' dir='ltr'>the</span> <span class='ocrx_word' id='word_1_386' title='bbox 1507 2836 1610 2857; x_wconf 88' lang='lat' dir='ltr'>cause</span> <span class='ocrx_word' id='word_1_387' title='bbox 1637 2827 1674 2857; x_wconf 86' lang='lat' dir='ltr'>of</span> <span class='ocrx_word' id='word_1_388' title='bbox 1697 2827 1753 2858; x_wconf 89' lang='lat' dir='ltr'>his</span> <span class='ocrx_word' id='word_1_389' title='bbox 1778 2828 1871 2859; x_wconf 83' lang='lat' dir='ltr'>exile</span> 
     </span>
     <span class='ocr_line' id='line_1_47' title="bbox 276 2868 1871 2910; baseline 0.003 -11"><span class='ocrx_word' id='word_1_390' title='bbox 276 2869 389 2907; x_wconf 83' lang='lat' dir='ltr'>later3</span> <span class='ocrx_word' id='word_1_391' title='bbox 413 2870 450 2899; x_wconf 91' lang='lat' dir='ltr'>to</span> <span class='ocrx_word' id='word_1_392' title='bbox 467 2868 611 2909; x_wconf 72' lang='lat' dir='ltr'>Beatus,</span> <span class='ocrx_word' id='word_1_393' title='bbox 630 2878 649 2908; x_wconf 89' lang='lat'>5</span> <span class='ocrx_word' id='word_1_394' title='bbox 673 2869 777 2909; x_wconf 68' lang='lat' dir='ltr'>June,</span> <span class='ocrx_word' id='word_1_395' title='bbox 798 2869 934 2909; x_wconf 78' lang='lat' dir='ltr'>though</span> <span class='ocrx_word' id='word_1_396' title='bbox 959 2880 1003 2899; x_wconf 87' lang='lat' dir='ltr'>on</span> <span class='ocrx_word' id='word_1_397' title='bbox 1028 2882 1047 2909; x_wconf 88' lang='lat'><strong>4</strong></span> <span class='ocrx_word' id='word_1_398' title='bbox 1095 2870 1136 2901; x_wconf 79' lang='lat' dir='ltr'>cf.</span> <span class='ocrx_word' id='word_1_399' title='bbox 1157 2869 1219 2908; x_wconf 88' lang='lat' dir='ltr'>Ep.</span> <span class='ocrx_word' id='word_1_400' title='bbox 1241 2870 1334 2908; x_wconf 86' lang='lat'>1085.</span> <span class='ocrx_word' id='word_1_401' title='bbox 1357 2879 1433 2908; x_wconf 76' lang='lat'>1311.</span> <span class='ocrx_word' id='word_1_402' title='bbox 1477 2869 1531 2909; x_wconf 86' lang='lat' dir='ltr'>By</span> <span class='ocrx_word' id='word_1_403' title='bbox 1547 2879 1567 2909; x_wconf 88' lang='lat'>5</span> <span class='ocrx_word' id='word_1_404' title='bbox 1585 2870 1707 2901; x_wconf 81' lang='lat' dir='ltr'>March</span> <span class='ocrx_word' id='word_1_405' title='bbox 1728 2880 1810 2910; x_wconf 84' lang='lat'>1520</span> <span class='ocrx_word' id='word_1_406' title='bbox 1826 2872 1871 2903; x_wconf 87' lang='lat' dir='ltr'>he</span> 
     </span>
     <span class='ocr_line' id='line_1_48' title="bbox 275 2912 1867 2953; baseline 0.003 -11"><span class='ocrx_word' id='word_1_407' title='bbox 275 2912 372 2943; x_wconf 83' lang='lat' dir='ltr'>June</span> <span class='ocrx_word' id='word_1_408' title='bbox 388 2913 433 2943; x_wconf 86' lang='lat' dir='ltr'>he</span> <span class='ocrx_word' id='word_1_409' title='bbox 450 2912 519 2943; x_wconf 84' lang='lat' dir='ltr'>had</span> <span class='ocrx_word' id='word_1_410' title='bbox 532 2914 596 2943; x_wconf 88' lang='lat' dir='ltr'>not</span> <span class='ocrx_word' id='word_1_411' title='bbox 613 2912 696 2943; x_wconf 76' lang='lat' dir='ltr'>read</span> <span class='ocrx_word' id='word_1_412' title='bbox 709 2913 806 2943; x_wconf 75' lang='lat' dir='ltr'>Lee&#39;s</span> <span class='ocrx_word' id='word_1_413' title='bbox 821 2914 908 2944; x_wconf 85' lang='lat' dir='ltr'>book</span> <span class='ocrx_word' id='word_1_414' title='bbox 925 2914 1044 2953; x_wconf 80' lang='lat' dir='ltr'>(BRE.</span> <span class='ocrx_word' id='word_1_415' title='bbox 1095 2913 1166 2943; x_wconf 73' lang='lat' dir='ltr'>had</span> <span class='ocrx_word' id='word_1_416' title='bbox 1184 2912 1357 2944; x_wconf 85' lang='lat' dir='ltr'>returned</span> <span class='ocrx_word' id='word_1_417' title='bbox 1374 2916 1410 2944; x_wconf 86' lang='lat' dir='ltr'>to</span> <span class='ocrx_word' id='word_1_418' title='bbox 1428 2913 1601 2953; x_wconf 74' lang='lat' dir='ltr'>Freiburg</span> <span class='ocrx_word' id='word_1_419' title='bbox 1615 2914 1696 2951; x_wconf 88' lang='lat' dir='ltr'>(Zw.</span> <span class='ocrx_word' id='word_1_420' title='bbox 1712 2913 1766 2946; x_wconf 81' lang='grc' dir='ltr'>Ε.2</span> <span class='ocrx_word' id='word_1_421' title='bbox 1782 2916 1867 2953; x_wconf 61' lang='lat'>123).</span> 
     </span>
     <span class='ocr_line' id='line_1_49' title="bbox 280 2956 1868 2997; baseline 0.001 -11"><span class='ocrx_word' id='word_1_422' title='bbox 280 2958 352 2994; x_wconf 84' lang='lat'>164,</span> <span class='ocrx_word' id='word_1_423' title='bbox 382 2956 465 2994; x_wconf 87' lang='lat'>168;</span> <span class='ocrx_word' id='word_1_424' title='bbox 488 2956 607 2987; x_wconf 80' lang='lat' dir='ltr'>where</span> <span class='ocrx_word' id='word_1_425' title='bbox 634 2957 807 2996; x_wconf 79' lang='lat' dir='ltr'>probably</span> <span class='ocrx_word' id='word_1_426' title='bbox 832 2967 897 2988; x_wconf 72' lang='lat' dir='ltr'>one</span> <span class='ocrx_word' id='word_1_427' title='bbox 927 2957 965 2987; x_wconf 83' lang='lat' dir='ltr'>of</span> <span class='ocrx_word' id='word_1_428' title='bbox 985 2957 1048 2988; x_wconf 72' lang='lat' dir='ltr'>the</span> <span class='ocrx_word' id='word_1_429' title='bbox 1139 2966 1190 2986; x_wconf 87' lang='lat'>21.</span> <span class='ocrx_word' id='word_1_430' title='bbox 1219 2957 1388 2987; x_wconf 73' lang='lat' dir='ltr'>(lecenter</span> <span class='ocrx_word' id='word_1_431' title='bbox 1425 2956 1561 2997; x_wconf 83' lang='lat' dir='ltr'>abesse]</span> <span class='ocrx_word' id='word_1_432' title='bbox 1601 2958 1673 2988; x_wconf 86' lang='lat' dir='ltr'>The</span> <span class='ocrx_word' id='word_1_433' title='bbox 1705 2959 1868 2996; x_wconf 84' lang='lat' dir='ltr'>question</span> 
     </span>
     <span class='ocr_line' id='line_1_50' title="bbox 275 2999 1867 3040; baseline 0.001 -10"><span class='ocrx_word' id='word_1_434' title='bbox 275 2999 375 3030; x_wconf 69' lang='lat' dir='ltr'>(lates</span> <span class='ocrx_word' id='word_1_435' title='bbox 392 2999 500 3031; x_wconf 75' lang='lat' dir='ltr'>neods</span> <span class='ocrx_word' id='word_1_436' title='bbox 516 3001 735 3030; x_wconf 48' lang='lat' dir='ltr'>correction&amp;</span> <span class='ocrx_word' id='word_1_437' title='bbox 1097 2999 1261 3030; x_wconf 69' lang='lat' dir='ltr'>whetlwr</span> <span class='ocrx_word' id='word_1_438' title='bbox 1278 3001 1303 3030; x_wconf 81' lang='lat' dir='ltr'>it</span> <span class='ocrx_word' id='word_1_439' title='bbox 1323 3009 1395 3030; x_wconf 71' lang='lat' dir='ltr'>was</span> <span class='ocrx_word' id='word_1_440' title='bbox 1417 3000 1515 3039; x_wconf 82' lang='lat' dir='ltr'>right</span> <span class='ocrx_word' id='word_1_441' title='bbox 1539 3003 1574 3031; x_wconf 85' lang='lat' dir='ltr'>to</span> <span class='ocrx_word' id='word_1_442' title='bbox 1599 3000 1646 3040; x_wconf 84' lang='lat' dir='ltr'>fly</span> <span class='ocrx_word' id='word_1_443' title='bbox 1666 3002 1782 3032; x_wconf 60' lang='lat' dir='ltr'>before</span> <span class='ocrx_word' id='word_1_444' title='bbox 1805 3001 1867 3032; x_wconf 75' lang='lat' dir='ltr'>the</span> 
     </span>
    </p>
   </div>
  </div>
 </body>
</html>
