1990 3353
92 134 215 187 1062]
544 135 613 172 TO
653 134 914 172 LORENZO
952 133 1247 172 CAMPEGIO
1614 133 1689 172 185

87 245 207 283 nium
226 244 423 294 glutino?
479 244 571 282 Iam
592 243 680 294 ipse
699 244 837 282 iudica
858 245 1109 293 quantopere
1127 243 1241 281 illius
1259 243 1441 288 intersit,
1462 242 1498 280 si
1518 243 1686 281 Nouum

87 300 411 346 Testamentum,
443 299 552 349 quod
590 298 705 336 illius
743 298 912 336 hortatu
946 298 1120 347 suscepi,
1154 297 1263 346 quod
1298 296 1485 335 eiusdem
1516 297 1685 335 hortatu

87 353 223 391 denuo
253 353 484 403 recognoui,
509 352 619 403 quod
638 352 804 392 Christo
832 355 874 390 et
902 351 981 401 ipsi
1011 351 1156 399 dicaui,
1186 351 1329 390 licebit
1357 351 1491 390 cuiuis
1521 351 1686 389 rabulae

86 407 254 445 indocto
292 408 401 457 apud
435 407 624 445 indoctos
663 406 885 445 traducere.
945 405 1013 444 Me
1051 418 1149 444 sane
1188 406 1274 444 mei
1313 406 1496 444 n'ominis
1530 406 1686 444 iactura

86 461 233 499 leuiter
267 464 511 510 commouet,
548 461 672 499 modo
707 460 872 499 Christo
910 473 1010 498 suus
1042 462 1204 498 constet
1238 461 1409 508 fructus,
1447 460 1577 498 Leoni
1614 473 1688 498 sua

85 515 227 566 gloria.

143 570 262 618 Quod
301 570 339 609 si
376 570 481 609 ratio
511 570 748 610 sarciendae
782 569 1022 610 concordiae
1055 568 1281 619 quaeritur,
1317 568 1378 607 ita
1414 582 1503 606 rem
1542 569 1688 607 confici

86 625 285 663 facillime
312 637 432 673 posse
459 624 643 671 arbitror,
672 626 709 663 si
742 640 815 676 per
847 623 964 662 illius
1003 623 1218 662 oraculum
1250 623 1461 662 aedicatur
1487 625 1534 661 vt
1568 636 1686 661 suam

85 678 261 728 quisque
279 679 577 729 professionem
607 683 727 719 ornet
746 681 968 728 efferatque
993 678 1099 716 cit-ra
1125 677 1425 716 contumeliam
1451 678 1619 726 alienae,
1642 682 1688 716 vt

85 732 281 783 vtrinque
313 733 580 771 coherceatur
609 734 779 784 linguae
811 732 1040 782 calamique
1072 733 1215 778 rabies,
1247 732 1513 781 potissimum
1543 732 1592 770 ab
1622 732 1688 770 his

87 800 189 837 quos
209 787 343 837 magis
363 788 479 825 decet
499 788 599 826 haec
625 789 862 828 moderatio.
924 787 1041 835 Quod
1062 787 1097 825 si
1118 787 1215 836 quid
1236 786 1607 825 dissentietur—-vt
1627 789 1689 825 est

85 843 334 891 frequenter,
367 842 720 892 quemadmodum
758 844 803 881 in
843 841 1002 893 palatis,
1043 841 1101 879 ita
1139 843 1180 878 et
1218 841 1263 878 in
1300 841 1483 890 ingeniis
1525 854 1688 890 quoque

88 896 360 944 dissensio—,
385 898 523 935 omnis
548 897 759 936 contentio
789 899 902 936 intra
930 896 1096 934 ciuilem
1126 893 1367 933 conflictum
1400 895 1611 943 consistat,
1642 895 1688 933 in

85 949 242 988 rabiem
276 964 326 989 ne
357 953 484 989 exeat.
545 951 678 991 Porro
707 953 742 990 si
772 952 869 1003 quid
899 950 949 990 ad
984 950 1081 988 fidei
1112 950 1405 999 synceritatem
1441 963 1689 999 magnopere

84 1004 311 1062 pertinebit
329 1005 479 1054 (neque
507 1006 620 1044 enim
650 1007 732 1045 huc
761 1007 922 1045 obtorto
951 1005 1057 1043 collo
1086 1004 1363 1055 pei-trahenda
1389 1006 1488 1042 sunt
1514 1004 1683 1052 onmia),

84 1059 269 1108 primum
298 1073 362 1098 res
390 1063 536 1109 agatur
560 1074 634 1110 per
664 1075 732 1100 eos
758 1062 831 1111 qui
851 1073 946 1099 vere
977 1063 1132 1098 norunt
1161 1059 1257 1097 fidei
1287 1059 1510 1108 mysteria3
1540 1058 1689 1097 deinde

86 1113 159 1162 qui
187 1126 273 1152 non
302 1115 388 1152 sint
417 1114 520 1154 tales
552 1117 598 1152 vt
633 1116 710 1154 sub
745 1118 962 1166 praetextu
996 1114 1092 1152 fidei
1127 1125 1249 1151 suum
1284 1115 1409 1163 agant
1441 1114 1688 1163 negocium3

84 1171 294 1217 postremo
313 1171 360 1207 vt
380 1182 445 1207 res
465 1169 688 1208 moderatis
709 1170 888 1217 iudiciis,
913 1182 997 1207 non
1027 1168 1233 1206 seditiosis
1253 1167 1502 1205 clamoribus
1529 1169 1683 1216 agatur.

85 1222 229 1272 Neque
250 1223 362 1261 enim
385 1223 581 1262 omnibus
601 1224 777 1263 fortasse
802 1225 907 1263 libet
926 1223 1210 1274 quorumlibet
1234 1222 1406 1260 arbitrio
1428 1222 1688 1261 Christianos

84 1289 184 1315 esse.

140 1332 255 1370 Haec
287 1345 371 1371 non
403 1332 646 1371 dubitabam
677 1333 779 1384 quin
812 1333 888 1371 tibi
922 1332 1042 1371 facile
1079 1344 1350 1382 persuasurus
1388 1343 1537 1376 essem,
1569 1330 1687 1369 cuius

84 1387 273 1425 eruditus
293 1387 447 1425 candor
466 1389 507 1425 et
528 1388 707 1426 eruditio
728 1388 902 1426 candida
922 1401 1006 1425 non
1026 1400 1120 1424 sum
1142 1386 1306 1424 nescius
1322 1399 1446 1435 quam
1467 1385 1688 1423 abhorreat

83 1441 135 1479 ab
170 1441 286 1479 omni
319 1441 555 1481 virulentia.
634 1442 719 1480 Nec
761 1442 928 1481 difficile
966 1442 1011 1479 T.
1034 1441 1081 1479 R.
1104 1441 1152 1479 D.
1194 1439 1459 1489 persuadebit
1496 1439 1536 1478 S.
1560 1439 1609 1477 D.
1635 1439 1685 1478 N.

84 1496 226 1543 Leoni,
264 1496 353 1534 siue
385 1496 494 1545 quod
530 1496 566 1535 is
601 1500 641 1534 te
680 1497 731 1534 ob
770 1496 943 1534 eximias
980 1496 1098 1534 dotes
1135 1498 1231 1533 tuas
1269 1494 1427 1544 optimo
1466 1494 1553 1531 iure
1592 1494 1688 1532 facit

84 1550 270 1597 maximi,
309 1550 396 1589 siue
427 1551 535 1600 quod
569 1551 658 1600 ipse
692 1554 840 1600 suopte
871 1550 1038 1600 ingenio
1072 1549 1123 1587 ad
1158 1561 1301 1597 pacem
1341 1550 1383 1585 et
1422 1547 1686 1586 concordiam

84 1605 188 1643 mire
208 1617 439 1655 propensus
459 1607 531 1644 est.
591 1605 734 1643 Huius
755 1605 910 1655 opellae
932 1618 1057 1654 quam
1079 1604 1274 1654 petimus,
1298 1602 1335 1641 si
1355 1616 1502 1652 parum
1530 1603 1687 1640 iustum

83 1659 249 1698 videtur
282 1659 517 1709 praemium
548 1659 657 1710 quod
691 1660 888 1698 omnibus
925 1658 1076 1697 seculis
1110 1661 1198 1697 tota
1238 1657 1503 1695 literatorum
1542 1657 1689 1695 cohors

84 1713 300 1752 Laurentii
334 1714 549 1763 Campegii
582 1727 735 1752 nomen
774 1713 969 1753 laudibus
997 1713 1134 1760 vehet,
1169 1725 1220 1750 en
1254 1712 1362 1750 addo
1394 1713 1436 1750 et
1469 1710 1558 1760 ipse
1596 1724 1687 1750 meo

84 1768 254 1806 nomine
285 1767 570 1818 qualecunque
603 1768 844 1813 auctarium,
877 1767 1154 1818 Par-aphrasin
1193 1767 1237 1804 in
1276 1766 1457 1816 quinque
1489 1766 1688 1804 Paulinas

85 1822 307 1872 Epistolas,
350 1836 452 1872 quas
486 1836 535 1861 ex
573 1823 769 1861 omnibus
800 1822 915 1861 illius
953 1822 1165 1872 germanis
1208 1821 1387 1870 reliquas
1418 1821 1495 1858 hoc
1528 1821 1688 1870 impetu

83 1876 274 1926 proximo
303 1876 477 1916 absolui.
538 1877 681 1927 Neque
709 1877 823 1915 enim
852 1877 996 1915 ordine
1025 1876 1141 1915 labor
1168 1876 1235 1913 hic
1264 1876 1371 1913 mihi
1398 1876 1587 1924 peractus
1609 1877 1684 1923 est,

85 1944 160 1969 nec
181 1931 324 1970 eodem
345 1935 542 1981 tempore,
565 1945 642 1971 nec
667 1932 813 1970 eodem
842 1932 1015 1981 impetu.
1076 1931 1144 1968 Ita
1169 1930 1327 1968 factum
1347 1931 1393 1967 vt
1420 1929 1522 1967 alias
1551 1932 1688 1978 partes

83 1986 179 2023 aliis
208 1986 444 2025 dedicarim.
516 1986 623 2025 Mihi
653 1986 762 2024 bona
789 1999 883 2036 spes
911 1988 974 2024 est
1008 1986 1086 2023 hoc
1116 1987 1223 2022 certe
1253 1984 1463 2022 victurum
1497 1997 1611 2033 opus,
1645 1985 1691 2022 vt

83 2043 180 2090 pote
210 2040 321 2090 quod
354 2041 553 2090 probatur
584 2043 626 2079 et
660 2041 712 2079 ab
745 2041 798 2079 iis
832 2040 903 2090 qui
933 2041 1050 2079 velut
1078 2052 1129 2076 ex
1162 2040 1346 2087 professo
1379 2040 1520 2076 nostra
1550 2038 1692 2076 omnia

83 2094 220 2133 solent
239 2095 441 2135 arrodere.
502 2095 638 2134 Simul
663 2098 804 2134 autem
824 2096 961 2133 visum
993 2097 1056 2132 est
1083 2094 1208 2131 fidem
1237 2106 1375 2130 meam
1395 2093 1444 2130 R.
1469 2092 1513 2129 T.
1540 2092 1587 2129 D.
1623 2093 1690 2130 ob-

131 2219 202 2250 153.
226 2210 324 2250 Quod
342 2210 372 2240 si
390 2233 396 2240 .
414 2233 420 2240 .
439 2233 447 2241 .
478 2219 552 2249 154.
576 2209 760 2240 oraculum
781 2211 823 2243 B:
850 2209 958 2239 Porro
976 2209 1067 2239 ratio
1083 2207 1290 2238 concordiae
1309 2207 1359 2237 sic
1375 2205 1480 2236 facile
1497 2206 1688 2246 constabit,

85 2254 114 2284 si
140 2263 204 2294 per
234 2253 336 2285 illius
367 2254 548 2284 oraculum
578 2254 699 2284 minus
731 2253 855 2284 licebit
887 2252 1120 2292 sycophantis
1151 2250 1367 2290 quibusdam
1398 2252 1433 2280 et
1465 2250 1632 2281 omnibus
1658 2261 1688 2281 α.

88 2307 158 2337 155.
174 2300 278 2329 ornet
292 2298 486 2337 efferatque
502 2299 524 2331 β
541 2309 548 2328 :
571 2298 695 2328 efferat
706 2300 815 2336 atque
834 2298 937 2327 ornet
953 2308 984 2326 α.
1075 2298 1114 2325 vt
1131 2295 1302 2333 vtrinque
1321 2318 1328 2325 .
1348 2317 1355 2324 .
1375 2317 1381 2324 .
1403 2303 1473 2332 157.
1494 2293 1691 2324 moderatio

83 2351 143 2372 om.
162 2353 193 2372 a.
288 2351 358 2380 157.
384 2341 620 2372 dis-sentietur
643 2364 650 2372 .
669 2364 677 2372 .
699 2365 706 2372 .
727 2342 799 2372 166.
827 2350 903 2371 esse
925 2341 948 2374 β
966 2349 1056 2379 ‘'159-
1081 2339 1259 2369 dissensio
1277 2349 1312 2368 e:
1340 2337 1517 2368 dissentio
1534 2338 1595 2377 HJ:
1620 2337 1691 2368 dis-

85 2386 264 2416 senserint
281 2386 377 2415 inter
393 2394 477 2424 sese,
490 2387 529 2416 vt
550 2385 602 2425 fit,
616 2385 771 2425 ingenia,
787 2386 883 2415 intra
896 2383 1042 2414 ciuilem
1057 2382 1266 2413 conflictum
1280 2382 1451 2412 consistat
1463 2382 1649 2412 contentio
1660 2393 1690 2413 α.

87 2430 160 2467 167.
184 2429 251 2460 tibi
268 2429 291 2463 β
306 2439 314 2460 :
336 2431 371 2459 et
390 2429 456 2459 tibi
474 2440 504 2461 α.
633 2430 704 2460 168.
730 2432 764 2459 et
782 2428 940 2459 eruditio
958 2427 1111 2457 candida
1127 2437 1183 2457 om.
1203 2437 1234 2456 α.
1362 2426 1433 2464 169.
1460 2426 1482 2458 β
1498 2437 1504 2455 z
1530 2425 1573 2456 ab
1590 2425 1688 2455 omni

84 2473 282 2504 virulentia
297 2472 490 2503 abhorreat
505 2484 535 2503 a.
628 2473 666 2504 T.
685 2474 726 2507 B:
752 2475 814 2502 tua
830 2483 859 2504 α.
962 2480 1034 2509 171,
1061 2470 1212 2501 maximi
1228 2470 1294 2503 uB:
1319 2468 1471 2508 plurimi
1490 2480 1513 2499 ε.
1617 2478 1689 2507 172.

85 2517 221 2557 opellae
237 2525 346 2556 quam
364 2517 521 2556 petimus
535 2517 559 2550 β
576 2528 582 2547 ;
606 2525 734 2556 operae
751 2528 782 2547 α.
907 2524 978 2553 173.
1003 2516 1045 2549 βῑ
1071 2514 1271 2553 praemium
1289 2512 1435 2543 videtur
1450 2524 1480 2543 α.
1574 2512 1690 2543 omni-

84 2560 149 2591 bus
168 2585 176 2592 .
195 2585 203 2592 .
222 2584 229 2591 .
246 2560 474 2591 literatorum
499 2561 521 2594 β
537 2571 544 2592 :
568 2560 738 2591 vniuersa
761 2559 921 2590 literaria
943 2570 972 2589 α.
1066 2568 1137 2596 174.
1165 2556 1352 2588 Laurentii
1369 2556 1551 2596 Campegii
1569 2558 1591 2591 β
1612 2557 1688 2593 ’ζβδε

84 2604 267 2644 Compegii
285 2605 341 2644 γ);
367 2606 470 2634 tuum
489 2615 519 2635 α.
612 2614 655 2634 en
673 2603 766 2634 addo
783 2605 817 2633 et
835 2604 909 2642 ipse
923 2604 945 2636 β
963 2613 970 2633 :
994 2601 1086 2632 addo
1103 2604 1138 2631 et
1155 2612 1183 2632 α.
1276 2601 1347 2638 176.
1366 2609 1453 2639 quas
1469 2609 1512 2630 ex
1530 2624 1536 2631 .
1557 2624 1564 2631 .
1586 2623 1593 2630 .
1615 2601 1687 2630 182.

132 2743 202 2772 147.
230 2732 371 2763 Nouum
383 2728 672 2770 Testamentum]
691 2729 742 2761 Cf.
761 2729 847 2769 Epp.
921 2728 1091 2758 Erasinus
1129 2736 1202 2757 was
1240 2729 1303 2757 not
1335 2736 1416 2756 now
1450 2726 1626 2767 thinking
1657 2728 1694 2757 os

83 2778 160 2816 384,
177 2777 252 2816 446.
272 2785 314 2815 53
329 2784 415 2814 seq„
434 2775 508 2812 864.
921 2772 1017 2802 him:
1043 2771 1142 2801 their
1157 2780 1246 2810 open
1269 2771 1432 2801 confliets
1456 2770 1518 2800 did
1544 2773 1606 2801 not
1631 2771 1690 2799 be-

133 2830 204 2860 175.
236 2817 414 2859 quinque]
458 2817 605 2849 Besides
647 2816 738 2857 Eph.
788 2816 850 2846 tlw
920 2816 980 2854 gin
1002 2815 1097 2844 until
1125 2823 1217 2852 1525.
1267 2814 1444 2854 Probably
1467 2814 1513 2844 he
1537 2814 1608 2844 had
1632 2814 1689 2844 his

84 2864 226 2895 volume
243 2861 434 2894 contained
450 2861 524 2893 also
542 2860 650 2901 Phil.‚
670 2860 757 2900 Col„
778 2860 850 2891 and
921 2861 1121 2898 upponents
1152 2867 1282 2898 among
1313 2858 1375 2888 the
1400 2857 1515 2897 friars,
1536 2858 1688 2897 Egmon-

83 2907 217 2947 Thess„
236 2907 389 2937 without
405 2905 572 2944 prefaces.
921 2903 1038 2932 danus
1078 2902 1159 2941 (Ep.
1193 2901 1268 2940 878.
1315 2902 1395 2941 1311)
1429 2901 1500 2931 and
1531 2901 1690 2931 Vincent

131 2952 202 2982 180.
224 2951 269 2981 iis
291 2950 370 2991 qui]
394 2950 426 2979 A
447 2950 542 2987 note,
562 2947 667 2978 ‘Tum
693 2947 849 2977 dormie-
918 2946 1128 2976 The-odorici
1146 2945 1224 2986 (Ep.
1244 2947 1353 2985 1196),
1371 2946 1408 2975 in
1422 2944 1480 2975 his
1493 2944 1595 2974 mind
1614 2956 1621 2974 :
1645 2944 1686 2974 cf.

85 2994 146 3025 bat
170 2994 320 3032 Bedda',
354 2991 470 3023 added
498 2993 537 3022 in
560 2990 624 3021 the
650 2991 787 3031 margin
814 2991 852 3020 of
922 2990 1338 3029 Epp.1153,1164‚1167.
1354 2998 1473 3027 39-44,
1495 2989 1586 3019 1182.
1622 2987 1691 3018 For

84 3049 99 3067 ε
133 3038 247 3078 ζ1532)
290 3042 327 3068 at
361 3037 437 3067 this
474 3035 587 3075 point,
621 3034 720 3065 show
770 3035 848 3064 that
921 3033 983 3064 the
1001 3033 1155 3072 position
1172 3033 1215 3063 cf.
1236 3033 1297 3072 Ep.
1321 3034 1412 3063 1060.
1430 3041 1525 3071 53-4.

1710 421 1769 451 150

1711 956 1771 989 160

1712 1228 1770 1270 165

1712 1504 1772 1537 ¹70

1712 1778 1770 1810 175

1712 2041 1772 2072 180
