1990 3353
109 137 230 191 1161]
559 138 712 177 FROM
751 138 974 177 ULRICH
1013 137 1250 177 HUTTEN
1633 139 1713 177 383

105 249 357 288 Basilienses
388 249 475 287 tui:
518 261 622 298 quae
660 260 776 286 mora
814 249 877 286 est
910 247 1010 298 quin
1045 261 1094 286 eo
1132 248 1331 287 concedas
1367 247 1715 298 quamprimum‘?

104 303 349 353 praesertim
384 316 591 353 nusquam
630 301 844 341 liberiores
881 315 978 341 cum
1016 302 1101 340 sint
1138 303 1345 350 homines,
1380 304 1525 351 suapte
1557 302 1714 352 alioqui

105 360 264 405 natura,
298 370 409 395 nunc
439 357 614 395 Lutheri
642 357 769 394 etiam
799 356 965 406 scriptis
994 359 1035 395 et
1065 370 1158 395 meo
1188 357 1368 407 quodam
1397 358 1587 406 poemate
1618 357 1713 395 Ger·

104 413 267 451 manice
299 411 454 461 scripto
486 412 590 450 mire
622 411 906 449 inflammati?
963 410 1016 448 In
1055 424 1219 450 summa
1257 411 1411 450 isthinc
1448 413 1490 449 te
1527 411 1640 460 eripe
1673 413 1714 448 et

105 467 379 505 manifestum
400 466 625 504 discrimen
645 465 871 514 prudenter
890 465 1061 503 declina.

160 521 253 560 Hoc
282 523 324 559 te
353 534 429 570 ego
458 520 624 567 hortor;
655 533 778 569 quem
797 520 845 558 vt
875 518 918 557 id
946 519 1106 568 faciam,
1133 533 1229 558 cum
1258 520 1339 569 ipsi
1367 519 1611 569 persuadere
1640 519 1716 558 tibi

105 588 190 614 non
211 577 393 625 possent,
418 587 661 613 communes
677 574 802 612 amici
828 573 894 624 pie
919 574 1147 612 admodum
1170 576 1405 613 exorarunt.
1466 574 1529 612 Da
1556 573 1712 623 aliquid

103 630 295 668 omnium
316 629 438 676 votis,
461 629 602 667 sinon
629 628 762 678 parcis
788 630 883 666 tuae
910 628 1059 667 saluti:
1089 642 1249 667 nouum
1278 629 1355 667 hoc
1386 630 1509 666 tuum
1536 629 1581 666 in
1608 641 1714 667 com-

103 697 232 723 mune
252 683 515 722 benefactum
535 683 623 721 erit.
670 682 779 722 Cede
798 683 952 721 nostris
970 683 1197 732 praecibus,
1222 683 1294 733 qui
1314 683 1491 721 istorum
1512 684 1713 721 terrorem

102 739 365 785 contemnis3
396 738 571 776 concede
596 737 827 776 amicorum
851 737 1076 783 desideriis,
1100 738 1137 776 si
1167 738 1346 775 istorum
1366 737 1455 775 vim
1481 750 1565 775 non
1589 737 1710 787 fugis.

105 793 200 832 Non
226 793 334 831 tanti
359 792 486 831 fuerit
512 791 689 830 Erasmo
709 791 945 830 Louanium
964 793 1011 830 vt
1039 791 1155 830 illius
1180 805 1277 841 ergo
1300 791 1364 830 sui
1390 792 1528 830 fructu
1552 792 1715 830 Vniuer-

103 860 193 886 sam
220 847 410 885 fraudare
429 846 532 885 velit
554 846 845 885 Germaniam·
875 845 1004 884 nimis
1033 846 1177 897 magni
1203 846 1438 884 constiterit
1456 846 1582 884 vnius
1601 845 1716 884 vrbis

104 914 234 951 amor,
256 901 293 939 si
314 901 421 940 hanc
440 900 606 951 publico
626 901 833 951 praeferas
852 900 1369 939 deside1i0.Memineris
1388 913 1600 939 venenum
1626 913 1713 939 esse

102 956 221 1003 clam,
247 958 290 994 et
318 955 421 994 sicas
447 969 535 994 esse
564 953 819 1002 memineris,
846 955 882 993 si
908 955 1130 994 manifesta
1154 969 1239 993 non
1268 955 1405 993 times.
1461 955 1554 993 Hoc
1575 954 1646 1004 qui
1671 956 1713 992 te

102 986 246 1049 amarit
279 1010 529 1059 efflagitant:
573 1022 750 1060 quorum
784 1010 955 1048 tandem
987 1010 1137 1049 studiis
1165 1010 1353 1058 concede,
1380 1010 1421 1047 et
1451 1011 1491 1047 te
1520 1009 1639 1048 nobis
1667 1009 1712 1047 in

103 1078 327 1103 commune
348 1077 480 1112 serua,
501 1077 545 1104 ac
566 1064 720 1113 optime
740 1065 842 1102 vale.

159 1119 223 1157 Ex
242 1119 516 1169 Ebernburgo
537 1132 610 1168 per
627 1131 936 1157 amanuensem.
997 1118 1104 1157 Idib.
1127 1117 1380 1157 Nouembris
1398 1119 1526 1156 Anno
1547 1131 1679 1156 MDXX.

158 1174 271 1221 Quae
291 1174 336 1212 in
358 1187 536 1223 puerum
566 1186 709 1211 meum
736 1173 962 1219 contulisti,
985 1174 1029 1212 in
1052 1174 1191 1223 ipsum
1221 1186 1289 1211 me
1318 1172 1468 1211 collata
1495 1172 1706 1211 arbitrale.

104 1227 290 1266 Reddam
321 1228 467 1266 vicem.
527 1228 674 1278 Ipsum
707 1241 793 1266 non
826 1227 1042 1266 remittam
1080 1228 1206 1276 hinc;
1249 1241 1384 1278 neque
1422 1227 1537 1266 enim
1576 1240 1712 1266 carere

101 1295 271 1332 possum
291 1282 375 1320 fido
396 1282 600 1321 ministro.

158 1387 355 1435 Desyder.
373 1386 547 1424 Erasmo
567 1385 858 1432 Roterodamo,
882 1384 1076 1435 theologo
1096 1385 1392 1434 Ohrisffianiss„
1416 1385 1550 1424 amico
1570 1385 1711 1424 adora-

102 1441 188 1488 bili,
210 1441 330 1479 salut.
390 1440 641 1490 Moguntiae,
665 1440 860 1500 Coloniae
879 1442 952 1478 aut
972 1439 1043 1479 vbi
1064 1439 1136 1478 vbi
1156 1442 1228 1480 est.

560 1624 692 1687 '1162
754 1645 818 1688 To
850 1645 1044 1688 THOMAS
1085 1646 1232 1688 MORE.

148 1748 341 1795 Epistolae
359 1749 407 1784 ad
424 1748 591 1784 diuersos
609 1761 644 1793 p.
669 1750 747 1794 589.
1349 1750 1527 1786 Louvain.

147 1808 244 1844 HN:
273 1808 389 1844 Lond.
409 1808 481 1844 xvi.
507 1820 519 1843 1
540 1819 548 1843 :
575 1808 649 1843 LB.
673 1818 751 1854 554.
1223 1807 1277 1854 (c.
1299 1808 1534 1856 November>
1559 1819 1660 1855 1520.

149 1900 393 1942 [Subsequent
417 1903 453 1931 to
476 1901 539 1941 Ep.
565 1911 659 1940 1153.
717 1901 781 1941 Ep.
806 1902 899 1939 1164.
917 1911 1003 1940 40-2
1025 1902 1142 1932 shows
1159 1902 1240 1932 that
1263 1902 1374 1933 while
1399 1904 1435 1933 at
1459 1902 1612 1942 Cologne
1636 1903 1710 1942 (pp.

100 1944 236 1984 370-1),
264 1944 434 1975 Erasmus
455 1954 529 1975 was
552 1945 593 1975 in
617 1945 727 1984 hopes
751 1945 834 1976 that
857 1954 877 1975 a
901 1945 1108 1976 settlement
1130 1946 1222 1976 with
1244 1946 1502 1986 Egmondanus
1525 1946 1597 1976 had
1619 1947 1710 1977 been

102 1987 277 2019 attained.
342 1988 378 2018 It
409 1998 495 2028 may
524 1988 704 2020 therefore
735 1990 778 2020 be
810 1989 970 2019 inferred
1002 1989 1082 2020 that
1114 1990 1177 2020 the
1208 1991 1400 2020 interview
1431 1990 1524 2020 with
1557 1989 1635 2020 him
1672 1989 1711 2019 in

102 2030 352 2063 Rosemondt's
373 2042 556 2071 presence,
583 2033 760 2064 which‘is
783 2032 969 2064 described
994 2032 1079 2063 here
1106 2036 1175 2072 (see
1199 2033 1274 2064 also
1297 2034 1360 2073 Ep.
1390 2035 1501 2073 1173),
1526 2033 1598 2064 had
1620 2033 1712 2064 then

101 2075 249 2115 already
266 2076 376 2106 taken
392 2076 502 2116 place.
548 2076 623 2107 The
646 2076 814 2116 probable
839 2086 962 2107 course
987 2076 1025 2107 of
1044 2076 1223 2108 Erasmus’
1241 2078 1466 2108 move-ments
1483 2078 1555 2117 (see
1579 2087 1612 2117 p.
1630 2078 1709 2117 370)

103 2120 224 2150 leaves
251 2129 349 2150 room
376 2120 431 2150 for
459 2120 542 2150 that
568 2120 768 2160 interview,
798 2120 953 2160 perhaps
980 2130 1007 2150 c.
1035 2130 1078 2151 20
1106 2121 1192 2158 Oct„
1222 2121 1342 2152 before
1366 2121 1425 2152 his
1450 2121 1644 2160 departure
1674 2122 1711 2151 to

102 2163 252 2195 Aachen
275 2163 346 2194 and
363 2162 538 2203 Cologne3
563 2164 628 2195 but
645 2164 803 2204 scarcely
820 2164 874 2195 for
891 2174 910 2194 a
927 2166 1049 2203 report
1071 2165 1109 2195 of
1130 2166 1159 2195 it
1177 2167 1214 2196 to
1231 2164 1322 2195 have
1344 2165 1498 2195 reached
1517 2165 1615 2195 More
1637 2163 1709 2194 and

102 2209 158 2238 for
181 2207 239 2238 his
263 2207 372 2238 letter
394 2207 584 2247 inquiring
605 2208 714 2238 about
737 2208 769 2238 it
792 2209 829 2238 to
852 2209 944 2239 have
973 2208 1063 2239 then
1091 2218 1189 2239 come
1217 2208 1317 2239 back.
1366 2208 1452 2239 This
1480 2208 1588 2239 letter
1613 2210 1711 2239 must

101 2250 282 2283 therefore
307 2251 350 2281 be
373 2251 465 2282 later
488 2251 579 2283 than
604 2251 783 2282 Erasmus’
802 2252 890 2282 time
915 2253 952 2282 at
969 2252 1144 2292 Cologne3
1171 2252 1243 2283 and
1268 2262 1352 2292 may
1368 2252 1410 2283 be
1431 2252 1555 2292 placed
1575 2251 1711 2292 conjec-

102 2295 240 2334 turally
257 2295 295 2325 in
313 2295 527 2335 November,
547 2296 639 2326 after
655 2295 713 2326 his
730 2295 884 2336 retum]

174 2409 382 2440 ERASMVS
412 2410 748 2441 ROTERODAMVS
779 2410 980 2441 CLARISS.
1013 2411 1124 2441 VIRO
1155 2410 1347 2441 THOMAE
1380 2411 1506 2441 MORO
1538 2411 1572 2441 S.
1597 2410 1641 2440 D.

160 2508 278 2556 QVAE
307 2507 385 2546 tibi
413 2511 579 2547 narrata
606 2511 703 2547 sunt
731 2509 781 2546 de
811 2509 1190 2547 concertatiuncula
1219 2522 1323 2558 quae
1358 2509 1464 2547 mihi
1494 2509 1573 2547 fuit
1602 2509 1709 2559 apud

106 2563 233 2601 huius
259 2562 509 2601 Academiae
539 2563 757 2601 Rectorem
788 2576 883 2601 cum
913 2563 1082 2602 Nicolao
1112 2563 1398 2613 Egmondano‚
1432 2577 1507 2602 nec
1537 2563 1710 2602 omnino

106 2630 203 2655 vera
222 2618 331 2663 sunt,
354 2629 486 2666 neque
507 2619 649 2655 tamen
676 2617 785 2656 nihil
810 2618 964 2656 habent
984 2618 1093 2656 veri:
1123 2618 1181 2656 sic
1211 2617 1325 2655 enim
1357 2617 1462 2656 solet
1492 2631 1645 2667 rumor,
1670 2620 1711 2656 et

104 2684 256 2721 augere
277 2670 384 2721 quod
415 2673 579 2721 gestum
608 2674 686 2720 est,
705 2673 748 2710 et
771 2672 932 2710 variare
960 2671 1132 2711 fabulas.
1194 2671 1338 2721 Neque
1359 2685 1456 2710 vero
1485 2672 1593 2710 mihi
1622 2674 1708 2711 tam

609 2775 701 2806 1162.
729 2784 792 2806 nr.
812 2784 960 2806 crAmss.
979 2785 1062 2805 vmo
1080 2785 1138 2805 om.
1156 2777 1199 2804 H.

150 2887 243 2918 1161.
270 2897 340 2918 100.
366 2885 546 2927 poemate]
574 2888 646 2925 σίας]
667 2889 731 2916 υηιῑ
752 2896 871 2916 vormn-
940 2885 1092 2924 4733526
1109 2883 1181 2914 and
1200 2884 1276 2915 HE.
1295 2894 1353 2924 pp.
1369 2884 1529 2924 65*-68*·.

105 2932 616 2969 mmyyeqendemabermc'zssiyen
635 2932 871 2960 vnchristlichen
986 2938 1056 2967 119.
1084 2927 1307 2969 Moguntiae]
1336 2928 1405 2959 For
1431 2939 1451 2959 a
1479 2930 1599 2969 rcport
1628 2927 1709 2958 that

102 2978 211 3013 ssewalt
238 2978 290 3004 (les
316 2977 430 3011 Bapsaes
456 2984 497 3004 zu.
523 2975 609 3012 Rom,
638 2972 814 3015 (PMainz,
838 2973 869 3004 J.
943 2972 1113 3002 Erasmus
1137 2972 1207 3002 had
1231 2981 1320 3011 gone
1343 2974 1380 3003 to
1404 2973 1521 3003 Mainz
1543 2972 1584 3003 cf.
1605 2971 1708 3002 BRE.

105 3018 298 3057 Schoeffer,
317 3015 422 3060 1520)
439 3028 446 3048 z
469 3027 526 3048 see
542 3019 676 3047 Hutteni
695 3020 802 3056 Opera,
818 3017 870 3047 iii.
945 3015 1016 3054 182,
1029 3016 1066 3046 of
1078 3025 1112 3045 11
1129 3015 1307 3055 Nov.152o
1322 3027 1329 3046 ε
1345 3015 1480 3047 andsee
1495 3016 1558 3055 Ep.
1575 3025 1706 3046 1101.1.

1736 375 1797 397 100

1737 644 1796 676 105

1738 913 1797 935 110

1735 1184 1794 1216 115
