1990 3353
77 150 92 175 1
103 150 121 174 2
132 151 146 174 1
160 134 201 190 1]
598 137 666 176 TO
703 137 952 178 JODOGUs
989 139 1167 178 JoNAs
1600 141 1682 178 527

74 249 311 286 constanter
330 249 557 297 sequutum
577 261 677 294 esse,
701 260 786 285 11011
807 261 887 297 quo
908 247 1081 286 vocabat
1101 249 1250 286 natura
1270 248 1339 286 sed
1360 260 1441 297 quo
1462 248 1680 297 Christus;

74 302 132 340 ita
169 301 390 352 speciosior
426 304 489 340 est
526 302 617 340 laus
649 302 833 348 vitrarii,
875 302 982 352 quod
1021 303 1067 340 in
1105 315 1152 340 eo
1186 315 1336 352 genere
1366 302 1474 341 vitae
1510 305 1678 342 tantum

73 356 302 395 obtinuerit
321 369 367 394 ac
392 356 646 406 praestiterit
673 356 844 404 spiritus
864 355 1131 405 Euangelici:
1161 357 1331 406 perinde
1351 357 1470 406 quasi
1489 357 1613 406 piscis
1632 357 1678 395 in
1696 367 1758 409 625

73 410 223 460 palude
242 410 391 448 viuens
411 410 519 448 nihil
539 410 678 448 trahat
698 410 747 448 de
767 423 912 459 sapore
931 410 1117 459 palustri.
1161 410 1240 449 Sed
1257 411 1300 448 in
1318 410 1458 449 Goleto
1474 412 1675 461 quaedam

72 467 189 502 erant
227 477 328 514 quae
376 465 629 502 testarentur
666 464 789 502 illum
828 464 1044 502 hominem
1083 477 1191 503 esse:
1249 465 1294 503 in
1332 465 1518 504 Vitrario
1567 466 1676 504 nihil

71 532 252 569 vnquam
272 518 360 556 vidi
386 518 494 568 quod
520 518 605 556 vllo
628 521 748 567 pacto
777 520 937 568 saperet
961 518 1156 557 affectum
1187 520 1431 558 humanum.
1492 520 1609 568 Quod
1640 521 1675 558 si

72 586 138 610 me
158 573 310 619 audies,
326 572 440 620 Iona,
457 586 541 610 non
561 572 773 611 dubitabis
792 573 868 611 hos
891 572 993 610 duos
1014 573 1209 611 diuorum
1230 574 1454 612 asscribere
1478 575 1671 624 catalogo,

70 627 234 665 etiamsi
255 626 397 665 nullus
416 640 602 676 vnquam
622 626 819 665 Pontifex
840 640 909 666 eos
930 627 1081 665 referat
1100 626 1145 666 in
1168 641 1378 666 canonem.
1693 631 1757 671 630

125 680 282 720 Felices
302 681 476 729 animae,
491 682 642 730 quibus
661 694 737 731 ego
757 681 941 720 multum
955 680 1092 727 debeo,
1109 682 1259 720 vestris
1279 682 1469 732 precibus
1481 683 1675 722 adiuuate

68 735 297 774 luctantem
335 735 469 773 adhuc
508 736 552 773 in
590 735 716 774 huius
748 735 858 774 vitae
892 735 1015 774 malis
1052 736 1288 784 Erasmum,
1322 738 1368 776 vt
1406 737 1450 775 in
1488 740 1673 776 vestrum

69 790 390 828 contubernium
412 789 646 839 remigrem,
671 803 878 840 nusquam
898 792 1039 840 postea
1059 790 1333 829 diuellendus.

124 844 239 891 Vale,
275 844 336 882 mi
370 844 484 882 Iona.
544 844 660 882 Bene
698 844 822 882 habet
856 845 891 882 si
931 847 1002 883 tuo
1040 845 1242 883 desiderio
1281 845 1360 883 feci
1399 845 1526 893 satis;
1574 859 1673 884 nam

69 900 316 948 argumento
336 898 421 936 scio
442 911 701 948 nequaquam
721 911 810 937 esse
830 899 1099 938 satisfactum.
1692 902 1754 942 635

123 954 187 991 Ex
206 966 301 991 rure
321 953 565 991 Andrelaco.
591 953 653 991 Id.
679 953 773 991 Iun.
797 965 864 992 AN.
887 966 1069 991 M.D.XXI.

540 1146 666 1186 1212.
729 1145 792 1185 To
826 1143 969 1186 LOU1s
1000 1143 1257 1185 GUILLARD.

115 1247 307 1292 Epistolae
324 1247 371 1282 ad
390 1247 556 1284 diuersos
574 1260 610 1293 p.
632 1256 710 1292 545.
1363 1245 1608 1281 Anderlecht.

115 1304 205 1339 HN:
233 1305 350 1340 Lond.
372 1304 443 1340 xiv.
469 1315 532 1348 17:
562 1306 634 1340 LB.
665 1306 744 1351 578.
1343 1314 1384 1348 17
1402 1304 1500 1339 June
1523 1314 1623 1349 1521.

113 1399 199 1444 [The
216 1401 398 1441 year-date
416 1411 498 1442 may
524 1402 565 1432 be
589 1401 755 1441 accepted
778 1401 818 1431 in
835 1402 929 1432 view
945 1401 983 1431 of
998 1400 1177 1432 Erasmus'
1195 1401 1377 1432 residence
1393 1403 1430 1432 at
1446 1401 1672 1433 Anderlecht

65 1447 136 1477 and
162 1446 219 1476 his
242 1446 449 1485 occupation
468 1445 559 1476 with
585 1446 647 1476 the
666 1446 754 1475 New
770 1445 976 1475 Testament
999 1445 1071 1475 and
1087 1446 1298 1485 Augustine.
1347 1445 1415 1475 For
1432 1445 1597 1476 Guillard
1616 1456 1672 1477 see

66 1491 130 1531 Ep.
145 1490 219 1528 360.
241 1488 337 1530 18n.]

119 1592 324 1636 ERASMYS
356 1592 455 1622 ROT.
490 1593 531 1622 R.
555 1591 596 1621 D.
618 1592 655 1622 P.
679 1591 920 1632 LODOVICO,
951 1591 1163 1622 EPISCOPO
1195 1591 1492 1630 TORNACENSL
1526 1593 1558 1623 S.
1584 1593 1626 1622 D.

120 1685 215 1724 NAE
244 1685 352 1724 mihi
381 1697 630 1736 magnopere
658 1684 758 1723 felix
790 1683 880 1732 fuit,
915 1683 1140 1722 reuerende
1174 1683 1356 1731 PraesuL
1394 1684 1466 1722 illa
1496 1697 1589 1723 mea
1620 1684 1670 1723 ad

65 1740 239 1778 Petrum
260 1739 458 1778 Amicum
479 1739 675 1789 epistola;
707 1752 809 1789 quae
829 1738 998 1789 quidem
1018 1738 1165 1785 effecit,
1186 1738 1294 1788 quod
1314 1752 1390 1788 ego
1402 1739 1473 1777 vix
1493 1752 1671 1777 ausurus

64 1808 176 1833 eram
207 1794 421 1844 concipere
449 1794 568 1843 votis,
601 1797 647 1832 vt
675 1795 748 1832 tua
776 1792 980 1831 celsitudo
1010 1792 1143 1831 literis
1172 1792 1476 1832 humanissime
1505 1793 1669 1843 scriptis

65 1862 189 1888 suum
210 1862 305 1899 erga
324 1862 391 1887 me
412 1848 602 1887 studium
622 1850 857 1894 testaretur,
880 1849 922 1885 et
948 1847 1204 1897 singularem
1229 1846 1347 1885 illam
1376 1849 1548 1886 naturae
1575 1851 1668 1886 tuae

64 1903 295 1942 bonitatem
326 1916 525 1952 veraeque
557 1901 725 1953 pietatis
759 1902 948 1940 studium
982 1902 1068 1940 iam
1101 1902 1333 1940 multorum
1366 1902 1669 1951 praedicatione
1688 1918 1705 1948 5

66 1957 174 1996 mihi
194 1971 278 1996 non
298 1957 559 2008 incognitum
579 1970 653 1995 ceu
671 1957 769 1995 viua
789 1957 965 2006 quadam
985 1956 1170 2006 imagine
1189 1959 1521 2006 repraesentaret.

119 2013 385 2062 suffraganeo
406 2015 479 2050 tuo
503 2012 625 2049 facile
650 2012 909 2061 ignoscerem
930 2010 1039 2060 quod
1059 2010 1196 2049 alieno
1216 2011 1403 2060 impulsu
1424 2011 1524 2050 talia
1543 2010 1667 2050 dixis·

67 2069 130 2106 set
163 2067 207 2105 in
240 2067 398 2105 famam
431 2079 567 2105 meam
601 2066 710 2115 apud
743 2065 958 2115 populum,
989 2065 1025 2103 si
1055 2065 1122 2103 vel
1151 2065 1257 2104 leuis
1286 2066 1392 2103 esset
1420 2065 1574 2104 iniuria
1602 2066 1666 2104 vel

65 2135 155 2160 eam
190 2123 346 2171 gereret
378 2133 598 2171 personam
637 2120 704 2158 cui
734 2120 854 2158 venia
887 2119 1118 2158 deberetur.
1190 2119 1312 2157 Nunc
1351 2119 1449 2169 quid
1488 2120 1668 2159 atrocius

66 2189 189 2226 quam
211 2176 256 2213 in
284 2175 485 2225 populari,
508 2175 593 2213 imo
614 2175 659 2213 in
685 2187 806 2221 sacra,
831 2174 1028 2213 concione
1055 2173 1289 2212 manifestis
1321 2174 1519 2212 conuiciis
1543 2176 1665 2225 atque
1688 2194 1726 2217 10

64 2230 164 2268 adeo
204 2229 431 2269 mendaciis
469 2229 670 2268 incessere
707 2229 862 2267 famam
899 2228 1084 2267 hominis
1121 2228 1392 2276 immerentis,
1428 2229 1513 2267 imo
1547 2229 1665 2268 bene-

0 2303 1 2337 ]
65 2284 275 2331 merentis,
312 2287 364 2333 et,
399 2297 481 2334 quo
518 2283 627 2322 nihil
665 2284 774 2333 apud
813 2283 1071 2322 Christianos
1112 2282 1410 2331 detestabilius,
1452 2283 1665 2322 haereseos

0 2356 1 2361 ¹
63 2338 222 2377 crimen
251 2338 513 2389 impingere?
566 2339 706 2388 Atque
735 2338 836 2376 haec
864 2337 963 2377 facit
992 2337 1232 2386 monachus,
1264 2350 1402 2386 senex,
1431 2337 1660 2387 theologus,

63 2396 106 2432 et
144 2393 383 2443 episcopus3
428 2393 606 2443 denique
640 2394 744 2439 tuas,
776 2392 853 2431 hoc
887 2394 951 2430 est
986 2391 1264 2430 laudatissimi
1298 2391 1525 2440 Praesulis,
1554 2392 1664 2431 vices

65 2460 221 2498 gerens.
265 2447 368 2495 Quis
387 2449 529 2486 autem
549 2450 611 2486 est
630 2459 770 2486 scurra
788 2449 876 2485 tam
896 2446 1115 2496 perfrictae
1134 2446 1286 2484 frontis
1301 2446 1372 2495 qui
1392 2459 1665 2496 responsurus
1687 2462 1722 2493 15

64 2502 120 2540 sit
151 2501 437 2552 impudentius
470 2515 595 2552 quam
630 2501 702 2540 ille
743 2501 969 2551 respondit,
1003 2502 1171 2550 rogatus
1203 2499 1300 2551 quid
1340 2500 1581 2539 offendisset
1619 2502 1662 2539 in

65 2556 186 2595 libris
213 2555 320 2594 meis
348 2555 634 2595 haereticum?
690 2557 699 2574 ‘
718 2555 812 2594 Non
841 2555 946 2605 legi'
968 2555 1106 2604 inquit
1125 2555 1280 2594 ‘libros
1308 2555 1484 2593 Erasmi.
1544 2556 1663 2594 Para-

64 2610 236 2660 phrases
256 2609 462 2648 habebam
488 2610 531 2648 in
558 2609 699 2648 animo
726 2609 886 2659 legere;
927 2610 998 2648 sed
1019 2609 1108 2648 visa
1136 2611 1197 2647 est
1225 2609 1430 2648 Latinitas
1460 2612 1545 2648 tam
1575 2624 1663 2660 pro—

107 2724 200 2754 1211.
225 2724 300 2762 636.
327 2721 422 2753 FN³t
446 2722 649 2753 Anderlaco
666 2721 711 2752 N²
726 2724 822 2753 Lond.
959 2723 1046 2753 Idus
1063 2725 1106 2754 H.
1197 2723 1297 2754 Iunii
1316 2725 1354 2753 N.
1456 2732 1604 2755 :maxum
1624 2726 1666 2756 H.

65 2767 160 2797 1212.
184 2776 238 2797 TIT
265 2777 297 2797 R.
318 2776 350 2797 D.
371 2776 401 2798 P.
419 2776 477 2797 om.
495 2767 537 2797 H.
627 2775 798 2797 Lvnovmo
815 2769 857 2798 H.
949 2776 979 2797 ε.
1006 2767 1159 2797 amicum
1177 2769 1212 2797 F.

109 2877 203 2908 1212.
228 2886 258 2907 2.
283 2874 469 2916 Amicum]
495 2874 546 2906 cf.
568 2875 629 2914 Ep.
653 2883 744 2914 1173.
768 2885 827 2914 911.
894 2876 984 2906 with
1018 2876 1075 2906 his
1098 2876 1273 2915 Courtray
1301 2875 1475 2914 pension;
1509 2874 1595 2905 such
1624 2884 1662 2905 as

63 2918 230 2951 Erasmus
247 2919 318 2950 had
343 2918 495 2959 perhaps
518 2918 605 2949 used
624 2919 700 2949 him
725 2929 763 2949 as
779 2929 825 2950 an
895 2920 940 2950 he
964 2919 1178 2949 afterwards
1200 2918 1393 2949 addressed
1418 2921 1454 2949 to
1476 2918 1537 2948 the
1564 2918 1662 2957 Bp.⁷s

62 2962 320 3002 intermediary
331 2962 487 3002 through
498 2962 618 2992 whom
631 2964 668 2993 to
680 2962 826 2993 address
895 2972 1074 2994 successor
1087 2973 1115 2993 c.
1129 2972 1172 2992 20
1182 2963 1284 3001 April
1302 2963 1386 3001 1526
1398 2962 1457 3000 (cf.
1471 2962 1532 3001 Ep.
1550 2962 1657 3000 1695).

62 3007 98 3037 to
115 3006 279 3038 Guillard
297 3015 393 3037 some
411 3008 553 3045 request
572 3006 608 3036 in
626 3007 825 3037 connexion
940 3016 969 3045 7.
995 3005 1237 3046 Suffraganeo]
1256 3005 1307 3037 Cf.
1327 3006 1388 3045 Ep.
1411 3015 1503 3044 1144.
1522 3015 1602 3044 3911.
