1990 3353
228 426 290 457 150

230 963 290 994 160

231 1233 289 1274 165

250 695 265 726 5
308 684 404 721 bam
442 683 538 722 illos
570 697 718 722 verum
756 696 801 722 ac
834 683 1099 732 plausibilem
1132 683 1283 720 referre
1315 682 1591 730 triumphum.

305 144 385 181 366
776 141 1025 180 LETTERS
1064 140 1134 179 OF
1170 140 1436 180 ERASMUS

1781 138 1907 192 [1520

309 264 350 289 se
389 250 468 288 fert
505 249 693 288 ordinem
725 249 1040 294 Dominicalem,
1077 261 1151 286 nec
1185 248 1424 286 dissimulat
1457 261 1500 286 se
1535 261 1675 298 capere
1710 248 1908 287 salarium

309 318 494 343 annuum
519 318 542 342 a
569 304 679 353 Rege
705 303 935 342 Gallorum.
995 302 1102 340 Sunt
1128 304 1170 340 et
1197 302 1269 340 alii
1288 315 1465 351 quorum
1486 302 1617 341 libelli
1641 316 1725 341 non
1751 303 1907 351 prodie—

309 361 420 397 runt.
480 359 563 396 Nec
597 359 743 408 opinor
771 357 882 396 aliud
918 356 1097 395 sensisse
1125 357 1173 395 R.
1206 356 1468 395 Cardinalem
1497 357 1803 403 Dertusmsem,
1836 356 1909 406 qui

309 413 422 451 iubet
442 413 506 450 illi
527 412 811 450 doctrinaliter
832 411 990 458 obsisti,
1014 410 1091 448 hoc
1116 413 1178 449 est
1204 423 1290 449 non
1317 410 1566 449 clamoribus
1595 411 1812 458 seditiosis,
1836 410 1906 449 sed

309 467 517 505 doctrinae
537 479 672 505 sacrae
691 465 906 516 praesidiis
925 465 1114 515 opprimi,
1139 465 1174 503 si
1195 465 1332 503 sanari
1352 464 1459 503 nolit
1478 469 1547 503 aut
1568 478 1650 504 non
1672 464 1810 514 possit.

363 521 538 570 Ingenia
556 533 754 570 generosa
773 520 909 558 doceri
929 519 1114 569 cupiunt,
1138 519 1227 569 cogi
1247 532 1332 557 non
1352 519 1502 557 ferunt.
1559 519 1711 569 Cogere
1729 522 1908 566 tantum,

308 578 583 623 tyrannorum
605 577 693 623 est;
724 575 813 624 cogi
833 577 1012 620 tantum,
1034 573 1258 611 asinorum.

309 630 480 678 quaeuis
499 629 682 668 victoria.

1318 573 1504 611 In-bello
1531 587 1615 611 non
1641 576 1704 612 est
1731 573 1911 623 speciosa

743 629 1019 667 Consulebam
1043 627 1237 676 dignitati
1266 628 1498 677 gloriaeque
1521 627 1783 676 theologicae,
1805 627 1912 665 vole—

1654 682 1697 720 Si
1731 682 1912 719 maxime

310 738 505 776 fauissem
540 737 677 776 ordini
706 741 854 783 vestro,
887 737 921 776 si
951 737 1131 776 maxime
1158 737 1329 774 fuissem
1360 736 1547 774 infensus
1576 736 1769 777 Luthero.
1801 736 1910 785 quod

310 792 423 830 aliud
455 792 661 830 dedissem
692 792 913 830 consilium
945 805 1069 841 quam
1102 791 1228 829 dedi?
1283 789 1420 828 Libris
1450 791 1672 828 exurendis
1702 791 1912 828 Lutherus

310 847 497 884 fortassis
517 847 724 885 eximetur
742 860 763 884 e
782 846 1071 893 bibliothecis3
1101 858 1154 883 an
1178 858 1227 883 ex
1251 845 1403 883 animis
1430 845 1577 883 reuelli
1602 845 1732 894 possit
1758 844 1907 883 nescio.

309 902 370 939 At
390 901 428 939 id
451 903 625 950 poterat,
644 901 678 938 si
693 914 786 939 meo
803 900 977 939 consilio
996 900 1143 938 fuisset
1164 899 1510 949 obtemperatum.
1561 899 1654 937 Hoc
1674 898 1907 946 consilium,

309 955 344 993 si
365 955 483 993 vobis
509 969 592 993 non
616 955 813 1004 placebat,
836 957 975 992 tamen
1003 955 1107 992 mihi
1133 953 1269 991 fraudi
1295 966 1384 991 esse
1413 966 1498 991 non
1527 953 1685 1000 debuit,
1705 953 1775 1002 qui
1804 952 1912 991 bono

309 1010 450 1047 animo
479 1010 679 1047 suaserim
710 1010 756 1047 R.
784 1009 993 1047 Cardinali
1021 1009 1125 1047 bene
1154 1008 1204 1045 de
1234 1021 1301 1045 me
1330 1008 1491 1055 merito,
1524 1007 1589 1045 cui
1618 1021 1686 1045 me
1714 1007 1913 1057 putabam

312 1065 387 1101 hoc
408 1064 531 1101 officii
552 1064 708 1101 debere.
769 1063 825 1100 Et
845 1063 955 1101 suasi
978 1063 1112 1101 literis
1134 1061 1375 1110 obsignatis,
1397 1062 1505 1100 nihil
1529 1062 1671 1100 minus
1700 1060 1914 1110 suspicans

311 1132 435 1167 quam
453 1119 538 1156 fore
556 1120 601 1155 vt
622 1118 925 1166 euulgarentur,
944 1119 985 1156 et
1005 1117 1127 1155 audio
1147 1117 1363 1165 euulgatas
1381 1116 1625 1166 priusquam
1645 1115 1910 1165 Card<inali)

310 1173 594 1210 redderentur.
654 1172 738 1209 Nec
769 1174 910 1210 tamen
942 1172 1099 1210 aeditas
1127 1173 1174 1209 vt
1207 1184 1230 1208 a
1261 1184 1328 1208 me
1358 1170 1533 1219 scriptae
1565 1172 1674 1218 sunt,
1708 1170 1775 1208 vel
1809 1169 1913 1208 illud

311 1227 457 1276 arguit,
479 1227 588 1276 quod
603 1226 645 1264 in
660 1226 738 1274 his,
755 1228 801 1264 vt
813 1226 947 1274 aiunt,
967 1226 1129 1276 appello
1145 1225 1378 1264 Lutherum
1401 1227 1409 1243 ⁶
1423 1227 1614 1263 nostrum
1630 1224 1649 1271 ',
1674 1225 1782 1274 quod
1803 1237 1825 1262 a
1845 1237 1913 1261 me

310 1284 417 1319 certe
445 1293 663 1330 nunquam
690 1280 772 1319 fuit
804 1280 1016 1319 additum:
1056 1280 1164 1330 quod
1198 1279 1416 1317 additurus
1447 1292 1531 1317 non
1560 1279 1720 1317 fueram
1749 1277 1915 1316 etiamsi

309 1349 426 1373 meus
455 1336 611 1374 fuisset.

366 1390 443 1428 Sed
477 1390 527 1427 ad
562 1389 830 1428 Carmelitam
864 1391 1053 1427 nostrum
1088 1389 1219 1426 redeo.
1281 1387 1462 1425 Multum
1496 1388 1832 1439 ἐβαττολογήσατο
1864 1386 1913 1424 (10

310 1444 496 1483 vitandis
516 1444 647 1491 nouis,
671 1444 721 1481 de
744 1444 1003 1481 adhaerendo
1023 1443 1255 1489 veteribus3
1286 1445 1526 1491 suspectum
1550 1442 1699 1480 habere
1725 1444 1913 1491 oportere

311 1498 505 1548 quicquid
551 1500 657 1536 esset
703 1511 874 1545 nouum,
916 1497 1225 1535 adhaerendum
1268 1497 1488 1543 veteribus,
1529 1496 1754 1534 tenendum
1793 1498 1915 1533 vetus

312 1552 602 1602 Euangelium.
662 1552 776 1590 Haec
803 1552 902 1601 quid
929 1552 1008 1589 sibi
1028 1551 1184 1589 vellent
1210 1550 1324 1600 plebs
1351 1551 1577 1589 idiotarum
1607 1550 1914 1597 demirabatur3

312 1608 572 1645 eruditorum
592 1619 715 1644 nemo
740 1606 949 1644 nesciebat
974 1606 1055 1643 dici
1081 1605 1124 1643 in
1151 1605 1316 1654 linguas
1342 1618 1387 1642 ac
1410 1606 1579 1643 Nouum
1598 1604 1914 1642 Testamentum

312 1675 335 1699 a
356 1675 421 1699 me
441 1661 712 1710 recognitum.
771 1661 899 1699 Porro
920 1661 1029 1710 quod
1051 1660 1100 1698 ad
1122 1659 1287 1708 linguas
1307 1659 1466 1707 attinet,
1488 1659 1697 1708 insignem
1717 1659 1914 1696 iniuriam

312 1716 384 1754 ille
408 1716 505 1754 facit
527 1728 694 1753 summo
714 1714 922 1762 Pontifici,
947 1715 1017 1764 qui
1044 1716 1161 1752 tanto
1190 1713 1329 1752 studio
1359 1716 1476 1751 curat
1498 1715 1544 1752 vt
1570 1713 1712 1751 literae
1738 1714 1914 1751 Graecae

704 1828 774 1857 149.
800 1818 837 1849 R.
855 1829 913 1850 om.
934 1822 975 1851 H.

362 1902 431 1940 148.
459 1901 536 1942 alii]
565 1901 617 1932 Cf.
635 1902 697 1940 Ep.
721 1902 813 1939 1165.
838 1911 954 1940 13-14.

360 1955 432 1985 149.
447 1944 719 1984 Dei-tusensem]
732 1945 870 1975 Adi-ian
880 1946 917 1975 of
927 1945 1081 1976 Utrecht

316 1990 394 2028 (Ep.
437 1999 509 2027 171.
547 1989 640 2027 1211),
679 1989 735 2028 bp.
779 1989 815 2019 of
849 1989 1003 2027 Tor-tosa,
1044 1991 1081 2019 to

315 2033 434 2063 whom
452 2033 514 2062 the
530 2032 756 2071 Theological
774 2032 923 2071 Faculty
941 2032 978 2063 of
992 2033 1080 2062 Lou-

315 2076 401 2107 vain
426 2076 498 2106 had
524 2076 723 2106 forwarded
748 2075 844 2106 their
868 2076 1080 2107 condemna-

316 2121 393 2151 tion
410 2120 449 2150 of
467 2120 615 2159 Luther‚
636 2119 743 2149 dated
762 2129 778 2157 7
798 2119 883 2150 Nov.
906 2129 992 2159 1519
1009 2123 1080 2159 <sec

316 2164 378 2203 Ep.
398 2173 491 2202 1030.
511 2163 603 2203 16n).
647 2163 703 2193 He
715 2163 851 2203 replied
865 2164 924 2193 ‘ex
940 2163 1079 2203 Papiol’

317 2209 349 2247 s?
361 2207 581 2246 Pamplona:
612 2206 830 2246 Fredericq),
855 2217 874 2244 4
906 2207 999 2245 Dec.,
1028 2217 1080 2238 re-

316 2250 571 2290 commending
602 2250 834 2281 ‘doctrinalis
865 2251 1079 2281 condemna-

316 2295 426 2325 tionis
442 2294 649 2324 antidotum
662 2295 670 2305 '
686 2305 693 2332 3
717 2294 788 2324 and
802 2295 967 2334 warning
978 2295 1080 2324 them

319 2341 379 2368 ‘vt
403 2339 441 2367 in
466 2337 768 2368 condemnatione
792 2347 855 2377 per
878 2347 940 2368 vos
963 2337 1080 2377 publi-

317 2381 429 2412 canda
457 2382 600 2411 nullum
625 2381 772 2411 verbum
796 2381 903 2412 aliter
925 2383 1081 2421 ponatur

316 2435 423 2464 quam
455 2425 498 2454 ab
531 2426 607 2464 ipso
637 2428 760 2455 autore
793 2425 841 2455 sit
872 2424 1077 2464 scriptum'.

316 2469 486 2499 Adrian’s
510 2468 617 2498 letter
638 2478 711 2499 was
734 2468 879 2508 printed
904 2469 993 2499 with
1018 2468 1080 2498 the

316 2512 613 2542 condemnations
624 2512 668 2550 by
682 2512 744 2542 the
756 2515 827 2542 two
838 2512 1078 2546 universities,

318 2556 487 2594 Louvain,
505 2555 568 2585 Th.
588 2555 757 2595 Martens,
778 2555 858 2586 Feb.
879 2565 985 2595 15203
1008 2555 1080 2585 and

317 2599 355 2629 in
382 2598 545 2629 Luther's
570 2601 676 2637 Opera,
702 2599 739 2638 ii,
762 2600 854 2638 1546,
874 2599 898 2629 f.
915 2600 967 2638 36.
1015 2600 1080 2629 See

319 2643 356 2673 C.
393 2642 424 2672 J.
460 2642 506 2672 M.
537 2642 790 2680 Bottemannc,
826 2645 869 2673 De
906 2644 1079 2680 Kamolz'elc,

318 2685 464 2722 Leiden,
481 2685 568 2724 Jnly
589 2685 682 2724 1882,
701 2695 758 2726 pp.
778 2695 869 2716 1-22.

362 2729 395 2759 It
428 2738 497 2758 was
528 2729 680 2768 perhaps
703 2732 739 2759 at
771 2730 832 2759 the
856 2738 952 2760 same
976 2730 1076 2769 time,

319 2773 357 2803 in
387 2772 473 2803 Nov.
507 2781 598 2811 1519.
626 2773 705 2803 that
731 2772 793 2803 tho
827 2773 975 2813 Faculty
999 2776 1079 2803 sent

319 2826 415 2847 some
432 2815 573 2846 articles
589 2816 759 2846 collected
785 2816 873 2845 from
900 2815 1079 2847 Erasnius'

318 2860 502 2898 writings:
530 2861 565 2888 to
590 2859 720 2897 which,
743 2860 915 2899 however,
940 2860 1080 2891 Adrian

319 2903 401 2943 paid
426 2912 471 2932 110
493 2903 670 2932 attention
691 2903 769 2943 (Ep.
793 2904 900 2941 1581).

366 2956 437 2984 152.
464 2946 613 2984 Ingenia
644 2951 826 2985 generosam
858 2946 907 2976 Cf.
940 2945 1080 2977 Faber-'s

321 2992 490 3020 Consilium
508 2991 578 3026 (sve
596 2999 627 3028 p.
639 2996 719 3028 357)
736 3000 741 3020 :
770 2992 776 3005 ¹
793 2990 1008 3020 Huiusmodi
1027 2990 1078 3020 in-

319 3034 422 3073 genia
436 3032 552 3063 doceri
566 3033 727 3072 cupiunt,
741 3034 813 3071 cogi
831 3033 957 3063 nolunt
970 3043 1084 3071 neque

1156 1819 1227 1849 161.
1254 1818 1293 1849 R.
1311 1821 1359 1848 F:
1383 1818 1531 1848 Alberto
1550 1820 1593 1848 H.

1153 1901 1296 1931 debont.
1345 1901 1541 1931 Asinorum
1568 1901 1620 1930 ost
1650 1899 1725 1938 cogi
1757 1899 1912 1933 tantum,

1152 1946 1391 1984 tyrannorum
1416 1942 1578 1983 cogere'3
1609 1943 1699 1973 with
1724 1942 1845 1972 which
1868 1940 1911 1972 cf.

1152 1989 1238 2028 Epp.
1253 1997 1346 2026 1143.
1360 1989 1454 2026 76⁴7,
1470 1988 1561 2025 1167.
1576 1988 1692 2025 257—8,
1711 1995 1803 2024 1173.
1815 1985 1911 2024 47—8.

1199 2041 1268 2071 157.
1296 2031 1503 2066 consilium]
1530 2031 1594 2060 See
1613 2031 1675 2069 Ep.
1701 2040 1792 2068 1173.
1818 2037 1913 2067 42-5.

1239 2074 1445 2115 exurendis]
1465 2074 1515 2105 Cf.
1537 2074 1599 2114 Ep.
1623 2083 1714 2113 1157.
1734 2074 1791 2103 611.

1198 2120 1270 2157 163.
1296 2118 1495 2158 euulgatas]
1514 2118 1577 2148 See
1595 2128 1652 2157 pp.
1671 2119 1768 2156 97-8.

1198 2164 1267 2201 165.
1293 2161 1476 2202 nostrum]
1503 2162 1566 2191 See
1584 2171 1614 2200 p.
1633 2161 1686 2200 98.

1198 2216 1266 2243 171.
1282 2205 1493 2245 idiotarum]
1504 2204 1696 2244 AVulgate
1706 2203 1800 2234 word
1815 2203 1916 2243 (Acts

1150 2260 1180 2287 4.
1203 2259 1252 2288 13,
1275 2259 1287 2279 1
1311 2250 1390 2280 Cor.
1417 2259 1464 2287 14.
1492 2249 1543 2286 16,
1568 2250 1668 2287 23—4)
1692 2246 1779 2278 used
1803 2246 1917 2286 freely

1150 2294 1196 2332 by
1213 2294 1383 2323 Erasmus
1400 2294 1454 2323 for
1472 2293 1532 2322 the
1547 2291 1743 2322 unlearned
1761 2302 1768 2320 t
1791 2301 1862 2330 eg.
1876 2291 1916 2320 iu

1150 2337 1212 2367 the
1244 2339 1425 2375 Paraclesis,
1454 2335 1664 2366 ‘Benedicti
1689 2334 1848 2374 regulam
1872 2333 1915 2363 ab

1151 2381 1304 2419 homine,
1333 2390 1442 2419 eoque
1467 2390 1555 2419 pene
1585 2379 1708 2417 idiota,
1735 2381 1770 2408 et
1795 2377 1916 2408 idiotis

1150 2425 1320 2463 scriptam
1335 2422 1342 2435 '
1359 2434 1366 2462 3
1391 2424 1429 2453 in
1455 2424 1512 2453 his
1528 2432 1638 2462 essay,
1662 2432 1699 2460 14
1717 2422 1798 2452 Jan.
1821 2430 1912 2460 1522,

1151 2468 1308 2507 prefixed
1347 2470 1383 2497 to
1422 2467 1483 2497 the
1523 2466 1742 2505 Paraphrase
1776 2474 1822 2495 on
1862 2464 1911 2495 St.

1151 2511 1334 2550 Matthew,
1372 2512 1479 2550 ‘quos
1512 2509 1668 2540 mundus
1708 2509 1815 2539 habet
1852 2517 1916 2547 pro

1150 2554 1377 2594 doctissimiS,
1425 2554 1567 2585 Christo
1613 2554 1700 2583 sunt
1747 2552 1881 2582 idiotae
1894 2551 1912 2589 ’,

1153 2598 1264 2628 ‘Oues
1280 2601 1364 2628 sunt
1384 2597 1514 2628 idiotae
1534 2596 1595 2627 sed
1615 2595 1852 2632 rationales';
1877 2595 1916 2625 in

1150 2642 1212 2672 the
1229 2645 1272 2672 De
1288 2652 1341 2672 esu
1362 2644 1518 2678 caronam,
1541 2643 1548 2658 ‘
1562 2639 1740 2671 Ecclesiae
1756 2647 1916 2679 proceres

1153 2710 1159 2716 .
1185 2708 1192 2715 .
1221 2708 1228 2715 .
1256 2686 1374 2724 palam
1394 2685 1503 2724 impie
1521 2685 1662 2721 viuunt,
1682 2682 1916 2713 offenduntur

1150 2727 1318 2759 idiotae&
1364 2728 1416 2758 Cf.
1446 2728 1533 2768 Epp.
1560 2737 1633 2766 337.
1661 2736 1734 2765 247,
1760 2726 1835 2765 694.
1860 2734 1914 2764 35,

1154 2781 1245 2811 1033.
1265 2782 1336 2810 130,
1355 2781 1535 2811 1039.141,
1555 2771 1736 2808 1126·144‚
1756 2769 1848 2799 1166.
1863 2769 1916 2808 48,

1152 2816 1246 2854 1167.
1265 2816 1338 2854 438,
1362 2825 1456 2854 1223.
1474 2816 1528 2853 36.

1193 2859 1267 2889 The
1300 2859 1465 2897 writings
1489 2859 1527 2889 of
1555 2855 1743 2896 Raymond
1767 2854 1914 2892 Jordan,

1150 2905 1292 2942 provost
1325 2902 1362 2932 of
1391 2902 1490 2939 Urbes,
1517 2904 1555 2938 fl.
1594 2901 1688 2940 1381,
1720 2897 1917 2930 circulated

1150 2945 1425 2985 anonymously‚
1450 2955 1540 2975 even
1565 2945 1658 2975 after
1682 2943 1745 2974 the
1773 2943 1859 2981 days
1882 2941 1921 2972 of

1154 2989 1330 3029 printing,
1349 2998 1386 3019 as
1402 2989 1465 3019 the
1482 2989 1596 3019 works
1613 2987 1650 3018 of
1668 2986 1805 3018 ‘Idiota
1817 2985 1836 3016 ’.

1201 3043 1270 3071 174.
1298 3032 1467 3072 Graecae]
1493 3032 1545 3063 Cf.
1562 3031 1623 3070 Ep.
1642 3032 1733 3061 1062.
1753 3039 1849 3068 14011.
