1990 3353
266 147 347 185 382
734 144 985 183 LETTERS
1024 143 1094 181 OF
1131 143 1397 182 ERASMUS
1746 141 1872 196 [1520

266 254 553 303 vndecumque
575 253 726 300 licebit,
751 266 895 291 ansam
916 253 1036 292 nobis
1055 254 1265 303 arripiam,
1289 253 1395 292 nihil
1416 267 1500 292 non
1521 252 1691 292 tentabo
1707 267 1716 301 ;
1748 267 1771 291 a
1791 266 1871 304 quo

268 308 407 347 nullae
447 309 598 355 minae,
640 307 758 346 nulla
795 321 898 357 quae
941 308 1146 346 abducant
1185 308 1369 358 pericula
1408 308 1508 346 satis
1545 310 1654 346 sunt.
1733 308 1869 346 Semel

207 372 246 404 55
271 363 449 401 infixum
479 363 522 400 in
553 362 746 400 libertate
775 361 966 400 animum
994 362 1136 400 dirimi
1166 375 1251 401 non
1280 362 1425 412 patiar.
1481 363 1552 400 An
1580 375 1744 411 possem
1773 364 1869 412 pati,

268 417 334 455 cui
371 420 457 455 tam
495 416 716 454 inhonesta
753 416 965 465 proposita
1002 417 1057 454 sit
1094 417 1286 459 seruitus.
1324 416 1406 455 nisi
1443 416 1672 454 rebellem?
1729 416 1872 466 Egone

268 471 466 510 mollibus
494 471 677 508 seruiam
706 471 986 517 sacerdotulis,
1011 471 1248 509 delicatulis
1275 471 1368 509 istis
1397 471 1570 520 cynedis
1598 483 1775 520 parcam,
1800 471 1873 508 im—

268 525 440 575 pudicos
467 524 634 562 adorem
661 524 889 574 pontifices,
913 525 1134 563 hominum
1164 525 1325 563 nullius
1348 526 1478 563 bonae
1508 525 1640 573 frugis
1671 524 1875 574 imperata

269 580 428 626 faciam,
454 592 548 617 cum
569 579 694 617 toties
714 579 893 617 summis
914 579 1235 629 imperatoribus
1262 592 1431 629 negasse
1451 579 1529 617 hoc
1555 576 1875 617 maiores'meos

208 636 249 668 60
269 633 408 681 sciam,
450 647 524 671 nec
563 646 610 671 ea
648 634 702 671 sit
742 647 846 682 quae
883 635 1043 672 tantam
1083 634 1378 684 indignitatem
1416 634 1522 672 ferat
1564 646 1656 671 mea
1694 634 1874 672 natura?

269 688 394 726 Prius
416 689 557 726 onmia
577 687 806 737 perdidero.

326 742 445 790 Quod
477 744 524 780 vt
554 755 606 780 ne
638 742 801 780 dubites
830 755 911 791 quo
948 742 1102 792 agitem
1137 743 1288 790 animo,
1322 743 1406 780 iam
1438 742 1622 791 persuasi
1653 742 1739 792 ipse
1770 742 1877 779 mihi

271 797 394 835 fatale
414 796 491 834 hoc
511 809 598 834 esse
620 796 811 835 Hutteno
832 810 903 846 pro
919 797 1052 846 patria
1071 797 1357 846 periclitante;
1388 797 1495 847 quod
1518 799 1756 835 constanter
1775 797 1876 835 adeo

271 851 467 900 proposui
497 853 544 889 vt
575 850 790 889 clariorem
821 851 995 898 nullam,
1027 864 1152 900 quam
1185 865 1287 900 quae
1321 865 1394 900 pro
1433 853 1649 889 communi
1686 851 1878 889 libertate

210 907 250 949 65
272 906 450 951 obeatur,
474 908 654 943 mortem
674 918 762 943 esse
789 905 1040 943 existimem.
1101 906 1229 954 Agite
1257 906 1395 955 igitur,
1419 906 1568 956 optimi
1593 905 1716 950 ciues,
1739 905 1877 943 adeste

270 959 512 1010 populares;
542 960 828 1009 propellantur
852 960 1034 1008 improbi
1059 972 1082 997 a
1103 960 1325 998 Germania
1344 960 1513 1007 domini,
1539 959 1724 998 soluatur
1745 961 1879 1009 turpis

271 1015 464 1061 seruitus,
496 1014 738 1063 pudendum
767 1014 983 1052 abiiciatur
1011 1014 1169 1063 iugum.
1242 1015 1472 1053 Germanos
1504 1027 1591 1053 esse
1625 1027 1702 1052 nos
1735 1015 1878 1052 memi-

271 1069 471 1115 nerimus,
496 1081 630 1117 neque
649 1068 716 1106 hic
739 1067 960 1118 quisquam
987 1069 1041 1106 sit
1062 1082 1185 1117 quem
1207 1068 1381 1107 delectet
1401 1068 1551 1116 viuere,
1577 1069 1612 1107 si
1638 1082 1721 1106 non
1748 1069 1878 1118 possit

271 1122 412 1161 libere.
473 1122 658 1172 Aliquid,
693 1136 778 1160 non
809 1123 951 1160 omnia
979 1122 1198 1172 praecidet,
1232 1123 1276 1170 si,
1306 1123 1415 1172 quod
1445 1123 1517 1161 isti
1545 1125 1724 1173 sperant,
1756 1123 1879 1161 inter—

213 1183 253 1217 70
272 1177 401 1219 cedet,
434 1176 558 1226 Regis
591 1177 800 1223 edictum;
844 1190 978 1226 neque
1015 1177 1156 1214 omnia
1191 1177 1262 1215 ille
1297 1177 1455 1227 refugia
1490 1177 1694 1223 clauserit,
1737 1177 1879 1215 omnia

274 1231 517 1269 subduxerit
536 1231 700 1269 auxilia.
764 1231 896 1279 Quem
917 1245 991 1280 ego
1012 1234 1150 1269 tamen
1173 1232 1294 1270 credo
1315 1232 1542 1270 abductum
1562 1245 1674 1270 nunc
1699 1231 1879 1281 pessimo

273 1286 455 1333 consilio,
479 1298 564 1323 non
586 1286 657 1323 diu
677 1285 886 1324 facturum
906 1286 1032 1324 etiam
1054 1286 1141 1324 hoc.
1187 1286 1428 1335 Aliquando
1448 1286 1562 1324 enim
1581 1286 1632 1324 ad
1653 1299 1696 1324 se
1716 1286 1879 1333 redibit,

273 1353 407 1390 neque
437 1353 599 1388 semper
634 1340 963 1379 Romanensium
993 1340 1220 1390 palponum
1256 1340 1442 1378 consiliis
1474 1340 1803 1379 subuertendum
1838 1353 1880 1378 se

273 1394 508 1444 praebebit3
539 1408 635 1432 cum
656 1394 752 1444 quia
779 1396 841 1433 tot
871 1395 1072 1444 exemplis
1102 1395 1357 1433 commoneri
1387 1408 1483 1433 eum
1514 1394 1630 1433 facile
1660 1397 1721 1433 est
1751 1394 1881 1433 ‘nihil

215 1455 253 1490 75
274 1462 360 1488 esse
399 1449 459 1487 ibi
493 1448 625 1487 fidum
641 1451 660 1497 ⁹,
699 1451 791 1487 tum
823 1462 921 1487 vero
955 1449 1050 1499 quia
1083 1451 1251 1498 tempus
1289 1450 1430 1487 adesse
1461 1449 1628 1487 videtur
1662 1462 1743 1499 quo
1782 1449 1880 1487 haec

274 1503 488 1542 aboleatur
517 1503 720 1552 tyrannis.
781 1503 898 1550 Quod
927 1503 1005 1541 etsi
1033 1516 1056 1541 a
1085 1517 1151 1541 me
1182 1503 1272 1541 fieri
1300 1517 1385 1542 non
1415 1505 1557 1553 possit,
1591 1505 1731 1542 tamen
1762 1503 1882 1541 initia

276 1571 439 1596 sumere
468 1558 646 1607 poterit;
676 1558 747 1596 vbi
768 1557 840 1606 qui
869 1560 968 1596 sunt
997 1557 1069 1595 isti
1098 1558 1169 1607 qui
1195 1558 1244 1596 ad
1266 1558 1448 1608 quietem
1478 1558 1737 1596 hortantur?
1765 1558 1881 1607 quasi

274 1626 372 1651 vero
392 1612 491 1650 forti
511 1613 613 1660 viro,
638 1612 772 1661 qualis
796 1625 883 1650 esse
911 1612 1065 1657 laboro,
1089 1613 1298 1661 quiescere
1324 1613 1378 1650 sit
1405 1612 1699 1661 despicabilem
1727 1613 1882 1650 seruire

276 1667 535 1714 seruitutem,
569 1667 647 1705 hoc
677 1666 920 1716 praesertim
954 1668 1138 1716 tempore
1179 1681 1260 1716 quo
1299 1667 1349 1704 ad
1387 1679 1603 1704 summum
1641 1667 1881 1704 conscendit

215 1724 256 1754 80
276 1722 376 1760 haec
395 1721 635 1770 indignitas,
661 1734 742 1770 quo
761 1721 832 1759 isti
861 1720 970 1758 nihil
998 1734 1082 1758 non
1113 1721 1234 1759 licere
1261 1721 1341 1759 sibi
1364 1720 1524 1768 volunt,
1546 1734 1627 1770 quo
1650 1733 1761 1759 sacra
1791 1734 1880 1770 pro-

276 1776 452 1825 fanaque
477 1776 618 1813 omnia
643 1776 782 1824 impie,
807 1779 853 1813 vt
879 1788 1094 1825 nunquam
1121 1775 1248 1824 prius,
1271 1775 1511 1814 miscentur.
1535 1789 1614 1824 quo
1640 1775 1813 1813 mentiri
1841 1777 1881 1812 et

277 1831 464 1869 fraudare
485 1830 646 1878 regium
668 1833 729 1867 est
755 1831 797 1868 et
823 1830 1099 1879 pontificium,
1120 1830 1296 1879 diripere
1323 1833 1364 1868 et
1389 1829 1517 1868 furari
1544 1830 1671 1867 etiam
1703 1843 1877 1868 sacrum.

278 1884 392 1923 Hinc
424 1886 470 1922 tu
505 1884 627 1922 laude
657 1886 830 1922 conatus
861 1897 904 1922 es
943 1897 1133 1921 reuocare
1164 1884 1263 1922 hos:
1308 1884 1485 1933 benigne
1519 1884 1560 1921 id
1594 1884 1774 1933 quidem,
1811 1884 1880 1922 sed

277 1940 471 1977 vincente
491 1939 677 1988 ipsorum
699 1939 909 1976 dementia
937 1938 1045 1976 nihil
1070 1938 1306 1977 eblanditus
1326 1951 1382 1976 es.
1442 1938 1532 1976 Iam
1558 1952 1642 1976 non
1672 1940 1734 1976 est
1754 1938 1882 1987 igitur

217 1990 256 2030 85
278 1996 444 2042 tempus
464 1996 509 2031 vt
531 1993 744 2042 desperata
765 1992 953 2040 sanitate,
977 1993 1096 2031 cuius
1116 1994 1161 2030 in
1181 1995 1344 2030 tantum
1367 2005 1533 2041 capaces
1558 1992 1626 2030 isti
1654 2006 1737 2030 non
1769 1994 1879 2039 sunt,

278 2047 521 2086 abiiciamus
550 2047 715 2097 putrida
743 2048 951 2095 cadauera,
983 2060 1205 2085 exuramus
1233 2050 1274 2085 et
1304 2047 1577 2085 aboleamus?
1633 2047 1750 2095 Quod
1781 2047 1816 2084 si
1839 2047 1882 2084 vi

279 2105 320 2140 et
345 2102 472 2141 armis
498 2115 697 2139 conemur
717 2102 874 2139 efficere
893 2104 939 2139 vt
966 2101 1032 2139 his
1057 2101 1345 2140 obsaeuiamus
1365 2102 1496 2149 furiis,
1522 2102 1656 2139 eritne
1677 2101 1748 2150 qui
1769 2101 1882 2139 forti-

279 2156 418 2195 tudini
436 2158 601 2195 nostrae
622 2156 874 2194 temeritatis
894 2155 1170 2206 appellatione
1191 2156 1420 2193 obructabit·
1435 2156 1455 2193 ‘?
1511 2156 1666 2194 Fuerit.
1726 2156 1785 2193 At
1806 2167 1882 2194 nos

279 2211 386 2249 hanc
415 2211 589 2260 gloriam
618 2211 976 2257 existimabimus3
1015 2224 1148 2260 neque
1177 2223 1396 2260 sequemur
1424 2212 1567 2248 tamen
1594 2210 1779 2259 gloriam,
1812 2209 1881 2247 sed

218 2269 260 2302 90
280 2265 486 2303 libertatis
505 2265 644 2303 studio
664 2265 858 2314 periculis
878 2264 987 2303 vltro
1013 2277 1089 2302 nos
1109 2264 1364 2302 obiiciemus.
1423 2264 1565 2314 Neque
1591 2265 1703 2302 enim
1728 2263 1884 2302 seruire

280 2320 517 2369 poterimus,
541 2320 691 2369 quibus
720 2320 847 2357 etiam
876 2319 1102 2357 seruientes
1132 2318 1176 2356 in
1207 2319 1429 2356 Germania
1457 2318 1597 2356 videre
1627 2318 1730 2356 alios
1759 2331 1884 2367 graue

281 2376 367 2411 est:
411 2376 451 2412 et
480 2374 652 2412 fortasse
681 2374 828 2412 inuitis
856 2373 1098 2411 hominibus
1131 2386 1226 2411 suae
1255 2373 1461 2410 libertatis
1489 2373 1685 2411 authores
1714 2373 1881 2411 erimus.

282 2428 393 2476 Quae
413 2428 564 2466 idcirco
591 2429 784 2477 pluribus
809 2427 860 2466 ad
884 2430 925 2465 te
954 2427 1109 2476 scripsi,
1134 2429 1180 2465 vt
1200 2427 1270 2465 vbi
1291 2440 1395 2476 quae
1424 2427 1489 2465 hic
1519 2429 1718 2476 parentur
1746 2426 1882 2471 scires,

281 2495 522 2531 cognoscere
542 2483 618 2520 tibi
637 2482 781 2520 liceret
800 2495 925 2532 quam
947 2495 1030 2520 non
1051 2482 1108 2520 sis
1127 2484 1242 2519 tutus
1263 2481 1359 2527 illic,
1381 2481 1451 2519 vbi
1470 2481 1650 2519 maxime
1672 2481 1886 2519 obsistitur

220 2540 261 2571 95
282 2537 532 2586 remergenti
552 2537 721 2574 tandem
740 2537 926 2575 libertati
945 2538 987 2574 et
1005 2535 1268 2574 tenacissime
1288 2536 1428 2574 haeret
1449 2535 1641 2574 seruitus.

339 2590 470 2638 Quare
491 2591 713 2629 consilium
733 2593 795 2629 est
815 2603 958 2628 meum
979 2604 1030 2628 ne
1050 2590 1156 2628 tanti
1175 2590 1298 2628 facias
1318 2590 1422 2628 illud
1444 2589 1536 2628 istic
1556 2589 1746 2636 ociolum,
1770 2590 1817 2626 vt
1839 2589 1884 2626 in

284 2657 449 2682 summo
469 2644 651 2693 periculo
673 2645 960 2695 conquiescere
980 2645 1024 2682 in
1040 2644 1227 2682 animum
1243 2645 1425 2682 inducas.
1457 2643 1641 2682 Multum
1656 2646 1697 2682 te
1712 2644 1886 2693 cupiunt

327 2744 379 2772 60.
406 2742 693 2781 indignationem
711 2744 745 2776 β.
880 2744 932 2782 69.
957 2744 1001 2776 βε
1030 2741 1236 2781 praecindet
1255 2753 1286 2772 α.
1406 2752 1456 2781 74.
1484 2742 1705 2772 commoneri
1722 2742 1770 2775 B:
1794 2750 1887 2771 com-

285 2787 423 2817 moueri
441 2798 470 2817 α.
607 2788 659 2825 87.
685 2788 707 2820 β
723 2798 728 2817 :
757 2787 1005 2817 obraeuiamus
1022 2797 1052 2816 α.
1186 2795 1239 2824 97.
1267 2785 1417 2825 cupiunt
1435 2798 1454 2815 a
1470 2797 1478 2816 ε
1503 2785 1651 2825 capiunt
1667 2786 1702 2819 β.

331 2906 381 2935 70.
409 2896 585 2936 edictum]
612 2896 677 2926 seo
696 2896 758 2936 Ep.
779 2906 790 2925 1
802 2906 873 2935 192.
892 2898 971 2927 6611.
1119 2898 1215 2932 Bsips?
1228 2906 1319 2934 yryen
1332 2899 1389 2926 (len
1402 2899 1555 2926 teinsclzen
1567 2897 1889 2933 Kaysserenqelzazeen

331 2949 382 2978 72.
410 2938 632 2979 Aliquando]
663 2939 768 2970 With
801 2940 876 2970 this
908 2949 1050 2979 passage
1119 2942 1227 2978 haben,
1241 2938 1279 2981 (ἱ)
1291 2940 1489 2979 Tubingen‚
1504 2939 1540 2970 Τ.
1558 2939 1746 2978 Anshelm,
1764 2937 1887 2980 1520):

287 2994 368 3023 may
388 2984 428 3014 be
449 2983 636 3022 compared
659 2982 832 3013 Hutten's
856 2987 974 3021 Ameiy
997 2987 1052 3013 wic
1120 2992 1177 3013 see
1202 2983 1258 3012 his
1284 2986 1391 3021 Opera,
1419 2983 1473 3013 ed.
1498 2983 1668 3022 Bocking,
1687 2992 1720 3013 v.
1744 2983 1884 3021 363-84‚

286 3031 429 3065 (zlhoeymt
451 3029 516 3057 sich
539 3029 588 3057 (lie
611 3029 792 3057 Riimisclcen
819 3029 961 3065 Bz‘schr'iff
982 3030 1053 3057 oder
1119 3027 1190 3057 and
1210 3026 1284 3058 HE.
1303 3037 1359 3067 pp.
1378 3026 1534 3066 69*-71*.
