1990 3353
313 134 366 173 84
779 133 1031 172 LETTERS
1071 133 1140 172 OF
1179 131 1445 171 ERAsMUs
1787 131 1804 185 [
1814 147 1826 171 ι
1837 147 1858 184 5
1868 147 1913 182 19

313 238 472 277 tionem
506 252 529 277 a
563 239 742 289 quodam
776 239 991 288 transfuga
1025 238 1211 277 eiusdem
1241 237 1380 288 gentis
1412 239 1684 288 acceperunt;
1728 239 1801 289 qui
1833 238 1913 278 huc

313 292 486 331 veniens
505 295 602 331 ante
620 306 752 332 annos
772 294 1001 343 nonaginta
1016 295 1188 342 septem,
1204 306 1251 331 eo
1266 294 1454 342 tempore
1469 306 1550 342 quo
1566 292 1747 331 Ioannes
1761 293 1910 343 Zyzka,

312 345 438 385 homo
457 347 683 397 sacrilegus
701 350 743 386 et
763 348 995 395 sceleratus,
1018 347 1177 385 bellum
1197 347 1266 385 hic
1285 346 1572 385 ecclesiasticis
1595 349 1636 385 et
1662 347 1778 385 omni
1804 347 1914 386 clero

233 399 292 440 185
311 400 519 440 indixerat
550 404 591 439 et
622 402 730 440 bona
760 415 903 440 eorum
935 401 1166 451 diripienda
1199 401 1418 449 inuaserat,
1450 401 1487 439 ei
1515 401 1740 440 adiunctus
1769 400 1913 440 infecit

311 455 520 505 imprimis
561 455 702 505 ipsum
747 456 893 495 ducem
935 455 1139 494 scelerum
1184 455 1387 505 pestiferis
1431 455 1644 501 doctrinis,
1686 457 1727 494 et
1771 457 1914 505 postea

312 511 450 548 totum
476 511 704 548 exercitum
728 510 827 557 eius,
855 523 979 560 quem
1002 523 1052 548 ex
1077 510 1320 557 latronibus,
1348 509 1580 557 homicidis,
1608 509 1849 559 proscriptis
1871 513 1913 549 et

310 563 469 614 reliqua
506 564 592 602 fece
630 565 885 614 perditorum
916 566 1113 614 coegerat.
1172 563 1316 612 Qualis
1350 577 1465 613 seges
1498 564 1664 602 durauit
1697 564 1748 602 ad
1783 577 1913 614 vsque

311 619 499 668 tempora
523 618 649 668 Regis
674 618 889 665 Vladislai,
910 619 984 669 qui
1009 619 1131 656 annis
1159 618 1254 657 istis
1280 618 1481 667 proximis
1501 619 1633 657 vitam
1656 631 1753 657 cum
1778 621 1914 657 morte

231 684 293 717 190
311 672 595 718 commutauit,
635 673 898 723 maximaque
935 673 1192 711 incrementa
1225 672 1302 711 sub
1334 672 1424 722 ipso
1461 673 1639 722 accepit:
1678 685 1779 711 nam
1817 686 1913 712 cum

309 727 587 776 gubernacula
628 727 746 777 regni
787 727 1030 778 Hungariae
1071 726 1328 776 suscepisset,
1373 726 1550 776 plusque
1591 726 1650 764 ibi
1698 740 1824 776 quam
1866 727 1911 765 in

310 780 514 820 Bohemia
547 795 684 820 morae
718 782 921 829 traxisset,
956 794 1104 831 parum
1134 781 1305 820 curabat
1336 780 1436 831 quid
1470 780 1537 820 hic
1571 783 1772 830 ageretur,
1810 781 1912 820 dum

309 835 435 873 modo
454 849 553 885 pace
572 849 718 874 omnes
738 836 893 875 subditi
913 837 978 875 sui
996 836 1251 875 fruerentur.

365 888 425 927 Hi
445 890 495 928 de
514 903 680 929 summo
700 891 916 939 Pontifice,
938 890 1230 939 cardinalibus,
1256 889 1458 939 episcopis
1476 891 1517 928 et
1538 889 1707 928 caeteris
1727 889 1914 939 personis

230 950 289 983 195
310 944 598 982 ecclesiasticis
630 958 713 983 non
745 945 858 983 aliud
892 945 1081 984 sentiunt
1112 958 1236 994 quam
1271 944 1320 982 de
1354 943 1588 982 manifestis
1621 944 1909 991 Antichristis‚

309 997 561 1037 Pontificem
572 999 710 1049 ipsum
725 1012 838 1037 nunc
849 999 1027 1037 bestiam
1041 1012 1152 1037 nunc
1167 998 1427 1036 meretricem
1438 997 1558 1036 illam
1570 998 1912 1048 Apocalypticam

309 1053 589 1102 appellantes;
619 1056 660 1091 et
679 1066 776 1091 cum
799 1053 940 1092 omnia
963 1055 1107 1091 contra
1136 1052 1366 1091 doctrinam
1389 1054 1431 1090 et
1458 1052 1726 1091 traditionem
1756 1053 1913 1092 Christi

309 1107 473 1155 faciant,
499 1108 705 1157 quomodo
725 1110 902 1158 possunt
921 1121 1009 1146 esse
1031 1107 1211 1146 alicuius
1233 1106 1469 1145 autoritatis
1495 1109 1536 1145 et
1555 1106 1725 1145 virtutis
1751 1107 1797 1145 in
1824 1120 1911 1157 ope-

310 1161 450 1199 randis
470 1162 595 1200 sacris
608 1162 628 1200 ⁶?
656 1162 728 1200 sed
749 1175 1017 1212 quaecunque
1037 1162 1088 1200 ab
1109 1161 1240 1200 officio
1259 1174 1403 1199 eorum
1424 1161 1637 1210 prodeunt,
1662 1174 1796 1211 neque
1822 1174 1913 1200 esse

228 1231 289 1252 200
308 1228 424 1254 sacra
444 1229 578 1265 neque
596 1218 852 1255 sacramenta
873 1230 1007 1266 neque
1026 1216 1343 1262 benedictiones,
1366 1216 1435 1253 sed
1460 1228 1595 1253 meras
1620 1216 1910 1261 execrationes,

309 1269 672 1309 abhominationes
685 1273 726 1309 et
741 1270 977 1309 maledicta.
1019 1270 1245 1320 Episcopos
1262 1272 1302 1308 et
1317 1270 1548 1308 sacerdotes
1561 1270 1641 1319 ipsi
1653 1269 1733 1308 sibi
1749 1270 1912 1320 eligunt

307 1323 433 1362 laicos
452 1324 576 1363 rudes
594 1327 637 1363 et
656 1324 872 1363 literarum
892 1327 1090 1375 expertes,
1113 1337 1260 1363 vxores
1283 1326 1323 1362 et
1350 1324 1502 1362 liberos
1527 1324 1739 1372 habentes,
1763 1324 1912 1363 fratres

308 1390 353 1416 se
392 1381 432 1417 et
470 1392 631 1417 sorores
669 1379 852 1418 inuicem
892 1381 1042 1418 vocant
1081 1381 1120 1417 et
1162 1379 1360 1417 salutant.
1420 1379 1704 1417 Autoritatem
1743 1380 1911 1417 tantum

308 1432 472 1471 Veteris
483 1436 524 1471 et
540 1433 651 1472 Noui
671 1434 953 1473 Instrumenti
967 1448 1016 1472 ex
1033 1434 1258 1483 Scripturis
1274 1433 1492 1482 recipiunt.
1552 1433 1751 1472 Doctores
1765 1446 1911 1471 omnes

228 1500 288 1531 205
309 1489 470 1526 veteres
489 1490 528 1525 et
549 1488 777 1527 neotericos
793 1491 833 1526 et
848 1488 979 1527 libros
994 1501 1138 1526 eorum
1154 1489 1439 1535 contemnunt,
1455 1500 1530 1525 nec
1543 1487 1752 1526 doctrinae
1766 1500 1911 1525 eorum

309 1542 532 1591 quicquam
558 1542 763 1581 tribuunt.
825 1543 1067 1582 Sacerdotes
1095 1555 1250 1588 eorum,
1279 1555 1374 1579 cum
1401 1541 1530 1580 officia
1552 1542 1779 1580 missarum
1809 1541 1910 1580 cele-

308 1595 443 1644 brant,
466 1596 621 1646 absque
640 1596 740 1635 vllis
759 1597 801 1635 id
822 1597 1010 1636 vestibus
1029 1597 1348 1635 sacerdotalibus
1367 1595 1526 1634 faciunt
1546 1611 1554 1642 ;
1585 1609 1660 1634 nec
1679 1596 1778 1634 vllis
1804 1596 1912 1634 circa

308 1649 408 1688 haec
432 1651 610 1700 preculis
638 1651 703 1689 vel
731 1651 990 1690 orationibus
1012 1654 1192 1690 vtuntur
1216 1652 1353 1700 preter
1379 1650 1511 1688 solam.
1530 1649 1801 1694 >Dominicam
1827 1663 1911 1689 ora-

308 1704 478 1753 tionem,
501 1719 579 1755 qua
599 1719 751 1755 panem
772 1706 1070 1744 fermentatum
1090 1707 1342 1744 consecrant.

227 1771 290 1792 210
363 1760 425 1798 De
452 1760 723 1798 sacramentis
753 1760 961 1799 Ecclesiae
993 1760 1061 1799 vel
1093 1773 1240 1809 parum
1272 1760 1339 1797 vel
1373 1773 1497 1809 prope
1530 1759 1638 1797 nihil
1662 1759 1842 1798 'credunt
1871 1761 1911 1797 et

309 1813 512 1852 sentiunt.
570 1814 650 1862 Qui
669 1814 719 1852 ad
739 1815 944 1853 haeresim
965 1827 1109 1853 eorum
1129 1814 1341 1862 accedunt,
1364 1816 1569 1862 coguntur
1594 1814 1751 1863 singuli
1770 1813 1909 1862 rebap-

308 1867 425 1906 tizari
444 1868 490 1906 in
510 1881 615 1918 aqua
636 1869 826 1919 simplici.
887 1869 970 1907 Nec
986 1869 1114 1907 salem
1130 1881 1205 1906 nec
1219 1881 1370 1917 aquam
1388 1868 1648 1915 benedicunt,
1666 1881 1740 1906 nec
1756 1868 1805 1906 de
1821 1867 1911 1906 oleo

309 1925 546 1962 consecrato
566 1923 785 1972 quicquam
811 1925 967 1962 tenent.
1030 1923 1082 1961 In
1107 1925 1362 1961 sacramento
1385 1922 1670 1961 Eucharistiae
1692 1922 1802 1960 nihil
1824 1934 1912 1960 esse

309 1976 544 2015 diuinitatis
570 1978 754 2025 credunt,
784 1978 854 2016 sed
882 1978 1018 2016 solum
1042 1990 1193 2027 panem
1220 1978 1262 2015 et
1287 1977 1435 2015 vinum
1459 1981 1754 2025 consecratum,
1778 1976 1911 2027 signis

226 2041 286 2073 215
308 2030 555 2080 quibusdam
577 2032 747 2070 occultis
770 2034 949 2070 mortem
973 2032 1131 2071 Christi
1154 2034 1532 2080 repraesentantem
1559 2031 1840 2078 affirmantes;
1869 2035 1911 2069 et

307 2087 523 2135 propterea
553 2086 597 2123 in
627 2086 905 2125 idololatriam
935 2087 1077 2125 cadere
1106 2099 1251 2124 omnes
1279 2087 1484 2135 quotquot
1512 2099 1649 2123 coram
1674 2085 1747 2124 illo
1776 2098 1912 2135 genua

307 2139 480 2178 flectunt
501 2142 541 2178 et
556 2140 789 2183 incuruant,
807 2141 872 2179 vel
886 2141 989 2179 illud
1007 2141 1180 2179 adorant
1197 2152 1204 2176 :
1236 2153 1330 2178 cum
1347 2139 1391 2177 in
1411 2139 1541 2178 alium
1562 2140 1689 2178 finem
1705 2153 1728 2178 a
1744 2139 1909 2178 Christo

308 2197 616 2232 sacramentum
647 2194 753 2233 illud
777 2195 1019 2233 institutum
1046 2208 1131 2233 non
1155 2195 1222 2242 sit,
1252 2194 1335 2232 nisi
1360 2194 1410 2232 ad
1437 2194 1683 2232 memoriam
1708 2194 1911 2244 passionis

309 2248 438 2298 ipsius
458 2249 730 2294 recolendam,
749 2252 790 2287 et
804 2263 888 2288 non
901 2251 947 2287 vt
969 2249 1068 2287 hinc
1089 2251 1129 2287 et
1144 2249 1240 2287 inde
1260 2248 1583 2296 circumferatur,
1606 2250 1679 2287 aut
1699 2248 1909 2287 eleuatum

226 2313 288 2335 220
307 2314 331 2340 a
349 2303 557 2340 sacerdote
576 2303 805 2342 videndum
826 2304 1090 2351 ostendatur;
1121 2303 1319 2353 quoniam
1339 2303 1531 2342 Christus
1549 2302 1638 2352 ipse
1653 2303 1724 2352 qui
1739 2303 1909 2340 adoran-

308 2356 386 2394 dus
412 2359 452 2394 et
480 2357 594 2395 cultu
622 2357 767 2395 latriae
796 2358 1066 2396 honorandus
1096 2360 1170 2403 est,
1200 2358 1313 2395 sedet
1342 2357 1393 2395 ad
1421 2357 1632 2394 dexteram
1660 2356 1736 2395 Dei
1762 2357 1905 2406 patriS,

308 2410 414 2448 sicut
429 2411 474 2448 in
491 2412 680 2460 symbolo
696 2412 790 2449 fidei
809 2411 1042 2451 Christiana
1057 2412 1279 2450 confitetur
1295 2411 1489 2449 Ecclesia.
1536 2411 1739 2460 Suffragia
1752 2413 1909 2450 sancto-

308 2477 401 2502 rum
429 2467 469 2502 et
499 2466 704 2503 orationes
732 2479 803 2514 pro
830 2467 1006 2505 mortuis
1030 2480 1115 2504 rem
1138 2479 1288 2504 vanam
1319 2467 1359 2503 et
1386 2465 1604 2503 ridiculam
1626 2466 1909 2512 arbitrantur3

307 2519 504 2557 similiter
530 2519 830 2558 confessionem
855 2521 1128 2559 auricularem
1163 2522 1204 2557 et
1235 2519 1536 2568 poenitentiam
1568 2532 1642 2568 pro
1675 2520 1852 2568 peccatis
1885 2532 1909 2557 a

225 2584 287 2615 225
307 2572 588 2611 sacerdotibus
602 2574 850 2612 iniunctam.
902 2575 1072 2624 Vigilias
1094 2577 1134 2612 et
1161 2574 1315 2612 ieiunia
1339 2574 1478 2612 fucum
1503 2575 1543 2611 et
1570 2573 1792 2612 tectorium
1819 2586 1907 2612 esse

307 2627 631 2676 hypocritarum,
649 2628 751 2666 festa
764 2629 883 2667 diuae
897 2628 1084 2679 Virginis
1100 2628 1261 2676 Mariae,
1281 2627 1580 2677 Apostolorum
1593 2630 1635 2666 et
1651 2627 1907 2678 reliquorum

308 2769 320 2799 l
339 2726 425 2774 ἰ83.
451 2725 556 2756 Zizka
570 2728 610 2756 N.
706 2727 778 2766 185.
804 2728 836 2757 ei
850 2729 903 2757 N:
930 2728 987 2757 cui
1002 2730 1035 2758 F.
1130 2734 1204 2756 201.
1231 2724 1516 2756 abominationes
1530 2725 1571 2755 H.
1665 2733 1739 2762 219.
1757 2723 1843 2755 hinc
1856 2726 1908 2756 N:

320 2779 366 2799 nc
383 2772 418 2800 F.

307 2891 502 2922 connected
532 2891 623 2922 with
662 2891 723 2921 the
764 2890 948 2930 Beghards
989 2890 1068 2932 (Ep.
1145 2888 1264 2919 leader
1280 2888 1317 2919 of
1330 2888 1392 2919 the
1405 2888 1588 2919 Taborites
1601 2887 1694 2919 from
1713 2897 1796 2926 1420
1811 2887 1908 2919 until

308 2934 381 2973 843.
399 2934 519 2974 62on).
1144 2933 1202 2963 his
1219 2932 1340 2971 death,
1360 2941 1395 2961 11
1415 2931 1488 2962 Oct.
1513 2941 1606 2970 1424.

353 2978 424 3017 183.
450 2977 583 3018 Zyzka]
608 2978 661 3017 (z
692 2977 775 3008 ‘the
796 2987 861 3008 one
879 2976 968 3017 eycd
981 2975 1004 3017 ’)
1037 2977 1076 3007 of
1189 2977 1260 3015 189.
1288 2975 1480 3015 Vladislai]
1499 2975 1521 3013 †
1537 2985 1575 3013 13
1592 2974 1714 3006 March
1734 2975 1818 3014 1516
1835 2974 1908 3016 (see

306 3020 475 3052 Trocnow
492 3032 499 3060 ;
523 3031 542 3052 a
560 3021 760 3053 Bohemian
772 3021 888 3060 noble,
908 3020 989 3051 who
1002 3030 1072 3051 was
1144 3019 1205 3059 Ep.
1224 3029 1300 3059 950.
1321 3019 1382 3059 5n)
1400 3030 1407 3057 ;
1432 3019 1530 3058 King
1550 3018 1588 3049 of
1606 3019 1792 3059 Hungary,
1816 3026 1911 3059 1490e
