1990 3353
66 113 189 168 1211]
576 116 646 155 TO
683 114 932 155 JODOCUS
969 114 1148 154 JONAS
1585 117 1662 154 511

60 225 215 264 moniis
242 227 285 264 et
312 225 515 263 adhibitis
542 224 787 263 solennibus
815 223 901 262 illis
930 223 1308 274 protestationibus,
1344 223 1533 272 fidentes,
1565 224 1663 262 diffi-

61 279 215 327 dentes,
236 279 478 318 exhalarent
498 278 695 317 animam.
736 279 870 317 Testis
884 283 946 316 est
967 279 1092 317 huius
1106 278 1166 317 rei
1181 278 1368 317 medicus
1381 278 1561 317 eximius
1575 280 1664 317 eius

57 333 201 383 oppidi
236 333 500 381 Ghisbertus,
535 346 580 371 ac
613 333 805 382 pertinax
835 346 953 371 verae
984 332 1151 382 pietatis
1183 333 1327 382 cultor,
1360 333 1431 383 qui
1467 333 1664 382 plurimis

58 387 274 438 vtriusque
293 388 455 426 scholae
476 387 750 426 morientibus
769 386 913 425 adfuit.

113 441 375 480 Pertraxerat
395 442 556 491 aliquot
575 444 616 479 et
636 455 657 479 e
678 442 742 479 sui
764 441 897 491 gregis
916 440 1138 489 sodalibus,
1162 441 1232 480 sed
1253 440 1492 492 pauciores3
1523 454 1662 491 quem-

55 496 283 535 admodum
312 499 354 534 et
380 496 570 535 Christus
596 495 704 545 apud
734 508 830 534 suos
858 508 942 533 non
968 495 1106 545 potuit
1131 495 1287 534 multas
1313 494 1491 534 virtutes
1515 495 1659 534 facere.

58 549 164 589 Nam
186 550 271 588 illis
290 550 376 588 fere
401 550 568 600 placent
588 550 658 599 qui
683 563 757 588 sua
783 550 971 588 doctrina
990 549 1220 598 plurimum
1239 552 1494 588 commeatus
1515 563 1662 588 conue—

57 604 167 643 hunt
186 605 228 643 in
250 604 444 651 culinam,
470 604 605 654 potius
627 617 752 653 quarn
770 604 842 654 qui
862 603 1066 654 plurimas
1086 603 1248 642 animas
1268 607 1459 642 asserunt
1480 604 1660 643 Christo.

55 658 163 697 Cum
183 661 323 697 autem
343 660 394 697 ab
423 658 617 697 omnibus
637 659 757 697 viciis
785 658 1033 696 abhorrebat
1061 658 1226 696 animus
1248 658 1318 696 ille
1345 658 1594 707 purissimus
1615 672 1660 697 ac

56 725 153 752 vere
172 713 378 764 templum
393 713 561 751 Christo
582 712 777 760 dicatum,
795 715 888 751 tum
907 712 1087 750 maxime
1108 725 1131 750 a
1150 712 1339 756 libidine,
1361 713 1461 750 adeo
1476 715 1524 751 vt
1539 713 1660 752 odore

0 806 1 809 ,
56 766 207 806 talium
227 767 474 817 grauissime
494 767 784 813 offenderetur,
804 768 972 805 tantum
998 767 1139 804 aberat
1158 768 1204 804 vt
1231 766 1532 816 turpiloquium
1554 767 1660 805 ferre

56 824 203 871 posset.
262 822 315 860 In
341 821 449 860 vicia
474 821 592 871 vulgi
619 834 834 872 nunquam
865 821 1004 859 odiose
1030 820 1363 868 debacchabatur,
1395 833 1528 871 neque
1549 822 1658 870 quic-

54 889 181 926 quam
210 876 420 915 adferebat
449 890 470 914 e
499 876 667 914 secretis
696 874 1048 914 confessionibus:
1079 875 1148 913 sed
1176 875 1234 913 ita
1261 875 1511 925 depingebat
1536 876 1658 914 hone-

54 931 175 969 statis
194 929 431 981 imaginem,
453 932 499 969 vt
519 943 562 969 se
578 931 751 980 quisque
766 930 918 969 tacitus
932 931 1182 979 agnosceret.
1245 929 1297 967 In
1313 929 1496 968 consiliis
1511 929 1658 969 dandis

54 984 163 1023 mira
190 985 423 1035 prudentia,
456 986 559 1023 mira
589 984 815 1033 integritas,
851 985 958 1022 mira
991 983 1226 1022 dexteritas.
1286 983 1472 1023 Secretas
1501 985 1658 1023 confes—

53 1039 192 1078 siones
226 1039 572 1089 nonnadmodum
602 1039 749 1078 volens
782 1039 984 1086 audiebat,
1021 1039 1092 1076 sed
1126 1041 1266 1076 tamen
1302 1038 1346 1077 in
1381 1039 1459 1077 hoc
1493 1052 1657 1088 quoque

53 1093 260 1132 seruiebat
288 1093 507 1141 charitati3
540 1093 684 1133 anxias
713 1107 759 1133 ac
788 1093 963 1132 subinde
991 1092 1186 1143 repetitas
1215 1093 1492 1132 confessiones
1520 1093 1656 1143 palam

50 1147 344 1187 detestabatur.

107 1202 406 1252 Superstitioni
431 1215 477 1240 ac
501 1202 749 1241 ceremoniis
775 1202 1002 1241 minimum
1030 1201 1262 1249 tribuebat3
1291 1202 1533 1240 vescebatur
1553 1202 1657 1241 cibis

51 1256 308 1306 quibuslibet
328 1257 461 1295 sobrie
481 1259 522 1295 et
545 1270 641 1296 cum
667 1258 895 1307 gratiarum
919 1256 1093 1295 actione.
1155 1256 1343 1294 Vestitus
1369 1259 1456 1294 erat
1477 1256 1583 1294 nihil
1605 1257 1655 1295 ab

51 1310 145 1349 aliis
178 1311 386 1350 differens.
447 1310 563 1350 Solet
594 1325 897 1362 nonnunquam
931 1313 971 1350 et
1004 1310 1258 1349 valetudinis
1290 1323 1411 1349 causa
1450 1311 1656 1360 suscipere

51 1365 128 1403 iter
146 1365 322 1415 aliquod,
346 1366 381 1404 si
402 1366 569 1416 quando
594 1369 777 1405 senserat
805 1379 953 1416 corpus
982 1365 1158 1403 humore
1178 1365 1406 1415 degrauari.
1467 1365 1655 1413 Quodam

50 1419 180 1470 igitur
206 1419 284 1468 die,
317 1433 413 1459 cum
441 1420 693 1470 persolueret
722 1433 898 1470 pensum
927 1432 1096 1470 precum
1122 1420 1425 1458 matutinarum
1455 1433 1550 1458 cum
1581 1433 1655 1458 suo

49 1473 193 1523 sodali,
233 1475 510 1524 sensissetque
547 1475 825 1521 stomachum,
864 1474 1050 1513 fortassis
1086 1474 1138 1512 ob
1180 1473 1414 1524 pridianam
1455 1474 1651 1519 inediam,

50 1530 330 1575 nauseantem,
360 1529 572 1579 ingressus
602 1529 773 1568 domum
802 1529 1036 1580 proximam
1067 1529 1246 1578 sumpsit
1272 1527 1353 1566 cibi
1379 1529 1587 1574 nonnihil,
1608 1542 1652 1567 ac

50 1582 226 1633 repetito
259 1583 408 1621 itinere
446 1584 642 1633 pergebat
679 1584 848 1634 precari.
910 1583 976 1621 Ibi
1015 1596 1108 1621 cum
1148 1582 1300 1621 sodalis
1339 1582 1454 1621 illius
1492 1585 1653 1633 putaret

49 1637 192 1676 omnia
211 1638 433 1688 repetenda
446 1638 498 1676 ab
518 1638 654 1687 initio,
672 1638 780 1688 quod
801 1638 959 1688 primae
974 1638 1098 1676 horae
1117 1637 1307 1687 precibus
1323 1637 1511 1675 nondum
1532 1637 1654 1676 dictis

48 1692 296 1742 sumpsisset
315 1692 467 1739 cibum,
490 1691 563 1730 ille
589 1693 722 1732 alacer
748 1692 917 1744 negauit
941 1692 1164 1742 quicquam
1192 1704 1280 1730 esse
1303 1691 1544 1736 admissum,
1566 1692 1651 1730 imo

49 1745 137 1785 Deo
154 1746 350 1785 nonnihil
370 1747 455 1785 fore
474 1746 590 1785 lucri.
651 1747 864 1786 ‘Antehac
880 1749 889 1763 ’
909 1747 1057 1797 inquit,
1085 1746 1292 1795 ‘languidi
1313 1748 1355 1783 et
1374 1759 1522 1796 segnes
1542 1759 1651 1795 prae-

47 1800 268 1848 cabamur3
295 1814 407 1840 nunc
422 1800 628 1840 alacribus
647 1802 801 1841 animis
820 1802 884 1840 illi
904 1802 1089 1840 dicemus
1105 1801 1287 1850 hymnos
1307 1800 1550 1850 spirituales.
1597 1801 1652 1839 Et

48 1854 291 1894 huiusmodi
305 1855 519 1894 sacrificiis
539 1855 611 1894 ille
632 1856 870 1904 delectatur,
886 1869 990 1906 quae
1008 1855 1060 1894 ab
1080 1855 1204 1894 hilari
1225 1855 1365 1893 datore
1381 1855 1647 1894 offeruntur'.

103 1909 191 1959 Ego
211 1923 306 1948 cum
326 1909 365 1948 id
387 1910 588 1961 temporis
604 1911 834 1950 diuersarer
851 1911 960 1961 apud
975 1910 1211 1949 Antonium
1231 1923 1254 1948 a
1275 1909 1436 1959 Bergis‚
1457 1909 1649 1948 abbatem

47 1963 324 2008 Bertinicum,
351 1977 426 2003 nec
456 1965 538 2003 nisi
567 1967 662 2015 post
690 1965 907 2004 meridiem
936 1965 1022 2003 illic
1054 1964 1339 2014 pranderetur,
1371 1976 1503 2014 neque
1533 1976 1650 2002 meus

47 2018 289 2058 stomachus
320 2019 444 2057 ferret
472 2021 558 2058 tam
589 2019 798 2059 diutinam
831 2019 1160 2058 inediam—erat
1188 2020 1328 2057 autem
1359 2020 1526 2068 tempus
1557 2031 1650 2068 qua—

45 2072 366 2123 dragesimae—,
389 2073 629 2122 praesertim
652 2087 748 2113 cum
775 2076 888 2113 totus
918 2086 1051 2113 essem
1081 2073 1124 2111 in
1155 2072 1317 2120 studiis,
1343 2072 1525 2111 solebam
1552 2076 1650 2111 ante

46 2127 272 2177 prandium
302 2127 601 2167 sorbitiuncula
630 2128 769 2178 tepida
797 2128 942 2167 fulcire
975 2128 1247 2175 stomachum,
1284 2140 1365 2177 quo
1399 2127 1567 2165 duraret
1604 2127 1648 2165 in

47 2181 194 2220 horam
214 2182 390 2232 prandii.
453 2181 546 2221 Hac
572 2182 622 2221 de
649 2197 690 2221 re
717 2196 813 2221 cum
833 2183 957 2222 illum
984 2181 1245 2221 consulerem
1273 2194 1376 2220 num
1404 2181 1555 2229 liceret,
1578 2181 1648 2220 ille

47 2236 330 2285 circunspecto
350 2236 493 2284 sodali,
518 2251 642 2287 quem
663 2241 755 2276 tum
777 2237 954 2276 habebat
973 2237 1136 2283 laicum,
1162 2250 1213 2274 ne
1233 2235 1333 2286 quid
1354 2235 1644 2284 offenderetur,

52 2290 194 2338 ‘Imo,'
222 2290 372 2340 inquit,
408 2293 614 2341 ‘peccares
646 2292 729 2331 nisi
757 2292 919 2338 faceres,
951 2294 991 2330 et
1026 2291 1078 2330 ob
1107 2290 1294 2329 cibulum
1323 2290 1540 2329 omitteres
1570 2290 1648 2329 ista

45 2347 119 2384 tua
137 2357 251 2384 sacra
270 2345 418 2392 studia,
441 2349 595 2396 tuoque
614 2346 856 2396 corpusculo
877 2347 1029 2385 faceres
1049 2345 1244 2384 iniuriam
1261 2343 1282 2383 '.

94 2460 162 2491 118.
187 2462 241 2491 H:
266 2462 565 2500 potestationibus
579 2465 615 2494 F.
732 2472 802 2495 120.
828 2462 921 2494 FNssz
948 2464 1136 2494 Gisbertus
1151 2462 1206 2493 N2.
1331 2472 1401 2500 140.
1428 2472 1574 2502 precum
1592 2465 1647 2494 H:

45 2504 206 2544 precium
222 2507 256 2535 F.
397 2506 467 2544 148.
495 2505 703 2537 huiusmodi
720 2510 766 2538 F:
790 2507 964 2538 eiusmodi
982 2510 1020 2537 N.
1152 2516 1222 2546 149.
1247 2507 1371 2546 Bergis
1387 2508 1443 2537 H:
1468 2506 1593 2546 Bargis
1609 2509 1644 2538 F.

92 2613 166 2635 120.
190 2604 808 2645 GhisbertuslThetown-physician
878 2605 1067 2636 commissa
1083 2607 1119 2635 et
1135 2604 1434 2642 circumstantias,
1454 2606 1514 2635 aut
1534 2606 1645 2635 totam

48 2647 86 2678 of
102 2648 152 2679 St.
172 2648 303 2687 Omer;
326 2658 382 2679 see
400 2648 462 2688 Ep.
483 2658 536 2688 95.
559 2658 634 2679 11n.
879 2648 1032 2679 iterandi
1081 2647 1339 2679 confessionem
1390 2648 1483 2688 apud
1534 2649 1646 2680 alium

92 2700 163 2731 123.
187 2691 358 2732 virtutes]
388 2693 551 2732 ‘mighty
573 2691 733 2731 works'3
766 2692 808 2724 cf.
879 2693 1108 2730 sacerdotem,
1128 2691 1156 2722 si
1184 2690 1278 2731 quod
1302 2692 1439 2722 crimen
1466 2693 1503 2722 in
1529 2694 1645 2731 priore

46 2733 144 2766 Matt.
168 2745 218 2775 13.
235 2736 287 2775 58,
308 2735 408 2767 Mark
424 2737 455 2767 6.
475 2746 505 2775 5.
879 2736 973 2775 fugit
986 2736 993 2747 ’
1012 2735 1098 2775 (ΕΒ.
1120 2746 1149 2766 v.
1170 2744 1234 2774 502
1247 2735 1295 2775 B).

93 2787 163 2817 134.
189 2778 332 2820 anxias]
356 2780 388 2810 A
405 2779 546 2810 similar
562 2782 758 2811 statement
782 2781 811 2809 is
928 2780 997 2818 138.
1024 2778 1136 2820 Solet]
1164 2778 1215 2809 Cf.
1234 2779 1271 2809 11.
1289 2778 1341 2817 89,
1360 2779 1435 2818 456,
1456 2788 1529 2818 5¹3-

47 2822 151 2852 made
167 2823 276 2853 about
287 2823 387 2854 Colet
404 2823 441 2853 in
454 2823 493 2854 ll.
508 2833 624 2863 490—1.
665 2823 732 2854 For
748 2823 810 2854 the
928 2832 997 2862 141,
1020 2832 1090 2861 155.
1118 2821 1247 2863 sodali]
1273 2821 1323 2853 Cr.
1344 2823 1367 2854 1.
1390 2832 1485 2858 1041).

47 2865 216 2906 meaning
231 2866 270 2897 of
290 2867 320 2898 it
343 2868 386 2897 cf.
410 2867 472 2897 the
490 2869 580 2898 Liber
593 2870 629 2897 de
649 2869 809 2897 sarcienda
926 2867 997 2905 148.
1025 2866 1132 2896 hilari
1150 2865 1287 2905 datore]
1313 2866 1363 2897 Cf.
1385 2877 1403 2897 2
1421 2866 1498 2897 C‹›r.
1517 2877 1546 2905 9.
1572 2876 1597 2904 7.

47 2911 196 2940 Ecclesiae
218 2912 387 2945 concordia.
404 2910 517 2949 Basle,
535 2911 684 2949 Froben,
707 2920 809 2950 1533:
925 2920 995 2949 149.
1024 2910 1058 2939 id
1078 2909 1262 2951 temporis]
1288 2919 1317 2941 c.
1330 2910 1450 2940 March
1470 2920 1569 2949 1502;
1590 2920 1644 2939 >oe

47 2953 173 2983 ‘Absit
195 2956 316 2984 autem
340 2954 528 2994 repetendi
552 2954 809 2985 confessionem
879 2954 941 2993 Ep.
964 2954 1024 2993 169
1041 2953 1172 2983 introd.

46 2997 261 3037 superstitio,
280 2997 373 3028 absit
388 2998 550 3029 anxietas
575 2998 810 3028 enumerandi
966 2997 1167 3028 Antonium
1179 3006 1199 3027 a
1215 2995 1355 3037 Bergis]
1374 2997 1437 3027 See
1450 2997 1510 3036 Ep.
1529 3006 1597 3035 143.

1686 348 1747 370 120

1685 621 1742 652 125

1685 890 1742 920 ¹30

1681 1162 1738 1194 135

1678 1432 1739 1464 140

1675 1703 1733 1736 145

1672 1974 1732 2007 150

1670 2245 1731 2277 155
