1990 3353
295 106 376 144 520
772 104 1023 143 LETTERS
1063 103 1130 141 OF*
1169 102 1435 141 ERASMUS
1773 96 1895 152 [1521

296 215 513 265 colloquiis
532 213 792 265 profligauit:
823 215 865 252 et
884 214 1027 251 tamen
1048 212 1084 251 si
1104 211 1268 262 quando
1295 225 1384 250 sese
1404 210 1625 250 obtulisset
1645 210 1811 259 occasio,
1834 209 1901 248 vel

297 269 459 308 iocandi
488 269 597 319 apud
628 269 780 307 facetos
799 267 866 306 vel
895 266 1158 317 colloquendi
1188 279 1284 304 cum
1314 265 1510 305 foeminis
1536 265 1603 304 vel
1632 263 1902 304 accumbendi

297 324 342 362 in
377 323 558 374 opiparis
591 322 810 370 conuiuiis,
844 321 1020 360 vidisses
1053 321 1192 371 aliqua
1224 322 1398 359 naturae
1430 319 1618 369 vestigia.
1691 319 1746 358 Et
1781 318 1831 357 ob
1860 318 1903 356 id

214 394 278 426 405
297 379 383 417 fere
412 391 435 416 a
468 377 671 417 laicorum
701 376 1003 415 consuetudine
1032 375 1248 423 abstinuit,
1277 375 1347 413 sed
1376 374 1590 424 praecipue
1618 387 1641 412 a
1668 372 1901 412 conuiuiis:

297 434 347 472 ad
368 446 472 483 quae
500 433 537 471 si
566 431 732 482 quando
761 430 994 481 cogebatur,
1027 443 1094 468 me
1121 431 1193 468 aut
1223 429 1309 468 mei
1337 428 1522 467 similem
1554 427 1786 474 adhibebat,
1821 440 1902 476 quo

297 487 463 526 Latinis
481 486 635 525 fabulis
654 485 881 524 declinaret
901 484 1115 535 prophana
1135 483 1351 533 colloquia.
1394 484 1536 533 Atque
1550 482 1718 521 interim
1735 476 1903 530 sumpto

297 555 344 579 ex
367 554 451 580 vno
471 543 640 580 tantum
661 553 810 590 genere
837 539 918 578 cibi
948 539 1112 589 pusillo,
1134 551 1218 577 vno
1244 541 1315 577 aut
1340 538 1471 576 altero
1501 537 1724 575 cereuisiae
1751 536 1902 574 haustu

296 597 517 635 contentus
538 597 636 642 erat,
661 608 684 633 a
704 594 804 633 vino
830 596 1093 644 temperans:
1125 606 1205 643 quo
1231 594 1374 630 tamen
1397 591 1680 630 delectabatur
1708 589 1900 640 eleganti,

212 667 278 699 410
297 650 370 689 sed
402 649 749 700 temperatissime
782 650 916 687 vtens.
974 648 1041 686 Ita
1071 661 1114 686 se
1148 647 1230 685 sibi
1262 660 1428 696 semper
1458 646 1616 685 habens
1647 648 1901 694 suspectum,

298 705 469 744 cauebat
497 704 550 743 ab
581 704 780 743 omnibus
809 703 960 753 quibus
989 715 1076 740 esse
1107 703 1245 751 posset
1273 700 1523 739 offendiculo
1552 700 1758 750 cuiquam.
1818 699 1905 737 Nec

298 759 413 798 enim
432 758 652 809 ignorabat
671 758 863 796 omnium
884 757 1024 796 oculos
1044 757 1088 794 in
1108 769 1151 794 se
1172 755 1390 794 coniectos.

353 813 582 863 Nunquam
601 813 690 851 vidi
718 811 937 862 ingenium
967 811 1141 856 felicius
1171 812 1297 860 atque
1328 809 1380 848 ob
1410 810 1453 848 id
1483 808 1693 848 similibus
1721 807 1905 857 ingeniis

298 869 417 907 vnice
438 868 738 907 delectabatur:
769 867 840 905 sed
861 867 912 904 ad
933 866 1032 904 haec
1051 878 1094 904 se
1125 865 1306 903 malebat
1325 864 1546 902 demittere
1565 876 1668 913 quae
1694 875 1905 912 praepara-

213 943 278 975 415
299 925 393 962 rent
413 923 463 961 ad
485 921 845 961 immortalitatem
867 921 977 959 vitae
1002 921 1174 958 futurae.
1236 919 1365 957 Nulla
1391 919 1436 956 in
1463 932 1506 957 re
1534 931 1618 956 non
1644 916 1906 967 philosopha-

299 978 435 1024 batur,
469 978 503 1015 si
543 977 706 1027 quando
746 989 789 1016 se
826 975 982 1014 laxaret
1021 974 1175 1012 fabulis
1212 973 1531 1012 amoenioribus
1591 972 1645 1011 In
1682 972 1822 1021 pueris
1860 985 1906 1010 ac

299 1032 451 1082 puellis
467 1031 697 1070 delectabat
717 1032 889 1069 naturae
904 1029 1065 1079 puritas
1085 1042 1131 1067 ac
1151 1028 1411 1078 simplicitas,
1430 1028 1479 1066 ad
1496 1027 1613 1066 cuius
1629 1026 1904 1065 imitationem

300 1099 396 1125 suos
415 1088 535 1124 vocat
556 1085 749 1124 Christus
766 1099 774 1131 3
803 1084 965 1134 angelis
987 1097 1057 1122 eos
1077 1082 1226 1122 solitus
1245 1095 1493 1132 comparare.

357 1141 449 1179 Iam
478 1142 525 1180 vt
554 1140 730 1178 alteram
759 1139 973 1177 exsoluam
1002 1141 1176 1188 partem,
1208 1136 1476 1186 opinionibus
1509 1149 1532 1174 a
1561 1136 1686 1185 vulgo
1721 1134 1906 1173 multum

216 1213 282 1246 420
299 1195 538 1243 dissidebat,
562 1195 633 1233 sed
656 1194 760 1232 mira
780 1193 1000 1243 prudentia
1027 1193 1103 1230 hac
1132 1192 1175 1230 in
1208 1205 1253 1229 re
1279 1204 1368 1230 sese
1399 1190 1700 1240 attemperabat
1724 1188 1828 1236 aliis,
1855 1202 1907 1227 ne

300 1264 403 1301 quos
424 1250 658 1296 offenderet,
675 1250 746 1287 aut
766 1261 819 1286 ne
838 1247 940 1298 quid
961 1247 1069 1285 labis
1084 1247 1130 1284 111
1150 1246 1305 1285 famam
1321 1246 1582 1284 contraheret
1599 1259 1606 1291 ;
1637 1257 1721 1282 non
1736 1243 1907 1293 ignarus

299 1318 424 1355 quam
445 1304 590 1354 iniqua
610 1303 696 1342 sint
716 1302 939 1341 hominum
959 1301 1124 1347 iudicia,
1148 1314 1338 1350 quanque
1360 1313 1491 1349 prona
1511 1299 1556 1337 in
1582 1299 1739 1337 malum
1769 1298 1906 1336 credu-

300 1359 407 1406 litas,
442 1361 681 1409 quantoque
709 1357 871 1396 facilius
901 1357 957 1395 sit
990 1355 1202 1395 maledicis
1241 1354 1398 1405 linguis
1436 1354 1718 1392 contaminare
1751 1352 1907 1391 famam

299 1414 485 1452 hominis
513 1426 638 1464 quam
668 1411 877 1451 benedicis
907 1410 1070 1449 sarcire.
1131 1410 1249 1448 Inter
1277 1410 1431 1447 amicos
1454 1422 1500 1447 ac
1526 1409 1669 1446 doctos
1697 1407 1909 1446 liberrime

216 1485 278 1517 425
298 1468 572 1519 profitebatur
601 1467 699 1517 quid
730 1466 915 1506 sentiret.
977 1464 1187 1511 ScotistaS,
1221 1464 1371 1514 quibus
1400 1464 1620 1502 hominum
1650 1461 1803 1511 vulgus
1835 1474 1908 1499 ceu

299 1522 503 1573 peculiare
530 1522 681 1561 tribuit
709 1534 897 1569 acumen,
928 1519 1064 1558 aiebat
1105 1519 1185 1558 sibi
1213 1518 1346 1557 videri
1383 1518 1574 1567 stupidos
1614 1519 1656 1555 et
1688 1516 1836 1563 ebetes,
1868 1519 1910 1553 et

300 1577 469 1628 quiduis
501 1577 639 1626 potius
673 1589 798 1626 quam
829 1574 1076 1624 ingeniosos.
1139 1573 1247 1611 Nam
1279 1572 1463 1622 argutari
1495 1572 1602 1610 circa
1631 1571 1785 1609 alienas
1819 1583 1908 1609 sen-

301 1632 457 1670 tentias
477 1644 523 1670 ao
542 1631 676 1678 verba,
701 1643 812 1668 nunc
832 1629 908 1668 hoc
928 1629 1130 1675 arrodere,
1152 1641 1264 1666 nunc
1288 1627 1405 1675 illud,
1427 1629 1469 1665 et
1498 1626 1637 1664 01111113
1662 1625 1908 1663 minutatim

302 1687 513 1733 dissecare,
536 1685 693 1735 ingenii
713 1698 802 1723 esse
822 1683 975 1722 sterilis
1002 1685 1043 1721 et
1069 1682 1217 1732 inopis.
1277 1682 1459 1720 Thomae
1490 1684 1642 1728 tamen,
1667 1680 1807 1717 nescio
1828 1693 1910 1729 qua

217 1760 283 1792 430
303 1741 353 1779 de
375 1754 504 1788 causa,
527 1740 711 1790 iniquior
730 1740 820 1777 erat
839 1751 965 1788 quam
993 1737 1125 1776 Scoto.
1186 1736 1358 1775 Etenim
1385 1749 1480 1775 cum
1506 1735 1619 1773 hunc
1645 1734 1753 1784 apud
1784 1734 1906 1772 illum

302 1795 525 1845 aliquando
546 1795 770 1841 laudarem,
794 1794 840 1831 vt
865 1793 976 1831 inter
1000 1790 1248 1830 recentiores
1275 1804 1359 1828 non
1390 1789 1708 1840 aspernandum,
1732 1787 1840 1838 quod
1869 1792 1909 1826 et

301 1863 437 1889 sacras
457 1850 597 1888 literas
616 1850 658 1887 et
682 1852 846 1887 autores
864 1848 1027 1885 veteres
1046 1845 1259 1884 videretur
1283 1843 1664 1883 euoluisse—cuius
1690 1843 1750 1880 rei
1776 1842 1906 1892 suspi-

302 1905 464 1943 tionem
484 1903 589 1942 mihi
609 1903 758 1941 fecerat
779 1902 933 1941 Catena
954 1914 1058 1950 quae
1087 1903 1258 1939 vocatur
1276 1902 1478 1946 Aurea—,
1502 1901 1543 1937 et-
1562 1897 1719 1948 aliquid
1741 1897 1910 1935 haberet

304 1959 347 1997 in
379 1958 544 2008 scriptis
573 1958 808 2003 affectuum,
833 1955 963 1994 semel
993 1957 1117 2005 atque
1146 1954 1299 1992 iterum
1327 1953 1609 1992 dissimulauit
1637 1952 1904 1991 obticescens.

221 2033 284 2066 435
303 2014 462 2052 Verum
482 2012 554 2051 vbi
574 2025 716 2050 rursus
742 2012 789 2050 in
818 2010 898 2049 alio
930 2009 1135 2060 colloquio
1164 2009 1415 2047 inculcarem
1442 2008 1583 2045 eadem
1604 2005 1904 2054 vehementius,

305 2068 491 2106 obtuitus
510 2069 573 2105 est
592 2080 670 2114 me,
693 2065 810 2105 velut
837 2065 1060 2103 obseruans
1086 2063 1247 2102 serione
1273 2063 1373 2101 haec
1406 2062 1580 2100 dicerem
1611 2075 1664 2099 an
1691 2062 1908 2111 eipmvw'wv:

304 2136 400 2161 cum
430 2121 784 2160 animaduerteret
813 2133 879 2157 me
908 2132 959 2158 ex
993 2118 1133 2156 animo
1168 2118 1294 2167 loqui,
1327 2119 1526 2166 tanquam
1561 2115 1724 2154 afflatus
1757 2114 1908 2165 spiritu

305 2176 502 2227 quodam,
526 2177 535 2194 ⁴
551 2175 661 2224 Quid
682 2178 728 2213 tu
744 2175 753 2189 '
773 2173 922 2224 inquit,
944 2172 1074 2211 ‘mihi
1092 2173 1308 2222 praedicas
1327 2170 1574 2220 istum?qui
1594 2169 1677 2209 nisi
1697 2169 1910 2208 habuisset

305 2231 491 2269 multum
518 2229 788 2279 arrogantiae,
813 2242 896 2267 non
928 2229 1044 2266 tanta
1073 2227 1308 2265 temeritate
1338 2228 1536 2275 tantoque
1564 2223 1784 2274 supercilio
1814 2223 1909 2262 defi-

221 2305 287 2337 440
305 2286 437 2324 nisset
471 2285 630 2332 omnia;
678 2286 718 2323 et
747 2284 830 2322 nisi
858 2282 1071 2320 habuisset
1100 2280 1256 2330 aliquid
1286 2279 1457 2330 spiritus
1485 2279 1699 2327 mundani,
1737 2291 1822 2317 non
1852 2278 1911 2316 ita

304 2341 439 2377 totam
460 2339 618 2378 Christi
648 2338 881 2377 doctrinam
911 2350 985 2375 sua
1013 2335 1228 2386 prophana
1253 2334 1517 2384 philosophia
1544 2332 1872 2372 contaminasset
1885 2332 1906 2369 ’-

304 2394 553 2433 Admiratus
579 2406 675 2432 sum
701 2391 888 2431 hominis
914 2390 1203 2440 ἐνθουσιασμόν,
1223 2389 1418 2438 coepique
1445 2388 1690 2437 diligentius
1721 2388 1811 2426 eius
1829 2385 1910 2424 viri

304 2448 458 2498 scripta
490 2447 696 2486 euoluere.
757 2446 865 2494 Quid
897 2445 1034 2484 verbis
1068 2457 1172 2494 opus
1204 2445 1298 2482 est‘?
1338 2442 1513 2481 omnino
1547 2442 1723 2480 decessit
1756 2441 1910 2491 aliquid

306 2516 421 2541 meae
441 2503 492 2540 de
512 2502 586 2541 1110
606 2499 898 2539 aestimationi.

394 2609 469 2637 422.
494 2599 568 2629 sint
585 2601 639 2629 H:
663 2598 748 2628 sunt
764 2599 800 2627 F.
899 2596 974 2634 426.
1001 2594 1146 2625 hebetes
1162 2596 1260 2624 Lond.
1357 2602 1433 2630 444.
1459 2591 1704 2622 aestimationi
1719 2593 1768 2622 F:
1790 2591 1913 2622 existi-

305 2643 457 2674 mationi
475 2645 517 2673 H.

351 2729 425 2766 418.
452 2727 597 2767 solitus]
615 2737 655 2757 sc.
676 2726 833 2758 coletus.
1142 2725 1178 2755 T.
1196 2724 1241 2755 Μ.
1265 2723 1425 2763 Lindsay
1441 2724 1479 2753 in
1497 2725 1622 2760 Encycl.
1636 2725 1715 2753 Brit.
1737 2722 1853 2763 (1910)
1871 2722 1910 2752 ii.

349 2781 425 2810 419.
450 2770 617 2811 alteram]
643 2770 735 2801 0121.
753 2770 828 2808 388.
1142 2778 1216 2807 251.
1264 2768 1301 2798 It
1328 2777 1401 2798 was
1432 2767 1511 2798 first
1542 2766 1687 2806 printed
1719 2768 1756 2797 at
1788 2765 1908 2804 Rome,

350 2824 425 2853 433.
451 2813 600 2855 Catena]
625 2814 658 2845 A
674 2813 771 2844 work
793 2813 914 2844 which
941 2813 1075 2844 ‘under
1143 2811 1385 2851 sweynheym
1424 2811 1496 2841 and
1535 2810 1726 2847 Pannartz,
1769 2819 1786 2849 7
1828 2809 1909 2840 Dec.

309 2858 370 2889 the
401 2859 495 2888 form
526 2858 565 2888 of
599 2868 619 2888 a
650 2859 897 2897 commentary
927 2866 972 2887 ou
1012 2857 1074 2887 tho
1147 2865 1251 2893 1470:
1286 2855 1408 2885 unless
1439 2855 1502 2885 the
1532 2854 1720 2893 Augsburg
1758 2853 1907 2891 edition,

309 2902 456 2941 Gospels
494 2911 567 2932 was
608 2900 721 2940 really
769 2909 815 2931 an
863 2900 1075 2931 exhaustive
1145 2900 1185 2929 G.
1202 2899 1378 2937 Zainer‚s.
1393 2908 1423 2929 a.
1438 2898 1712 2937 gProctor1555)
1724 2896 1756 2927 is
1767 2896 1907 2927 earlier.

308 2955 496 2985 summary
520 2944 559 2975 of
583 2944 644 2975 the
669 2943 881 2983 theological
907 2944 1076 2983 teaching
1189 2952 1262 2981 442.
1289 2940 1533 2982 ἐνθουσιασμόν]
1548 2940 1598 2972 Cf.
1620 2941 1683 2980 Ep.
1704 2941 1774 2971 116.
1789 2940 1910 2978 28-31.

307 2990 346 3020 of
361 2989 423 3020 the
438 2989 593 3029 greatest
606 2988 645 3018 of
658 2988 720 3018 the
737 2987 880 3019 Church
900 2987 1075 3018 Fathers':
1188 2995 1263 3024 443.
1289 2985 1441 3016 decessit
1457 2984 1612 3025 aliquid]
1633 2984 1774 3023 Lupton
1792 2984 1912 3023 points
