1990 3353
225 128 305 166 630
814 125 1117 164 APPENDIX
1155 125 1235 163 XV

564 503 649 548 No.
672 507 709 545 4.
771 504 905 546 FROM
937 504 1141 545 STUNICA
1174 513 1228 543 'ro
1260 502 1495 543 VERGARA.

274 590 396 626 Heine
415 590 493 625 MS.
511 599 600 625 XIX.
1582 586 1706 622 Rome.

1528 656 1550 689 4
1570 644 1658 690 May
1680 655 1779 690 1522.

772 738 835 780 [In
851 748 1026 778 sequence
1044 738 1133 768 with
1151 738 1216 768 No.
1233 736 1279 778 3.]

281 820 587 858 SVPERIORIBVS
607 817 753 856 diebus
773 816 918 866 scripsi
937 816 988 854 ad
1010 819 1048 854 te
1070 815 1216 853 Latine
1233 829 1241 862 ;
1272 816 1330 853 sic
1351 815 1463 854 enim
1483 829 1557 865 per
1574 815 1716 854 literas
1735 818 1825 856 tuas

226 873 482 923 effiagitaras.
540 872 637 910 Misi
657 873 864 922 praeterea
885 871 963 908 tibi
985 869 1252 908 Itinerarium
1272 871 1460 908 nostrum
1484 872 1523 908 et
1539 870 1757 919 epistolam
1776 871 1825 909 ad

227 928 505 966 Pontificemt
536 940 639 977 quae
669 925 810 965 omnia
838 925 1025 973 arbitror,
1049 937 1144 962 cum
1164 924 1238 962 has
1265 926 1427 962 nostras
1454 924 1577 974 leges,
1600 924 1650 962 ad
1679 938 1827 963 manus

227 984 320 1022 tuas
341 983 569 1021 deuenisse.
630 981 696 1018 En
717 980 795 1019 tibi
815 992 917 1028 opus
938 992 1096 1017 nouum
1123 991 1257 1027 nuper
1279 980 1520 1028 exemptum
1547 978 1686 1028 praelo
1712 992 1756 1017 ac
1783 979 1828 1018 in

188 1052 205 1083 5
226 1037 302 1075 hac
323 1037 433 1075 alma
453 1036 564 1075 Vrbe
578 1049 652 1086 per
666 1048 742 1074 nos
758 1034 1025 1084 publicatum,
1043 1033 1208 1071 Erasmi
1224 1032 1512 1082 Blasphemias
1529 1035 1569 1071 et
1586 1033 1829 1082 Impietates

227 1091 469 1138 continens;
499 1104 550 1128 ex
570 1090 721 1140 quibus
740 1102 819 1139 quo
845 1088 996 1137 animo,
1020 1100 1100 1137 qua
1126 1089 1277 1136 mente,
1302 1100 1382 1137 qua
1409 1087 1610 1135 religione
1631 1087 1829 1126 Erasmus

227 1145 292 1194 sit,
325 1145 443 1183 facile
472 1156 702 1194 cognosces.
763 1142 956 1193 Reperies
987 1155 1083 1181 cum
1114 1141 1238 1180 Arrio
1268 1144 1408 1191 aperte
1437 1142 1699 1189 sentientem,
1733 1155 1828 1180 cum

227 1199 476 1250 Apollinari,
514 1212 610 1237 cum
643 1198 874 1244 Iouiniano,
914 1210 1010 1235 cum
1041 1195 1278 1235 Viclefianis
1308 1198 1348 1234 et
1383 1196 1585 1243 Hussitis,
1617 1209 1711 1234 cum
1740 1196 1829 1246 ipso

227 1255 405 1304 denique
444 1254 614 1292 Luterio
633 1267 642 1300 ;
683 1265 807 1302 quem
847 1265 955 1290 vnus
994 1250 1195 1289 Erasmus
1225 1251 1311 1288 suis
1350 1249 1442 1288 istis
1471 1249 1743 1299 blasphemiis
1779 1251 1827 1289 ad

168 1327 208 1350 10
226 1309 487 1359 impietatem
508 1307 719 1354 instruxit.
743 1306 932 1353 armauit,
955 1304 1129 1345 edocuit.
1187 1304 1396 1343 Fruantur
1416 1304 1545 1356 igitur
1559 1304 1734 1343 Erasmo
1754 1318 1827 1343 suo

225 1362 581 1413 septemtrionales
596 1376 604 1410 ;
632 1361 843 1412 appellent
857 1360 999 1407 solem,
1018 1359 1226 1409 appellent
1241 1359 1398 1407 lunam,
1419 1361 1566 1397 vocent
1583 1359 1828 1398 Germaniae

225 1418 348 1456 decus
381 1420 422 1456 et
454 1416 784 1462 Panerasmium,
815 1418 861 1454 vt
891 1415 1058 1465 quidam
1088 1415 1247 1461 vocant,
1277 1413 1379 1451 dum
1410 1413 1533 1451 Italia
1562 1413 1739 1463 impium
1766 1426 1830 1463 ap-

225 1472 363 1523 pellet,
388 1472 489 1510 dum
510 1472 654 1519 Roma,
678 1470 827 1509 mundi
853 1469 1044 1520 princeps
1069 1481 1115 1506 ac
1146 1467 1324 1516 domina,
1348 1467 1642 1518 blasphemum
1662 1467 1827 1513 iudicet,

227 1527 481 1577 dignumque
502 1525 575 1576 qui
595 1525 683 1574 pari
704 1537 799 1563 eum
820 1523 986 1562 Luterio
1007 1523 1188 1561 heretico
1207 1522 1411 1572 plectatur
1431 1522 1646 1569 sententia,
1669 1522 1747 1560 hoc
1768 1524 1829 1560 est

170 1601 207 1633 15
227 1583 273 1620 vt
288 1581 419 1619 hostis
439 1579 631 1630 publicus
643 1580 856 1618 Romanae
871 1577 1054 1616 Ecclesie
1069 1577 1320 1615 decernatur.
1368 1576 1496 1625 Quod,
1517 1576 1599 1614 nisi
1614 1576 1829 1626 resipuerit

227 1648 273 1673 ac
299 1635 426 1684 impie
455 1634 615 1685 prolata
643 1633 928 1678 recantauerit,
959 1631 1212 1670 sanctissimi
1232 1630 1454 1669 Pontificis
1483 1630 1712 1677 autoritate.
1735 1644 1829 1669 cum

225 1688 411 1740 primum
431 1688 657 1736 aduenerit‚
682 1688 872 1726 futurum
894 1685 1097 1725 Erasmici
1117 1698 1203 1723 non
1224 1685 1425 1723 dubitent.

281 1743 371 1782 Hec
391 1756 556 1781 summa
575 1744 638 1781 est
658 1742 786 1780 huius
806 1741 902 1779 libri
923 1740 995 1791 qui
1021 1740 1071 1779 ad
1092 1741 1131 1777 te
1159 1752 1270 1777 nunc
1298 1739 1422 1781 vadit.
1484 1738 1600 1777 Nihil
1627 1742 1712 1777 erat
1741 1739 1829 1777 reli-

227 1811 357 1848 quum
392 1798 501 1848 quod
535 1799 575 1835 te
606 1797 651 1834 in
682 1795 891 1846 presentia
921 1795 1271 1833 commonefacere
1305 1793 1561 1831 deberemus.
1618 1793 1744 1839 Vale;
1787 1796 1826 1830 et

168 1873 209 1895 20
227 1852 327 1903 quid
343 1851 415 1891 isti
431 1852 537 1902 apud
555 1864 658 1902 quos
677 1864 789 1889 nunc
809 1850 908 1900 agis,
926 1849 1001 1888 hac
1022 1849 1070 1888 de
1092 1862 1133 1886 re
1154 1848 1350 1895 sentiant,
1369 1847 1420 1886 ad
1436 1860 1503 1885 me
1519 1849 1828 1897 quamprimum

225 1906 406 1946 scribito.

282 1961 438 2000 Romae
461 1976 494 2008 4.
519 1960 660 1999 Nonas
681 1959 818 1998 Maias.
850 1971 961 2007 1522.

1457 2011 1570 2050 Tuus
1591 2011 1771 2050 Stunica.

281 2113 432 2152 Ioanni
452 2114 669 2164 Vergarae,
694 2112 885 2162 theologo
906 2113 947 2149 et
967 2111 1163 2150 canonico
1189 2109 1491 2159 Complutensi.
