1990 3353
455 435 608 478 ⁰⁷2993.
668 437 732 477 To
763 437 984 478 LEoNARD
1015 436 1267 494 PRlccARD.

105 513 265 560 Farrago
283 526 318 560 p.
338 515 418 559 368.
1404 514 1584 551 Louvain.

106 571 144 607 F.
162 584 197 617 p.
218 581 308 618 459:
338 572 429 609 HN:
459 573 576 608 Lond.
595 573 643 608 xi.
667 583 731 616 17:
760 573 833 608 Lss.
851 584 933 617 442.
1373 584 1387 610 1
1404 574 1496 620 July
1518 585 1619 621 1519.

358 653 444 694 [For
459 654 612 694 possible
629 656 724 685 trace
741 655 779 685 of
791 664 837 685 an
853 663 995 685 answer
1010 664 1068 686 see
1084 654 1148 695 Ep.
1171 664 1265 686 1001.
1283 654 1359 697 3n.]

77 751 282 782 ERASMVS
313 752 647 783 ROTERODAMVS
679 753 923 783 LEONARDO
955 752 1229 791 PRICCARDO,
1260 752 1493 784 CANONICO
1525 754 1647 784 APVD

622 821 961 859 AQVISGRANVM,
994 822 1027 852 S.
1054 822 1099 852 D.

111 899 313 946 ScmssAM,
345 900 624 939 eruditissime
662 901 884 947 Leonarde‚
920 914 1052 950 genus
1089 901 1166 939 hoc
1200 900 1422 938 hominum
1457 914 1664 951 nusquam

54 965 238 993 cessare:
285 967 502 994 summum
540 955 626 993 illis
663 955 915 1005 praesidium
954 955 999 993 in
1037 954 1308 993 mendacibus
1346 954 1502 1005 linguis
1539 957 1664 1006 atque

54 1006 434 1057 impudentissimis
462 1010 749 1060 sycophantiis
784 1009 969 1059 positum
1000 1011 1075 1047 est.
1132 1009 1220 1058 Ego
1251 1022 1349 1047 vero
1383 1009 1467 1048 iam
1501 1010 1550 1048 ad
1581 1011 1664 1049 ista

54 1062 251 1102 occallui:
288 1065 456 1102 tantum
485 1064 668 1102 admiror
698 1064 890 1102 homines
917 1064 1172 1114 professione
1205 1063 1372 1112 pietatis
1402 1063 1587 1114 insignes
1622 1065 1662 1103 id

53 1116 135 1154 sibi
172 1117 415 1166 permittere
454 1118 561 1168 quod
599 1119 791 1157 omnium
828 1119 1010 1157 maxime
1044 1131 1139 1156 cum
1172 1131 1269 1155 vera
1304 1118 1456 1167 pietate
1489 1122 1662 1169 pugnat.
1685 1136 1701 1165 5

54 1169 311 1220 Inexpiabile
336 1173 471 1211 scelus
497 1173 640 1211 haberi
658 1173 819 1221 volunt,
843 1173 879 1211 si
905 1173 1102 1211 carnibus
1123 1174 1368 1219 vescantur;
1402 1175 1442 1210 et
1469 1175 1662 1212 sanctum

52 1227 113 1262 est
134 1225 315 1273 fratrem,
339 1227 466 1266 etiam
488 1228 537 1265 de
561 1227 664 1276 ipsis
690 1228 794 1266 bene
817 1231 1060 1273 merentem,
1083 1226 1250 1277 linguae
1277 1227 1449 1276 spiculis
1468 1227 1662 1266 Tartareo

51 1292 212 1318 veneno
232 1281 377 1319 tinctis
394 1282 625 1329 confodere,
645 1295 740 1320 cum
756 1282 924 1320 nullum
943 1281 999 1320 sit
1014 1280 1207 1320 veneficii
1226 1293 1360 1330 genus
1380 1282 1659 1321 execrabilius.

51 1333 235 1373 Omnino
265 1335 345 1374 diis
374 1336 578 1383 manibus,
609 1339 656 1374 vt
685 1337 842 1386 poetice
871 1336 1016 1383 dicam,
1050 1349 1092 1374 se
1127 1335 1344 1373 deuouisse
1373 1335 1582 1384 videntur,
1615 1337 1661 1374 ni

52 1387 183 1426 bonas
202 1388 344 1428 literas
364 1390 557 1429 funditus
575 1390 833 1429 extinxerint
850 1405 858 1438 3
889 1404 963 1428 nec
984 1403 1026 1428 se
1047 1390 1222 1428 credunt
1248 1389 1481 1428 incolumes
1501 1390 1599 1437 fore,
1625 1391 1661 1430 si

52 1442 184 1481 bonae
207 1443 349 1482 literae
376 1445 461 1483 sint
487 1445 724 1483 incolumes.
784 1444 950 1483 Harum
978 1457 1143 1482 causam
1170 1443 1248 1482 sibi
1277 1445 1527 1494 persuadent
1556 1445 1660 1483 meis

49 1498 265 1546 praesidiis
297 1499 506 1538 sustineri.
569 1499 651 1538 Nec
685 1500 761 1538 vlli
793 1502 936 1538 tamen
970 1498 1154 1537 odiosius
1187 1498 1394 1537 blaterant
1428 1512 1555 1549 quam
1589 1500 1659 1550 qui

49 1554 191 1591 nostra
228 1566 397 1602 prorsus
434 1567 520 1592 non
557 1553 758 1603 legerunt.
816 1553 1082 1604 Ignoscerem
1121 1552 1365 1602 imperitiae,
1402 1552 1659 1603 ignoscerem

48 1605 315 1656 ignorantiae,
330 1607 413 1647 nisi
428 1608 470 1647 id
486 1609 624 1658 ipsum
640 1608 789 1659 ingens
803 1610 911 1647 esset
930 1608 1076 1656 scelus,
1095 1621 1139 1645 re
1160 1607 1419 1656 incomperta
1438 1607 1482 1646 in
1502 1608 1660 1647 famam

48 1660 220 1699 alterius
235 1661 486 1701 debacchari.
529 1663 614 1702 Nec
628 1663 748 1701 video
765 1676 845 1713 qua
860 1663 996 1701 fronte
1015 1662 1176 1712 possint
1191 1661 1404 1700 inscitiam
1423 1663 1660 1712 praetexere

48 1714 120 1764 qui
139 1728 183 1753 se
203 1716 333 1755 totius
351 1717 462 1756 orbis
482 1718 705 1767 magistros
723 1717 868 1756 haberi
886 1717 1045 1756 volunt·

101 1769 164 1808 De
181 1771 320 1821 Anglo
340 1771 429 1810 siue
446 1771 569 1811 Scoto
588 1785 673 1811 non
693 1773 865 1811 omnino
883 1785 1039 1810 vanum
1059 1773 1122 1809 est
1142 1770 1251 1821 quod
1272 1770 1468 1810 narrauit.
1529 1771 1575 1810 Is
1596 1776 1658 1810 est

46 1823 213 1863 iuuenis
226 1827 268 1863 et
283 1827 416 1865 aetate
429 1828 471 1865 et
487 1828 632 1877 suopte
646 1826 812 1876 ingenio
828 1826 980 1877 gloriae
995 1825 1234 1864 famelicus:
1259 1825 1309 1862 ad
1325 1838 1415 1863 eam
1431 1825 1660 1874 parandam

47 1877 146 1916 haec
170 1879 238 1917 via
262 1880 353 1919 visa
378 1883 441 1919 est
466 1880 532 1920 illi
559 1895 654 1920 cum
682 1881 829 1931 primis
858 1879 1179 1930 compendiaria.
1241 1879 1488 1929 Quanquam
1517 1882 1659 1919 autem

46 1932 132 1982 ipse
155 1933 236 1971 sibi
260 1935 433 1982 ἀφθόνως
461 1935 570 1974 nihil
596 1949 680 1974 non
707 1935 880 1983 tribuat,
901 1949 985 1974 non
1013 1937 1153 1972 tamen
1183 1934 1415 1983 Vsqueadeo
1438 1935 1657 1984 perfrictae
1678 1954 1691 1974 2

45 1987 196 2026 frontis
222 1991 284 2027 est
303 1991 350 2028 vt
376 1990 484 2028 dicat
509 2003 554 2029 se
579 1990 732 2028 melius
756 1990 862 2028 scire
889 1991 1043 2029 Graece
1072 2002 1195 2039 quam
1228 1989 1462 2026 Erasmum.
1525 1988 1657 2028 Iactat

45 2040 238 2081 libellum
259 2044 398 2082 nescio
418 2058 555 2094 quem,
580 2047 622 2083 at
643 2045 768 2083 huius
787 2044 894 2083 nulli
913 2044 1073 2093 copiam
1092 2043 1201 2088 facit,
1226 2042 1308 2080 nisi
1327 2055 1450 2093 quem
1471 2045 1656 2093 cognorit

46 2096 166 2135 nobis
193 2097 302 2136 male
325 2098 445 2138 velle.
504 2098 681 2147 Quiduis
709 2099 761 2137 ab
790 2099 865 2138 illo
894 2099 1016 2137 citius
1045 2097 1261 2147 impetrari
1291 2100 1426 2147 potest
1456 2111 1581 2148 quam
1610 2100 1656 2137 vt

45 2150 154 2188 mihi
183 2151 306 2191 faciat
334 2153 589 2202 inspiciundi
618 2153 790 2204 copiam,
812 2154 855 2192 in
883 2166 1008 2203 quem
1032 2165 1163 2191 vnum
1194 2152 1375 2202 scriptus
1404 2154 1478 2191 est.
1535 2151 1655 2191 Adeo

1684 1411 1722 1433 10

45 2204 137 2243 fidit
164 2218 238 2244 suo
264 2206 419 2255 libello,
447 2221 570 2258 quem
596 2210 738 2246 tamen
764 2221 971 2258 nusquam
998 2219 1084 2245 non
1111 2206 1247 2244 iactat.
1306 2206 1530 2256 Vtcunque
1556 2207 1655 2246 haec
1677 2226 1711 2256 25

45 2257 208 2307 habent,
243 2274 447 2311 organum
481 2264 765 2312 opportunum
800 2275 889 2301 sese
921 2261 1114 2312 praebuit
1147 2260 1355 2310 theologis
1389 2261 1650 2310 quibusdam,

45 2314 195 2363 quibus
214 2315 463 2365 iampridem
483 2317 592 2355 male
611 2316 891 2367 cogitantibus
910 2315 1020 2354 nihil
1041 2315 1181 2353 deerat
1202 2317 1362 2364 praeter
1381 2315 1650 2365 occasionem,

44 2367 161 2406 iuxta
185 2369 436 2410 Graecorum
462 2371 742 2421 prouerbium.
800 2371 895 2410 Imo
921 2373 1021 2410 sunt
1046 2370 1117 2420 qui
1144 2371 1299 2419 negant
1325 2369 1402 2408 hoc
1432 2383 1536 2420 opus
1564 2383 1655 2410 esse

44 2421 169 2470 illius,
191 2424 261 2462 sed
281 2425 420 2474 potius
440 2426 630 2464 omnium
651 2425 1017 2476 sycophantiarum
1039 2426 1260 2462 centonem
1287 2436 1333 2462 ac
1359 2423 1653 2474 rhapsodiam:

44 2476 141 2515 huic
178 2480 317 2517 tamen
357 2479 589 2519 corniculae
626 2493 834 2519 cessuram
873 2480 971 2519 facti
1008 2479 1198 2529 gloriam.
1273 2478 1323 2516 Id
1363 2478 1469 2517 mihi
1507 2479 1653 2518 multis

43 2532 287 2571 nominibus
319 2533 531 2583 probabile
558 2534 734 2582 videtur,
766 2533 1098 2584 quandoquidem
1133 2532 1256 2582 paulo
1290 2534 1386 2571 ante
1419 2533 1460 2571 id
1495 2533 1653 2571 factum

43 2587 334 2636 conspeximus
350 2588 394 2626 in
410 2588 571 2639 dialogo
587 2589 768 2628 Latomi:
789 2589 939 2628 titulus
954 2590 1041 2627 erat
1057 2587 1190 2634 vuius,
1206 2587 1432 2625 conflatura
1447 2588 1650 2637 omnium,

42 2642 113 2678 aut
136 2642 245 2679 certe
264 2642 509 2681 multorum.

95 2695 285 2745 Anglum
322 2696 408 2735 iam
445 2710 552 2747 pene
588 2697 797 2747 placidum
837 2710 979 2736 rursus
1017 2697 1278 2746 exasperarat
1312 2695 1422 2746 quod
1461 2695 1506 2735 in
1544 2695 1652 2735 calce

250 2809 303 2830 20.
330 2799 462 2831 tribuit
477 2801 521 2832 H.
655 2810 708 2840 34.
735 2801 964 2840 exasperarat
981 2803 1010 2831 Ε
1026 2801 1139 2838 Corriy.
1157 2810 1165 2830 :
1189 2800 1376 2839 exasperat
1392 2801 1432 2830 E.

89 2917 139 2946 17.
162 2908 239 2939 siue
267 2909 387 2950 Scoto]
420 2909 453 2940 A
477 2908 549 2949 jest
577 2908 715 2949 against
746 2908 809 2939 the
879 2909 933 2939 61.
952 2918 1026 2948 192,
1046 2909 1136 2939 1061.
1156 2908 1268 2948 338‚9.
1317 2909 1386 2939 Lee
1403 2917 1475 2939 was
1489 2908 1528 2938 of
1540 2907 1650 2939 Kent.

43 2950 173 2982 scotist
211 2952 449 2993 theologians,
479 2952 601 2984 which
638 2952 810 2983 Erasmus
922 2953 976 2983 28.
1001 2953 1246 2993 prouerbium]
1272 2951 1324 2984 cf.
1346 2952 1407 2992 Ep.
1426 2952 1500 2991 778.
1519 2953 1572 2983 66.

43 2994 146 3026 could
164 2997 226 3026 not
244 3006 382 3036 repress
398 3007 407 3035 ς
430 2997 473 3029 cf.
494 2997 582 3037 Epp.
601 2996 643 3036 58
660 2995 807 3034 introd.‚
922 3005 975 3034 32.
994 2995 1134 3036 dialogo
1145 2995 1304 3037 Latomi]
1317 2996 1382 3027 See
1394 2996 1455 3035 Ep.
1467 3005 1542 3035 934.
1555 3004 1640 3034 3n11.

109 3061 183 3081 ⁴524
838 3064 862 3088 p,

1673 2495 1712 2524 30
