1990 3353
68 144 190 199 1167]
513 147 584 186 To
622 147 884 188 LORENZO
923 147 1217 188 CAMPEGIO
1585 148 1663 187 401

65 257 173 307 quod
193 257 333 307 superi
352 258 496 297 volent
515 270 738 308 superesse,
764 258 920 296 Romae
941 271 1156 308 peragere:
1185 258 1255 296 vbi
1276 258 1398 297 bonis
1416 257 1566 297 studiis
1581 272 1666 297 non

63 311 201 350 solum
220 313 505 362 tranquillitas
524 314 586 351 est
605 312 881 351 verumetiam
901 312 1044 351 honos.
1095 313 1210 351 Haec
1231 313 1345 363 regio
1363 313 1533 351 tametsi
1552 313 1668 351 mite·

64 365 142 404 scit
165 366 312 415 indies,
331 370 472 406 tamen
493 367 682 405 nondum
703 366 876 405 omnino
895 379 1044 405 exuere
1063 369 1200 417 potest
1216 367 1420 417 syluestre
1434 366 1666 417 ingenium.
1690 379 1729 401 10

65 420 121 458 Et
149 420 273 459 habet
301 422 472 472 antiqua
502 421 709 460 barbaries
737 420 1094 470 pertinacissimos
1114 434 1211 461 suae
1230 421 1422 460 factionis
1440 434 1668 471 propugna-

63 476 182 513 tores.

120 530 174 567 Et
190 542 283 567 mea
297 529 505 568 sententia
520 531 715 580 peccatur
728 528 934 579 vtrinque.
978 528 1060 577 Qui
1078 530 1221 568 fauent
1241 529 1485 568 melioribus
1504 529 1670 576 studiis,

66 583 228 622 malunt
251 586 296 622 vt
315 584 456 622 hostes
475 584 706 633 irrumpere
726 596 851 633 quam
870 584 918 622 vt
937 582 1123 633 hospites
1141 584 1343 634 paulatim
1367 584 1413 622 in
1433 584 1670 623 societatem

65 640 105 675 et
126 638 355 676 amicitiam
375 639 599 677 coalescere
615 652 624 685 3
652 637 817 676 malunt
833 640 992 677 veteres
1011 639 1178 677 colonos
1198 638 1283 677 suis
1297 638 1454 677 finibus
1468 638 1672 689 depellere
1694 650 1731 682 15

67 705 192 742 quam
220 693 485 731 commutatis
513 692 710 742 vtrinque
739 692 872 740 bonis,
898 692 1087 742 vtrisque
1116 692 1342 732 consulere.
1401 693 1567 741 Contra,
1601 693 1673 743 qui

65 746 147 784 sibi
176 746 425 785 stultissime
453 749 749 797 persuaserunt
777 759 822 785 se
849 746 1003 785 bonam
1032 747 1354 786 existimationis
1382 760 1479 785 suae
1509 749 1672 797 partem

67 801 292 839 amissuros
307 802 414 851 apud
435 801 647 851 populum,
665 801 711 838 ni
725 801 920 840 funditus
935 801 1188 840 extinxerint
1205 814 1273 840 eas
1290 802 1433 840 literas
1449 815 1551 852 quas
1571 801 1674 851 ipsis

68 868 142 893 nec
173 855 364 894 didicisse
393 856 567 905 contigit
596 869 672 894 nec
691 858 811 894 vacat
839 855 1006 902 discere,
1029 857 1116 894 tam
1136 856 1372 903 virulentis,
1396 858 1483 895 tam
1511 856 1674 895 stolidis

68 910 266 948 conuiciis
284 911 329 948 in
350 923 417 948 eas
438 910 742 948 debacchantur
761 909 936 960 publice,
959 910 1171 960 priuatim,
1195 911 1324 949 etiam
1354 911 1399 948 in
1429 912 1555 949 sacris
1582 924 1674 949 con·
1695 923 1736 946 20

67 964 266 1011 cionibus,
287 967 333 1003 vt
364 978 431 1002 me
460 965 613 1014 pudeat
641 977 848 1003 recensere
868 977 971 1014 quae
996 965 1093 1003 illos
1120 978 1204 1003 non
1230 964 1360 1014 pudet
1386 965 1494 1014 apud
1524 965 1674 1014 promi·

66 1031 209 1056 seuam
225 1019 546 1058 multitudinem
563 1019 788 1069 designare,
807 1020 850 1057 in
867 1019 1044 1069 linguas,
1060 1019 1106 1057 in
1119 1019 1246 1058 bonas
1258 1019 1402 1058 literas
1419 1033 1428 1058 :
1454 1033 1554 1069 quas
1567 1019 1676 1058 tanti

67 1073 224 1111 faciunt
244 1076 337 1111 tum
359 1073 508 1123 optimi
529 1074 681 1124 quique
704 1074 922 1123 principes,
947 1076 1038 1112 tum
1058 1073 1146 1123 ipse
1167 1074 1260 1121 Leo,
1284 1087 1478 1112 summus
1502 1073 1677 1112 antistes

69 1140 155 1166 non
181 1128 397 1177 religionis
423 1129 547 1166 modo
574 1128 644 1166 sed
666 1131 707 1166 et
727 1141 871 1166 eorum
895 1128 1132 1167 studiorum
1161 1128 1312 1178 quibus
1334 1128 1535 1178 intelligit
1563 1128 1676 1167 Chri-

68 1181 247 1221 stianam
280 1182 590 1232 philosophiam
620 1182 688 1221 vel
716 1182 919 1221 illustrari
951 1182 1018 1221 vel
1051 1183 1271 1233 propagari
1303 1183 1370 1221 vel
1404 1182 1673 1221 constabiliri.
1698 1195 1736 1227 25

68 1238 210 1286 Atque
229 1237 327 1275 haec
346 1240 475 1286 agunt
496 1237 656 1276 deuotis
676 1237 829 1275 animis
848 1236 1060 1285 coniurati,
1079 1239 1118 1275 et
1140 1237 1248 1287 quod
1268 1240 1330 1276 est
1350 1237 1602 1285 sceleratius,
1625 1237 1676 1275 ad

69 1304 158 1329 rem
184 1292 458 1330 execrandam
477 1291 697 1330 abutentes
717 1291 842 1330 sacris
862 1292 1156 1330 concionibus:
1186 1305 1289 1342 quas
1312 1292 1446 1341 magis
1475 1292 1601 1329 refert
1625 1291 1676 1330 ad

69 1345 257 1395 publicos
286 1359 424 1384 mores
452 1359 575 1396 puras
603 1359 690 1384 esse
717 1359 842 1396 quam
869 1348 1171 1385 sacrosanctam
1196 1346 1405 1396 synaxim.
1462 1346 1677 1396 Siquidem

70 1400 177 1438 hanc
198 1400 267 1450 qui
289 1400 459 1449 indigne
479 1403 640 1447 tractat,
664 1401 739 1438 vni
759 1400 840 1438 sibi
860 1401 1113 1450 perniciosus
1134 1403 1207 1439 est.
1267 1401 1486 1439 Caeterum
1507 1400 1578 1451 qui
1598 1399 1678 1438 loci

70 1454 304 1503 autoritate,
328 1454 399 1504 qui
427 1455 571 1505 populi
601 1455 744 1493 docilis
773 1455 1029 1496 credulitate,
1054 1468 1138 1493 non
1159 1455 1209 1493 ad
1231 1455 1389 1494 Christi
1409 1455 1586 1505 gloriam
1606 1455 1677 1493 sed
1698 1471 1739 1502 30

70 1508 121 1546 ad
155 1521 254 1547 suos
287 1509 459 1548 affectus
493 1509 691 1557 abutitur,
730 1511 770 1547 et
805 1509 1036 1548 multorum
1067 1510 1230 1548 animos
1265 1510 1431 1548 diuinae
1466 1509 1679 1547 doctrinae

70 1562 273 1612 pabulum
293 1566 559 1613 expectantes
574 1564 737 1603 fraudat
757 1566 797 1602 et
818 1564 951 1602 inficit
973 1577 1048 1602 suo
1063 1577 1236 1610 veneno,
1254 1566 1294 1602 et
1314 1577 1451 1602 sacrae
1468 1563 1679 1602 concionis

71 1617 205 1656 eleuat
236 1618 514 1656 autoritatem.
573 1619 631 1656 At
663 1618 735 1657 isti
764 1631 849 1657 non
878 1618 1064 1656 contenti
1093 1618 1140 1656 in
1170 1619 1353 1668 optimas
1384 1618 1526 1656 literas
1556 1617 1680 1667 digna

71 1674 192 1722 atque
226 1671 397 1723 indigna
429 1672 573 1721 dicere,
608 1686 906 1723 saepenumero
940 1685 1024 1711 non
1058 1675 1257 1711 verentur
1286 1687 1307 1711 e
1336 1685 1451 1711 sacro
1480 1675 1678 1722 suggestu

71 1727 225 1764 famam
255 1740 399 1765 eorum
427 1727 630 1766 incessere
659 1741 836 1777 quorum
866 1727 1074 1766 industria
1106 1729 1258 1777 putant
1288 1728 1389 1766 haec
1423 1727 1562 1766 studia
1592 1739 1681 1777 pro·
1701 1745 1740 1777 35

72 1781 199 1828 uehi3
229 1781 340 1820 inter
368 1794 472 1831 quos
500 1795 595 1820 cum
624 1782 774 1832 primis
804 1783 969 1832 ponunt
998 1782 1245 1821 Erasmum:
1276 1782 1346 1832 qui
1375 1783 1410 1820 si
1438 1794 1585 1832 negem
1614 1794 1682 1819 me

72 1835 211 1873 fauere
224 1835 490 1885 politioribus
506 1836 649 1882 literis,
669 1837 793 1886 plane
808 1837 989 1875 mentiar
1004 1850 1014 1884 3
1035 1837 1105 1875 sed
1122 1839 1265 1875 tamen
1281 1838 1339 1875 ita
1354 1836 1474 1874 faueo
1491 1838 1535 1874 vt
1551 1835 1681 1874 velim

73 1903 140 1928 eas
160 1889 315 1928 seruire
336 1890 490 1939 gloriae
510 1891 679 1930 Christi.

128 1943 268 1982 Huius
288 1944 449 1984 fabulae
468 1945 677 1995 praecipui
696 1946 796 1984 sunt
817 1947 975 1984 actores
995 1945 1168 1994 quidam
1187 1959 1209 1983 e
1228 1945 1449 1984 sodalitate
1477 1945 1517 1983 S.
1542 1944 1683 1983 Domi-

73 1999 157 2036 nici
174 2013 182 2037 :
213 1998 284 2048 qui
305 1999 419 2045 ordo,
438 2002 486 2038 vt
507 1999 663 2038 multos
682 2003 723 2038 et
743 2000 845 2038 olim
865 1999 1014 2038 habuit
1035 2002 1075 2038 et
1096 2013 1218 2046 nunc,
1243 2000 1400 2048 opinor,
1425 1999 1550 2038 habet
1570 2000 1684 2037 viros
1702 2015 1744 2046 40

74 2052 310 2091 eruditione
330 2053 561 2104 pietateque
582 2056 849 2104 praestantes,
871 2055 930 2092 ita
958 2054 1117 2092 mirum
1147 2054 1281 2092 videri
1310 2067 1395 2092 non
1425 2054 1547 2092 debet
1576 2053 1610 2091 si
1638 2053 1684 2090 in

73 2110 134 2145 tot
164 2107 388 2146 hominum
418 2108 593 2147 milibus
622 2108 804 2147 existant
833 2108 920 2147 illis
950 2108 1135 2146 multum
1166 2108 1401 2147 dissimiles.
1464 2108 1524 2146 Hi
1544 2108 1684 2146 ascitis

74 2161 153 2199 sibi
174 2162 391 2201 nonnullis
410 2175 459 2200 ex
479 2176 624 2201 eorum
648 2176 770 2213 grege
797 2163 868 2213 qui
888 2176 930 2201 se
954 2163 1091 2201 nescio
1121 2176 1246 2212 quare
1276 2162 1520 2201 Carmelitas
1549 2162 1685 2212 appel-

74 2215 175 2264 lant,
199 2229 266 2254 me
285 2217 365 2255 sibi
385 2217 552 2267 fingunt
572 2217 750 2265 hostem,
773 2230 869 2256 cum
890 2231 1014 2255 nemo
1035 2219 1167 2267 magis
1186 2218 1323 2255 faueat
1338 2230 1458 2255 verae
1475 2215 1681 2267 religioni.

74 2270 257 2308 Veneror
285 2273 326 2309 et
355 2272 569 2310 exosculor
597 2271 880 2310 Christianam
909 2272 1118 2322 pietatem,
1143 2272 1187 2309 in
1215 2285 1458 2322 quocunque
1488 2271 1616 2315 cultu,
1641 2270 1686 2308 in
1705 2283 1745 2315 45

75 2337 320 2375 quocunque
350 2325 476 2375 pallio
506 2339 595 2365 sese
624 2326 844 2376 protulerit
873 2327 984 2364 veris
1013 2326 1190 2374 indiciis,
1215 2326 1304 2364 siue
1333 2326 1461 2376 pullo,
1485 2325 1574 2363 siue
1595 2337 1685 2363 can-

76 2379 182 2426 dido,
206 2379 293 2417 siue
323 2380 446 2427 lineo,
470 2380 557 2419 siue
585 2380 720 2427 laneo,
742 2381 832 2419 siue
862 2381 990 2428 quCO,
1014 2381 1103 2419 siue
1123 2380 1242 2418 flauo.
1304 2380 1422 2429 Quod
1454 2380 1490 2418 si
1519 2379 1685 2430 quando

75 2446 149 2483 per
180 2434 436 2473 occasionem
471 2435 630 2485 aliquid
665 2435 820 2474 dicitur
859 2435 902 2473 in
937 2435 1043 2473 vicia
1082 2435 1392 2482 monachorum,
1428 2447 1512 2472 non
1553 2433 1687 2484 magis

76 2500 254 2537 aequum
284 2491 344 2526 est
376 2502 444 2527 eos
466 2490 733 2531 commoueri.
758 2502 882 2540 quam
913 2490 1015 2527 ordo
1045 2491 1308 2527 sacerdotum
1338 2490 1684 2535 commoneretur,

75 2542 237 2591 quoties
258 2541 411 2592 aliquis
430 2544 714 2593 praescribens
736 2544 832 2582 boni
854 2544 1079 2582 sacerdotis
1100 2544 1335 2593 imaginem,
1360 2543 1542 2582 ostendit
1563 2555 1686 2593 quan·
1708 2562 1749 2593 50

76 2599 169 2634 tum
199 2596 248 2634 ab
278 2596 354 2635 hac
383 2597 491 2635 absit
521 2598 782 2636 sacerdotum
812 2598 972 2648 vulgus,
995 2600 1065 2636 aut
1084 2598 1305 2647 principes,
1330 2598 1494 2648 quoties
1516 2597 1688 2636 illorum

76 2650 181 2688 vicia
209 2652 451 2699 tanguntur.
511 2653 646 2703 Atqui
673 2653 709 2690 si
733 2653 799 2691 cui
820 2653 958 2691 ordini
978 2653 1230 2702 parcendum
1251 2654 1326 2702 est,
1349 2653 1393 2691 in
1423 2652 1573 2702 primis
1602 2664 1689 2702 par-

124 2746 172 2775 13.
199 2736 243 2766 Et
261 2738 309 2767 F:
334 2738 385 2768 Ac
401 2739 443 2768 H.
598 2739 645 2768 16.
674 2739 903 2769 commutatis
920 2741 948 2768 F
962 2740 1074 2776 Com-iq.
1092 2748 1100 2769 :
1125 2739 1400 2770 communicatis
1418 2742 1452 2770 F.
1575 2738 1623 2769 18.
1649 2738 1689 2768 ni

77 2782 105 2810 F
122 2791 128 2810 :
152 2780 224 2810 nisi
240 2781 284 2810 H.
420 2790 473 2819 34.
499 2783 662 2821 suggesto
678 2785 735 2812 H:
759 2784 796 2819 cf.
812 2785 871 2820 Ep.
893 2783 985 2813 1062.
1003 2782 1081 2813 8011.
1240 2792 1292 2820 42.
1317 2782 1391 2813 illis
1409 2785 1457 2813 F:
1483 2781 1629 2813 illorum
1647 2784 1690 2813 ll.

78 2832 129 2861 52.
159 2825 215 2853 H:
239 2824 287 2854 At
305 2824 368 2862 qui
386 2826 420 2855 F.
470 2825 513 2861 Cf.
535 2827 592 2862 Ep.
612 2826 706 2857 1162.
723 2827 777 2864 65.

126 2920 173 2941 10.
200 2911 375 2949 syluestre
389 2912 592 2954 ingenium]
605 2913 656 2944 Cf.
673 2914 758 2953 Epp.
775 2923 849 2952 941.
925 2923 1022 2952 14011.

84 2963 196 2993 10-12,
216 2956 293 2994 998.
309 2957 404 2994 63-5.
963 2959 1014 2989 26.
1045 2956 1185 2987 deuotis
1197 2956 1346 2997 animis]
1362 2956 1413 2987 Cf.
1430 2956 1491 2996 Ep.
1507 2965 1598 2995 1033.
1608 2956 1689 2985 6211.

125 3007 173 3036 14.
199 2998 415 3040 irrumpere]
435 2998 486 3030 Cf.
507 2999 568 3039 Ep.
593 3001 686 3031 1062.
705 3001 801 3039 56-7.
961 3011 1013 3040 39.
1042 3000 1077 3032 S.
1095 3000 1291 3040 Dominici]
1311 3000 1363 3032 Cf.
1382 3001 1445 3039 Ep.
1467 3001 1559 3031 1062.
1582 2999 1680 3029 1801).

124 3051 177 3071 22.
205 3043 298 3073 tanti
316 3042 470 3084 faciunt]
488 3043 539 3074 Cf.
560 3043 622 3084 Ep.
639 3045 731 3074 1062.
750 3045 848 3082 128n,
962 3054 1013 3083 41.
1040 3043 1279 3084 praestantes]
1299 3044 1349 3076 Cf.
1369 3044 1429 3083 Ep.
1454 3044 1546 3074 1006.
1567 3052 1623 3081 411.

145 3107 223 3128 452⁶⁴
836 3112 863 3137 D
885 3100 908 3137 d
