<?xml version="1.0" encoding="UTF-8"?>
<!DOCTYPE html PUBLIC "-//W3C//DTD XHTML 1.0 Transitional//EN"
    "http://www.w3.org/TR/xhtml1/DTD/xhtml1-transitional.dtd">
<html xmlns="http://www.w3.org/1999/xhtml" xml:lang="en" lang="en">
 <head>
  <title>
</title>
<meta http-equiv="Content-Type" content="text/html;charset=utf-8" />
  <meta name='ocr-system' content='tesseract 3.04.00' />
  <meta name='ocr-capabilities' content='ocr_page ocr_carea ocr_par ocr_line ocrx_word'/>
</head>
<body>
  <div class='ocr_page' id='page_1' title='image "./opusepistolarumd04erasuoft_0328.png"; bbox 0 0 1990 3353; ppageno 0'>
   <div class='ocr_carea' id='block_1_1' title="bbox 251 424 292 456">
    <p class='ocr_par' dir='ltr' id='par_1_1' title="bbox 251 424 292 456">
     <span class='ocr_line' id='line_1_1' title="bbox 251 424 292 456; baseline 0 -10"><span class='ocrx_word' id='word_1_1' title='bbox 251 424 292 456; x_wconf 84' lang='grc'>50</span> 
     </span>
    </p>
   </div>
   <div class='ocr_carea' id='block_1_2' title="bbox 251 694 291 727">
    <p class='ocr_par' dir='ltr' id='par_1_2' title="bbox 251 694 291 727">
     <span class='ocr_line' id='line_1_2' title="bbox 251 694 291 727; baseline 0.025 -1"><span class='ocrx_word' id='word_1_2' title='bbox 251 694 291 727; x_wconf 85' lang='grc'>55</span> 
     </span>
    </p>
   </div>
   <div class='ocr_carea' id='block_1_3' title="bbox 250 958 294 990">
    <p class='ocr_par' dir='ltr' id='par_1_3' title="bbox 250 958 294 990">
     <span class='ocr_line' id='line_1_3' title="bbox 250 958 294 990; baseline -0.023 0"><span class='ocrx_word' id='word_1_3' title='bbox 250 958 294 990; x_wconf 84' lang='grc'>60</span> 
     </span>
    </p>
   </div>
   <div class='ocr_carea' id='block_1_4' title="bbox 253 1781 270 1816">
    <p class='ocr_par' dir='ltr' id='par_1_4' title="bbox 253 1781 270 1816">
     <span class='ocr_line' id='line_1_4' title="bbox 253 1781 270 1816; textangle 90"><span class='ocrx_word' id='word_1_4' title='bbox 253 1781 270 1816; x_wconf 41' lang='grc' dir='ltr'>λῐ</span> 
     </span>
    </p>
   </div>
   <div class='ocr_carea' id='block_1_5' title="bbox 309 137 1923 1221">
    <p class='ocr_par' dir='ltr' id='par_1_5' title="bbox 311 137 1919 195">
     <span class='ocr_line' id='line_1_5' title="bbox 311 137 1919 195; baseline 0.004 -20"><span class='ocrx_word' id='word_1_5' title='bbox 311 137 391 175; x_wconf 79' lang='grc'>282</span> <span class='ocrx_word' id='word_1_6' title='bbox 778 139 1030 179; x_wconf 82' lang='lat' dir='ltr'>LETTERS</span> <span class='ocrx_word' id='word_1_7' title='bbox 1070 140 1139 179; x_wconf 85' lang='lat' dir='ltr'>OF</span> <span class='ocrx_word' id='word_1_8' title='bbox 1175 141 1444 180; x_wconf 83' lang='lat' dir='ltr'>ERASMUS</span> <span class='ocrx_word' id='word_1_9' title='bbox 1794 141 1919 195; x_wconf 89' lang='lat'>[1520</span> 
     </span>
    </p>

    <p class='ocr_par' dir='ltr' id='par_1_6' title="bbox 309 245 1923 1221">
     <span class='ocr_line' id='line_1_6' title="bbox 365 245 1920 301; baseline 0.005 -18"><span class='ocrx_word' id='word_1_10' title='bbox 365 245 541 284; x_wconf 89' lang='lat' dir='ltr'>Louanii</span> <span class='ocrx_word' id='word_1_11' title='bbox 571 247 722 296; x_wconf 88' lang='lat' dir='ltr'>quibus</span> <span class='ocrx_word' id='word_1_12' title='bbox 749 247 1004 286; x_wconf 80' lang='lat' dir='ltr'>tumultibus</span> <span class='ocrx_word' id='word_1_13' title='bbox 1034 248 1230 288; x_wconf 72' lang='lat' dir='ltr'>obstitere</span> <span class='ocrx_word' id='word_1_14' title='bbox 1262 263 1451 299; x_wconf 80' lang='lat' dir='ltr'>proceres</span> <span class='ocrx_word' id='word_1_15' title='bbox 1481 263 1534 288; x_wconf 90' lang='lat' dir='ltr'>ne</span> <span class='ocrx_word' id='word_1_16' title='bbox 1567 251 1660 300; x_wconf 87' lang='lat' dir='ltr'>quis</span> <span class='ocrx_word' id='word_1_17' title='bbox 1692 251 1920 301; x_wconf 81' lang='lat' dir='ltr'>quamlibet</span> 
     </span>
     <span class='ocr_line' id='line_1_7' title="bbox 311 298 1918 353; baseline 0.004 -16"><span class='ocrx_word' id='word_1_18' title='bbox 311 298 530 339; x_wconf 85' lang='lat' dir='ltr'>honestam</span> <span class='ocrx_word' id='word_1_19' title='bbox 566 301 831 351; x_wconf 84' lang='lat' dir='ltr'>disciplinam</span> <span class='ocrx_word' id='word_1_20' title='bbox 867 302 1130 351; x_wconf 87' lang='lat' dir='ltr'>profiteretur</span> <span class='ocrx_word' id='word_1_21' title='bbox 1158 304 1226 343; x_wconf 86' lang='lat' dir='ltr'>vel</span> <span class='ocrx_word' id='word_1_22' title='bbox 1261 304 1415 353; x_wconf 78' lang='lat' dir='ltr'>gratis!</span> <span class='ocrx_word' id='word_1_23' title='bbox 1474 305 1636 352; x_wconf 80' lang='lat' dir='ltr'>Quibus</span> <span class='ocrx_word' id='word_1_24' title='bbox 1663 305 1799 343; x_wconf 84' lang='lat' dir='ltr'>modis</span> <span class='ocrx_word' id='word_1_25' title='bbox 1826 318 1918 344; x_wconf 88' lang='lat' dir='ltr'>con-</span> 
     </span>
     <span class='ocr_line' id='line_1_8' title="bbox 309 353 1919 406; baseline 0.004 -15"><span class='ocrx_word' id='word_1_26' title='bbox 309 353 515 403; x_wconf 87' lang='lat' dir='ltr'>spiratum</span> <span class='ocrx_word' id='word_1_27' title='bbox 533 358 595 393; x_wconf 90' lang='lat' dir='ltr'>est</span> <span class='ocrx_word' id='word_1_28' title='bbox 615 355 812 394; x_wconf 85' lang='lat' dir='ltr'>aduersus</span> <span class='ocrx_word' id='word_1_29' title='bbox 832 369 922 394; x_wconf 89' lang='lat' dir='ltr'>rem</span> <span class='ocrx_word' id='word_1_30' title='bbox 941 369 1095 406; x_wconf 89' lang='lat' dir='ltr'>magno</span> <span class='ocrx_word' id='word_1_31' title='bbox 1115 359 1155 396; x_wconf 92' lang='lat' dir='ltr'>et</span> <span class='ocrx_word' id='word_1_32' title='bbox 1175 358 1270 396; x_wconf 90' lang='lat' dir='ltr'>vsui</span> <span class='ocrx_word' id='word_1_33' title='bbox 1290 361 1330 396; x_wconf 92' lang='lat' dir='ltr'>et</span> <span class='ocrx_word' id='word_1_34' title='bbox 1350 361 1596 397; x_wconf 88' lang='lat' dir='ltr'>ornamento</span> <span class='ocrx_word' id='word_1_35' title='bbox 1614 359 1810 406; x_wconf 87' lang='lat' dir='ltr'>futuram,</span> <span class='ocrx_word' id='word_1_36' title='bbox 1832 372 1919 398; x_wconf 88' lang='lat' dir='ltr'>non</span> 
     </span>
     <span class='ocr_line' id='line_1_9' title="bbox 311 408 1917 461; baseline 0.004 -16"><span class='ocrx_word' id='word_1_37' title='bbox 311 408 448 446; x_wconf 91' lang='lat' dir='ltr'>solum</span> <span class='ocrx_word' id='word_1_38' title='bbox 464 409 714 448; x_wconf 80' lang='lat' dir='ltr'>Academiae</span> <span class='ocrx_word' id='word_1_39' title='bbox 732 410 801 448; x_wconf 90' lang='lat' dir='ltr'>sed</span> <span class='ocrx_word' id='word_1_40' title='bbox 818 410 896 448; x_wconf 92' lang='lat' dir='ltr'>toti</span> <span class='ocrx_word' id='word_1_41' title='bbox 911 411 1093 461; x_wconf 88' lang='lat' dir='ltr'>regioni!</span> <span class='ocrx_word' id='word_1_42' title='bbox 1137 412 1310 451; x_wconf 80' lang='lat' dir='ltr'>Prodita</span> <span class='ocrx_word' id='word_1_43' title='bbox 1325 414 1388 451; x_wconf 91' lang='lat' dir='ltr'>est</span> <span class='ocrx_word' id='word_1_44' title='bbox 1404 426 1513 451; x_wconf 92' lang='lat' dir='ltr'>noua</span> <span class='ocrx_word' id='word_1_45' title='bbox 1526 415 1646 451; x_wconf 91' lang='lat' dir='ltr'>vetus</span> <span class='ocrx_word' id='word_1_46' title='bbox 1661 413 1917 452; x_wconf 88' lang='lat' dir='ltr'>constitutio.</span> 
     </span>
     <span class='ocr_line' id='line_1_10' title="bbox 311 462 1919 517; baseline 0.003 -16"><span class='ocrx_word' id='word_1_47' title='bbox 311 462 518 502; x_wconf 86' lang='lat' dir='ltr'>Adhibita</span> <span class='ocrx_word' id='word_1_48' title='bbox 536 466 599 502; x_wconf 87' lang='lat' dir='ltr'>est</span> <span class='ocrx_word' id='word_1_49' title='bbox 617 465 750 503; x_wconf 89' lang='lat' dir='ltr'>totius</span> <span class='ocrx_word' id='word_1_50' title='bbox 771 465 1017 504; x_wconf 85' lang='lat' dir='ltr'>Academiae</span> <span class='ocrx_word' id='word_1_51' title='bbox 1043 467 1253 513; x_wconf 86' lang='lat' dir='ltr'>autoritas,</span> <span class='ocrx_word' id='word_1_52' title='bbox 1277 467 1548 516; x_wconf 85' lang='lat' dir='ltr'>imploratum</span> <span class='ocrx_word' id='word_1_53' title='bbox 1577 470 1640 506; x_wconf 88' lang='lat' dir='ltr'>est</span> <span class='ocrx_word' id='word_1_54' title='bbox 1668 467 1919 517; x_wconf 85' lang='lat' dir='ltr'>praesidium</span> 
     </span>
     <span class='ocr_line' id='line_1_11' title="bbox 310 517 1921 572; baseline 0.004 -18"><span class='ocrx_word' id='word_1_55' title='bbox 310 517 429 555; x_wconf 89' lang='lat' dir='ltr'>aulae</span> <span class='ocrx_word' id='word_1_56' title='bbox 451 517 595 566; x_wconf 85' lang='lat' dir='ltr'>regiae.</span> <span class='ocrx_word' id='word_1_57' title='bbox 656 518 792 557; x_wconf 90' lang='lat' dir='ltr'>Acciti</span> <span class='ocrx_word' id='word_1_58' title='bbox 820 522 919 557; x_wconf 89' lang='lat' dir='ltr'>sunt</span> <span class='ocrx_word' id='word_1_59' title='bbox 946 520 1102 559; x_wconf 81' lang='lat' dir='ltr'>auxilio</span> <span class='ocrx_word' id='word_1_60' title='bbox 1130 522 1399 571; x_wconf 87' lang='lat' dir='ltr'>magistratus</span> <span class='ocrx_word' id='word_1_61' title='bbox 1427 521 1644 572; x_wconf 83' lang='lat' dir='ltr'>prophani.</span> <span class='ocrx_word' id='word_1_62' title='bbox 1701 521 1921 560; x_wconf 89' lang='lat' dir='ltr'>Postremo</span> 
     </span>
     <span class='ocr_line' id='line_1_12' title="bbox 311 571 1920 625; baseline 0.004 -17"><span class='ocrx_word' id='word_1_63' title='bbox 311 571 362 609; x_wconf 90' lang='lat' dir='ltr'>ad</span> <span class='ocrx_word' id='word_1_64' title='bbox 382 571 548 610; x_wconf 89' lang='lat' dir='ltr'>lictores</span> <span class='ocrx_word' id='word_1_65' title='bbox 567 575 744 611; x_wconf 86' lang='lat' dir='ltr'>ventum</span> <span class='ocrx_word' id='word_1_66' title='bbox 764 575 837 612; x_wconf 85' lang='lat' dir='ltr'>est.</span> <span class='ocrx_word' id='word_1_67' title='bbox 889 573 1041 613; x_wconf 90' lang='lat' dir='ltr'>Nullus</span> <span class='ocrx_word' id='word_1_68' title='bbox 1055 587 1141 613; x_wconf 91' lang='lat' dir='ltr'>non</span> <span class='ocrx_word' id='word_1_69' title='bbox 1161 578 1225 614; x_wconf 91' lang='lat' dir='ltr'>est</span> <span class='ocrx_word' id='word_1_70' title='bbox 1244 578 1384 614; x_wconf 89' lang='lat' dir='ltr'>motus</span> <span class='ocrx_word' id='word_1_71' title='bbox 1403 575 1520 625; x_wconf 86' lang='lat' dir='ltr'>lapis,</span> <span class='ocrx_word' id='word_1_72' title='bbox 1540 575 1647 613; x_wconf 91' lang='lat' dir='ltr'>nihil</span> <span class='ocrx_word' id='word_1_73' title='bbox 1661 576 1920 615; x_wconf 90' lang='lat' dir='ltr'>intentatum</span> 
     </span>
     <span class='ocr_line' id='line_1_13' title="bbox 311 625 1920 680; baseline 0.004 -18"><span class='ocrx_word' id='word_1_74' title='bbox 311 625 504 664; x_wconf 87' lang='lat' dir='ltr'>relictum</span> <span class='ocrx_word' id='word_1_75' title='bbox 533 628 607 665; x_wconf 91' lang='lat' dir='ltr'>est.</span> <span class='ocrx_word' id='word_1_76' title='bbox 671 627 766 677; x_wconf 85' lang='lat' dir='ltr'>Ipse</span> <span class='ocrx_word' id='word_1_77' title='bbox 794 627 920 666; x_wconf 90' lang='lat' dir='ltr'>huius</span> <span class='ocrx_word' id='word_1_78' title='bbox 947 628 1157 668; x_wconf 88' lang='lat' dir='ltr'>tumultus</span> <span class='ocrx_word' id='word_1_79' title='bbox 1191 643 1277 668; x_wconf 92' lang='lat' dir='ltr'>non</span> <span class='ocrx_word' id='word_1_80' title='bbox 1307 632 1475 668; x_wconf 89' lang='lat' dir='ltr'>tantum</span> <span class='ocrx_word' id='word_1_81' title='bbox 1504 629 1624 668; x_wconf 87' lang='lat' dir='ltr'>testis</span> <span class='ocrx_word' id='word_1_82' title='bbox 1651 630 1723 668; x_wconf 91' lang='lat' dir='ltr'>sed</span> <span class='ocrx_word' id='word_1_83' title='bbox 1754 632 1796 668; x_wconf 85' lang='lat' dir='ltr'>et</span> <span class='ocrx_word' id='word_1_84' title='bbox 1823 642 1920 680; x_wconf 87' lang='lat' dir='ltr'>pars</span> 
     </span>
     <span class='ocr_line' id='line_1_14' title="bbox 311 678 1920 734; baseline 0.004 -18"><span class='ocrx_word' id='word_1_85' title='bbox 311 678 452 729; x_wconf 87' lang='lat' dir='ltr'>aliqua</span> <span class='ocrx_word' id='word_1_86' title='bbox 476 679 606 719; x_wconf 86' lang='lat' dir='ltr'>fuisti.</span> <span class='ocrx_word' id='word_1_87' title='bbox 665 681 752 720; x_wconf 90' lang='lat' dir='ltr'>Nec</span> <span class='ocrx_word' id='word_1_88' title='bbox 781 681 894 720; x_wconf 91' lang='lat' dir='ltr'>aliud</span> <span class='ocrx_word' id='word_1_89' title='bbox 924 683 1122 732; x_wconf 85' lang='lat' dir='ltr'>agebatur</span> <span class='ocrx_word' id='word_1_90' title='bbox 1151 686 1268 722; x_wconf 90' lang='lat' dir='ltr'>tanto</span> <span class='ocrx_word' id='word_1_91' title='bbox 1297 697 1436 722; x_wconf 89' lang='lat' dir='ltr'>rerum</span> <span class='ocrx_word' id='word_1_92' title='bbox 1466 684 1683 722; x_wconf 90' lang='lat' dir='ltr'>molimine</span> <span class='ocrx_word' id='word_1_93' title='bbox 1713 697 1838 734; x_wconf 86' lang='lat' dir='ltr'>quam</span> <span class='ocrx_word' id='word_1_94' title='bbox 1867 697 1920 723; x_wconf 91' lang='lat' dir='ltr'>ne</span> 
     </span>
     <span class='ocr_line' id='line_1_15' title="bbox 312 734 1920 789; baseline 0.004 -18"><span class='ocrx_word' id='word_1_95' title='bbox 312 734 406 783; x_wconf 91' lang='lat' dir='ltr'>quis</span> <span class='ocrx_word' id='word_1_96' title='bbox 424 734 687 783; x_wconf 84' lang='lat' dir='ltr'>politioribus</span> <span class='ocrx_word' id='word_1_97' title='bbox 706 735 839 774; x_wconf 87' lang='lat' dir='ltr'>literis</span> <span class='ocrx_word' id='word_1_98' title='bbox 857 737 1072 775; x_wconf 79' lang='lat' dir='ltr'>adiuuaret</span> <span class='ocrx_word' id='word_1_99' title='bbox 1091 738 1338 777; x_wconf 84' lang='lat' dir='ltr'>Academiae</span> <span class='ocrx_word' id='word_1_100' title='bbox 1357 738 1506 786; x_wconf 89' lang='lat' dir='ltr'>studia,</span> <span class='ocrx_word' id='word_1_101' title='bbox 1524 738 1769 788; x_wconf 88' lang='lat' dir='ltr'>praesertim</span> <span class='ocrx_word' id='word_1_102' title='bbox 1789 751 1920 789; x_wconf 90' lang='lat' dir='ltr'>quum</span> 
     </span>
     <span class='ocr_line' id='line_1_16' title="bbox 312 788 1921 842; baseline 0.003 -16"><span class='ocrx_word' id='word_1_103' title='bbox 312 791 354 826; x_wconf 90' lang='lat' dir='ltr'>et</span> <span class='ocrx_word' id='word_1_104' title='bbox 383 788 681 828; x_wconf 86' lang='lat' dir='ltr'>honestissima</span> <span class='ocrx_word' id='word_1_105' title='bbox 709 794 846 829; x_wconf 86' lang='lat' dir='ltr'>essent</span> <span class='ocrx_word' id='word_1_106' title='bbox 876 805 978 841; x_wconf 88' lang='lat' dir='ltr'>quae</span> <span class='ocrx_word' id='word_1_107' title='bbox 1008 791 1269 840; x_wconf 84' lang='lat' dir='ltr'>docebantur,</span> <span class='ocrx_word' id='word_1_108' title='bbox 1297 795 1337 831; x_wconf 93' lang='lat' dir='ltr'>et</span> <span class='ocrx_word' id='word_1_109' title='bbox 1366 794 1619 842; x_wconf 88' lang='lat' dir='ltr'>professores</span> <span class='ocrx_word' id='word_1_110' title='bbox 1648 794 1735 830; x_wconf 78' lang='lat' dir='ltr'>tam</span> <span class='ocrx_word' id='word_1_111' title='bbox 1765 793 1921 832; x_wconf 87' lang='lat' dir='ltr'>sanctis</span> 
     </span>
     <span class='ocr_line' id='line_1_17' title="bbox 311 844 1921 897; baseline 0.004 -17"><span class='ocrx_word' id='word_1_112' title='bbox 311 845 448 881; x_wconf 90' lang='lat' dir='ltr'>essent</span> <span class='ocrx_word' id='word_1_113' title='bbox 467 844 656 882; x_wconf 88' lang='lat' dir='ltr'>moribus</span> <span class='ocrx_word' id='word_1_114' title='bbox 677 847 717 884; x_wconf 91' lang='lat' dir='ltr'>et</span> <span class='ocrx_word' id='word_1_115' title='bbox 738 849 824 884; x_wconf 89' lang='lat' dir='ltr'>tam</span> <span class='ocrx_word' id='word_1_116' title='bbox 845 848 955 884; x_wconf 90' lang='lat' dir='ltr'>caste</span> <span class='ocrx_word' id='word_1_117' title='bbox 975 846 1273 895; x_wconf 83' lang='lat' dir='ltr'>profiterentur</span> <span class='ocrx_word' id='word_1_118' title='bbox 1288 849 1334 885; x_wconf 91' lang='lat' dir='ltr'>vt</span> <span class='ocrx_word' id='word_1_119' title='bbox 1348 847 1569 897; x_wconf 85' lang='lat' dir='ltr'>aliquoties</span> <span class='ocrx_word' id='word_1_120' title='bbox 1590 847 1633 885; x_wconf 90' lang='lat' dir='ltr'>in</span> <span class='ocrx_word' id='word_1_121' title='bbox 1654 847 1921 887; x_wconf 81' lang='lat' dir='ltr'>concionibus</span> 
     </span>
     <span class='ocr_line' id='line_1_18' title="bbox 310 897 1922 940; baseline 0.003 -5"><span class='ocrx_word' id='word_1_122' title='bbox 310 897 536 936; x_wconf 84' lang='lat' dir='ltr'>audiantur</span> <span class='ocrx_word' id='word_1_123' title='bbox 562 899 704 937; x_wconf 89' lang='lat' dir='ltr'>minus</span> <span class='ocrx_word' id='word_1_124' title='bbox 733 899 782 938; x_wconf 87' lang='lat' dir='ltr'>ad</span> <span class='ocrx_word' id='word_1_125' title='bbox 815 900 944 938; x_wconf 88' lang='lat' dir='ltr'>bonos</span> <span class='ocrx_word' id='word_1_126' title='bbox 973 913 1109 939; x_wconf 86' lang='lat' dir='ltr'>mores</span> <span class='ocrx_word' id='word_1_127' title='bbox 1137 900 1343 940; x_wconf 87' lang='lat' dir='ltr'>facientia.</span> <span class='ocrx_word' id='word_1_128' title='bbox 1403 902 1592 940; x_wconf 86' lang='lat' dir='ltr'>Lutetiae</span> <span class='ocrx_word' id='word_1_129' title='bbox 1620 900 1740 939; x_wconf 88' lang='lat' dir='ltr'>licuit</span> <span class='ocrx_word' id='word_1_130' title='bbox 1769 902 1922 940; x_wconf 87' lang='lat' dir='ltr'>Fausto</span> 
     </span>
     <span class='ocr_line' id='line_1_19' title="bbox 311 952 1920 1006; baseline 0.003 -17"><span class='ocrx_word' id='word_1_131' title='bbox 311 952 496 1001; x_wconf 86' lang='lat' dir='ltr'>profiteri</span> <span class='ocrx_word' id='word_1_132' title='bbox 517 953 724 1001; x_wconf 89' lang='lat' dir='ltr'>quoslibet</span> <span class='ocrx_word' id='word_1_133' title='bbox 743 956 896 1004; x_wconf 88' lang='lat' dir='ltr'>poetas,</span> <span class='ocrx_word' id='word_1_134' title='bbox 919 967 1051 1005; x_wconf 90' lang='lat' dir='ltr'>vsque</span> <span class='ocrx_word' id='word_1_135' title='bbox 1070 955 1122 992; x_wconf 90' lang='lat' dir='ltr'>ad</span> <span class='ocrx_word' id='word_1_136' title='bbox 1142 955 1310 994; x_wconf 89' lang='lat' dir='ltr'>naenias</span> <span class='ocrx_word' id='word_1_137' title='bbox 1331 956 1560 1005; x_wconf 84' lang='lat' dir='ltr'>Priapaeas,</span> <span class='ocrx_word' id='word_1_138' title='bbox 1578 956 1702 1006; x_wconf 90' lang='lat' dir='ltr'>idque</span> <span class='ocrx_word' id='word_1_139' title='bbox 1722 968 1849 1003; x_wconf 84' lang='lat' dir='ltr'>more,</span> <span class='ocrx_word' id='word_1_140' title='bbox 1868 968 1920 994; x_wconf 92' lang='lat' dir='ltr'>ne</span> 
     </span>
     <span class='ocr_line' id='line_1_20' title="bbox 311 1006 1923 1055; baseline 0.002 -11"><span class='ocrx_word' id='word_1_141' title='bbox 311 1006 412 1055; x_wconf 90' lang='lat' dir='ltr'>quid</span> <span class='ocrx_word' id='word_1_142' title='bbox 445 1007 559 1045; x_wconf 88' lang='lat' dir='ltr'>aliud</span> <span class='ocrx_word' id='word_1_143' title='bbox 592 1008 737 1055; x_wconf 89' lang='lat' dir='ltr'>dicam,</span> <span class='ocrx_word' id='word_1_144' title='bbox 771 1008 986 1047; x_wconf 83' lang='lat' dir='ltr'>Faustino.</span> <span class='ocrx_word' id='word_1_145' title='bbox 1057 1008 1232 1047; x_wconf 85' lang='lat' dir='ltr'>Louanii</span> <span class='ocrx_word' id='word_1_146' title='bbox 1265 1023 1351 1048; x_wconf 89' lang='lat' dir='ltr'>non</span> <span class='ocrx_word' id='word_1_147' title='bbox 1384 1010 1502 1048; x_wconf 88' lang='lat' dir='ltr'>licuit</span> <span class='ocrx_word' id='word_1_148' title='bbox 1536 1010 1698 1048; x_wconf 87' lang='lat' dir='ltr'>Neseno</span> <span class='ocrx_word' id='word_1_149' title='bbox 1732 1023 1923 1048; x_wconf 89' lang='lat' dir='ltr'>enarrare</span> 
     </span>
     <span class='ocr_line' id='line_1_21' title="bbox 312 1061 1923 1114; baseline 0.002 -16"><span class='ocrx_word' id='word_1_150' title='bbox 312 1061 619 1110; x_wconf 81' lang='lat' dir='ltr'>Geographiam</span> <span class='ocrx_word' id='word_1_151' title='bbox 633 1062 858 1111; x_wconf 87' lang='lat' dir='ltr'>Pomponii</span> <span class='ocrx_word' id='word_1_152' title='bbox 872 1063 1017 1101; x_wconf 90' lang='lat' dir='ltr'>Melae.</span> <span class='ocrx_word' id='word_1_153' title='bbox 1059 1063 1194 1102; x_wconf 88' lang='lat' dir='ltr'>Roma</span> <span class='ocrx_word' id='word_1_154' title='bbox 1204 1063 1309 1114; x_wconf 87' lang='lat' dir='ltr'>ipsa,</span> <span class='ocrx_word' id='word_1_155' title='bbox 1324 1064 1618 1110; x_wconf 80' lang='lat' dir='ltr'>Mediolanum,</span> <span class='ocrx_word' id='word_1_156' title='bbox 1633 1066 1679 1102; x_wconf 86' lang='lat' dir='ltr'>vt</span> <span class='ocrx_word' id='word_1_157' title='bbox 1692 1064 1741 1102; x_wconf 89' lang='lat' dir='ltr'>de</span> <span class='ocrx_word' id='word_1_158' title='bbox 1753 1063 1923 1102; x_wconf 87' lang='lat' dir='ltr'>caeteris</span> 
     </span>
     <span class='ocr_line' id='line_1_22' title="bbox 310 1116 1923 1168; baseline 0.003 -16"><span class='ocrx_word' id='word_1_159' title='bbox 310 1117 468 1153; x_wconf 90' lang='lat' dir='ltr'>taceam</span> <span class='ocrx_word' id='word_1_160' title='bbox 483 1116 723 1166; x_wconf 87' lang='lat' dir='ltr'>gymnasiis,</span> <span class='ocrx_word' id='word_1_161' title='bbox 738 1117 980 1167; x_wconf 86' lang='lat' dir='ltr'>ingentibus</span> <span class='ocrx_word' id='word_1_162' title='bbox 993 1118 1189 1167; x_wconf 89' lang='lat' dir='ltr'>praemiis</span> <span class='ocrx_word' id='word_1_163' title='bbox 1207 1118 1339 1157; x_wconf 91' lang='lat' dir='ltr'>ambit</span> <span class='ocrx_word' id='word_1_164' title='bbox 1358 1121 1398 1157; x_wconf 90' lang='lat' dir='ltr'>et</span> <span class='ocrx_word' id='word_1_165' title='bbox 1417 1122 1560 1157; x_wconf 91' lang='lat' dir='ltr'>euocat</span> <span class='ocrx_word' id='word_1_166' title='bbox 1579 1131 1649 1157; x_wconf 89' lang='lat' dir='ltr'>eos</span> <span class='ocrx_word' id='word_1_167' title='bbox 1668 1118 1739 1168; x_wconf 90' lang='lat' dir='ltr'>qui</span> <span class='ocrx_word' id='word_1_168' title='bbox 1758 1117 1923 1168; x_wconf 83' lang='lat' dir='ltr'>linguas</span> 
     </span>
     <span class='ocr_line' id='line_1_23' title="bbox 311 1169 1922 1221; baseline 0.002 -14"><span class='ocrx_word' id='word_1_169' title='bbox 311 1169 497 1208; x_wconf 89' lang='lat' dir='ltr'>doceant.</span> <span class='ocrx_word' id='word_1_170' title='bbox 569 1171 653 1209; x_wconf 85' lang='lat' dir='ltr'>Nos</span> <span class='ocrx_word' id='word_1_171' title='bbox 683 1171 899 1221; x_wconf 87' lang='lat' dir='ltr'>Trilingue</span> <span class='ocrx_word' id='word_1_172' title='bbox 927 1172 1162 1221; x_wconf 84' lang='lat' dir='ltr'>Collegium</span> <span class='ocrx_word' id='word_1_173' title='bbox 1190 1186 1240 1210; x_wconf 82' lang='lat' dir='ltr'>ex</span> <span class='ocrx_word' id='word_1_174' title='bbox 1268 1172 1558 1211; x_wconf 85' lang='lat' dir='ltr'>munificentia</span> <span class='ocrx_word' id='word_1_175' title='bbox 1578 1172 1922 1211; x_wconf 89' lang='lat' dir='ltr'>Buslidianorum</span> 
     </span>
    </p>
   </div>
   <div class='ocr_carea' id='block_1_6' title="bbox 278 1223 1923 1277">
    <p class='ocr_par' dir='ltr' id='par_1_7' title="bbox 278 1223 1923 1277">
     <span class='ocr_line' id='line_1_24' title="bbox 278 1223 1923 1277; baseline 0.002 -16"><span class='ocrx_word' id='word_1_176' title='bbox 278 1223 570 1271; x_wconf 89' lang='lat' dir='ltr'>-institutum,</span> <span class='ocrx_word' id='word_1_177' title='bbox 604 1238 688 1263; x_wconf 94' lang='lat' dir='ltr'>non</span> <span class='ocrx_word' id='word_1_178' title='bbox 718 1226 860 1265; x_wconf 91' lang='lat' dir='ltr'>minus</span> <span class='ocrx_word' id='word_1_179' title='bbox 889 1226 1082 1265; x_wconf 92' lang='lat' dir='ltr'>vtilitatis</span> <span class='ocrx_word' id='word_1_180' title='bbox 1110 1227 1336 1265; x_wconf 84' lang='lat' dir='ltr'>allaturum</span> <span class='ocrx_word' id='word_1_181' title='bbox 1369 1227 1487 1266; x_wconf 90' lang='lat' dir='ltr'>omni</span> <span class='ocrx_word' id='word_1_182' title='bbox 1520 1227 1661 1277; x_wconf 88' lang='lat' dir='ltr'>generi</span> <span class='ocrx_word' id='word_1_183' title='bbox 1689 1227 1923 1265; x_wconf 85' lang='lat' dir='ltr'>studiorum</span> 
     </span>
    </p>
   </div>
   <div class='ocr_carea' id='block_1_7' title="bbox 311 1280 1924 1765">
    <p class='ocr_par' dir='ltr' id='par_1_8' title="bbox 311 1280 1924 1548">
     <span class='ocr_line' id='line_1_25' title="bbox 312 1280 1924 1329; baseline 0.002 -13"><span class='ocrx_word' id='word_1_184' title='bbox 312 1291 440 1328; x_wconf 89' lang='lat' dir='ltr'>quam</span> <span class='ocrx_word' id='word_1_185' title='bbox 466 1280 703 1317; x_wconf 86' lang='lat' dir='ltr'>ornamenti</span> <span class='ocrx_word' id='word_1_186' title='bbox 729 1280 808 1318; x_wconf 90' lang='lat' dir='ltr'>toti</span> <span class='ocrx_word' id='word_1_187' title='bbox 837 1281 935 1319; x_wconf 90' lang='lat' dir='ltr'>huic</span> <span class='ocrx_word' id='word_1_188' title='bbox 966 1281 1116 1319; x_wconf 90' lang='lat' dir='ltr'>ditioni</span> <span class='ocrx_word' id='word_1_189' title='bbox 1147 1281 1373 1329; x_wconf 82' lang='lat' dir='ltr'>Caesareae,</span> <span class='ocrx_word' id='word_1_190' title='bbox 1403 1281 1460 1320; x_wconf 89' lang='lat' dir='ltr'>sic</span> <span class='ocrx_word' id='word_1_191' title='bbox 1490 1281 1696 1320; x_wconf 88' lang='lat' dir='ltr'>machinis</span> <span class='ocrx_word' id='word_1_192' title='bbox 1725 1280 1924 1319; x_wconf 83' lang='lat' dir='ltr'>omnibus</span> 
     </span>
     <span class='ocr_line' id='line_1_26' title="bbox 312 1333 1923 1386; baseline 0.002 -16"><span class='ocrx_word' id='word_1_193' title='bbox 312 1333 647 1382; x_wconf 88' lang='lat' dir='ltr'>oppugnauimus</span> <span class='ocrx_word' id='word_1_194' title='bbox 666 1336 713 1372; x_wconf 89' lang='lat' dir='ltr'>vt</span> <span class='ocrx_word' id='word_1_195' title='bbox 733 1335 889 1373; x_wconf 86' lang='lat' dir='ltr'>maiore</span> <span class='ocrx_word' id='word_1_196' title='bbox 909 1335 1048 1374; x_wconf 91' lang='lat' dir='ltr'>studio</span> <span class='ocrx_word' id='word_1_197' title='bbox 1075 1335 1166 1373; x_wconf 88' lang='lat' dir='ltr'>fieri</span> <span class='ocrx_word' id='word_1_198' title='bbox 1192 1349 1279 1374; x_wconf 93' lang='lat' dir='ltr'>non</span> <span class='ocrx_word' id='word_1_199' title='bbox 1306 1336 1501 1386; x_wconf 86' lang='lat' dir='ltr'>potuerit.</span> <span class='ocrx_word' id='word_1_200' title='bbox 1558 1336 1613 1374; x_wconf 91' lang='lat' dir='ltr'>Et</span> <span class='ocrx_word' id='word_1_201' title='bbox 1641 1338 1783 1374; x_wconf 87' lang='lat' dir='ltr'>tamen</span> <span class='ocrx_word' id='word_1_202' title='bbox 1811 1334 1923 1373; x_wconf 87' lang='lat' dir='ltr'>haud</span> 
     </span>
     <span class='ocr_line' id='line_1_27' title="bbox 311 1387 1923 1439; baseline 0.002 -15"><span class='ocrx_word' id='word_1_203' title='bbox 311 1387 396 1425; x_wconf 89' lang='lat' dir='ltr'>scio</span> <span class='ocrx_word' id='word_1_204' title='bbox 424 1400 478 1425; x_wconf 91' lang='lat' dir='ltr'>an</span> <span class='ocrx_word' id='word_1_205' title='bbox 506 1401 684 1437; x_wconf 89' lang='lat' dir='ltr'>vsquam</span> <span class='ocrx_word' id='word_1_206' title='bbox 711 1390 903 1439; x_wconf 90' lang='lat' dir='ltr'>gentium</span> <span class='ocrx_word' id='word_1_207' title='bbox 932 1390 1066 1439; x_wconf 85' lang='lat' dir='ltr'>magis</span> <span class='ocrx_word' id='word_1_208' title='bbox 1095 1389 1355 1429; x_wconf 88' lang='lat' dir='ltr'>inualescant</span> <span class='ocrx_word' id='word_1_209' title='bbox 1384 1390 1528 1428; x_wconf 89' lang='lat' dir='ltr'>literae</span> <span class='ocrx_word' id='word_1_210' title='bbox 1556 1390 1768 1439; x_wconf 84' lang='lat' dir='ltr'>politiores</span> <span class='ocrx_word' id='word_1_211' title='bbox 1797 1402 1923 1439; x_wconf 87' lang='lat' dir='ltr'>quam</span> 
     </span>
     <span class='ocr_line' id='line_1_28' title="bbox 312 1441 1923 1492; baseline 0.002 -13"><span class='ocrx_word' id='word_1_212' title='bbox 312 1441 380 1479; x_wconf 86' lang='lat' dir='ltr'>hic</span> <span class='ocrx_word' id='word_1_213' title='bbox 396 1454 405 1487; x_wconf 93' lang='lat'>;</span> <span class='ocrx_word' id='word_1_214' title='bbox 434 1443 479 1480; x_wconf 86' lang='lat' dir='ltr'>vt</span> <span class='ocrx_word' id='word_1_215' title='bbox 500 1442 620 1492; x_wconf 87' lang='lat' dir='ltr'>plane</span> <span class='ocrx_word' id='word_1_216' title='bbox 642 1442 748 1481; x_wconf 87' lang='lat' dir='ltr'>mihi</span> <span class='ocrx_word' id='word_1_217' title='bbox 768 1443 909 1481; x_wconf 88' lang='lat' dir='ltr'>videre</span> <span class='ocrx_word' id='word_1_218' title='bbox 928 1444 1069 1482; x_wconf 89' lang='lat' dir='ltr'>videar</span> <span class='ocrx_word' id='word_1_219' title='bbox 1088 1444 1194 1483; x_wconf 90' lang='lat' dir='ltr'>illud</span> <span class='ocrx_word' id='word_1_220' title='bbox 1216 1444 1508 1492; x_wconf 87' lang='lat' dir='ltr'>Horatianum,</span> <span class='ocrx_word' id='word_1_221' title='bbox 1529 1444 1672 1482; x_wconf 87' lang='lat' dir='ltr'>‘Duris</span> <span class='ocrx_word' id='word_1_222' title='bbox 1691 1446 1737 1483; x_wconf 86' lang='lat' dir='ltr'>vt</span> <span class='ocrx_word' id='word_1_223' title='bbox 1758 1444 1842 1482; x_wconf 79' lang='lat' dir='ltr'>ilex</span> <span class='ocrx_word' id='word_1_224' title='bbox 1855 1445 1864 1459; x_wconf 80' lang='lat'><strong><em>⁹</em></strong></span> <span class='ocrx_word' id='word_1_225' title='bbox 1880 1445 1923 1482; x_wconf 87' lang='lat' dir='ltr'>et</span> 
     </span>
     <span class='ocr_line' id='line_1_29' title="bbox 313 1498 1030 1548; baseline 0.004 -15"><span class='ocrx_word' id='word_1_226' title='bbox 313 1498 470 1534; x_wconf 87' lang='lat' dir='ltr'>caetera</span> <span class='ocrx_word' id='word_1_227' title='bbox 486 1510 494 1534; x_wconf 92' lang='lat'><strong>:</strong></span> <span class='ocrx_word' id='word_1_228' title='bbox 525 1509 623 1535; x_wconf 90' lang='lat' dir='ltr'>nam</span> <span class='ocrx_word' id='word_1_229' title='bbox 643 1510 808 1535; x_wconf 86' lang='lat' dir='ltr'>carmen</span> <span class='ocrx_word' id='word_1_230' title='bbox 828 1499 1030 1548; x_wconf 89' lang='lat' dir='ltr'>agnoscis.</span> 
     </span>
    </p>

    <p class='ocr_par' dir='ltr' id='par_1_9' title="bbox 312 1550 1924 1765">
     <span class='ocr_line' id='line_1_30' title="bbox 368 1550 1922 1602; baseline 0.001 -15"><span class='ocrx_word' id='word_1_231' title='bbox 368 1550 500 1588; x_wconf 90' lang='lat' dir='ltr'>Porro</span> <span class='ocrx_word' id='word_1_232' title='bbox 521 1552 628 1600; x_wconf 86' lang='lat' dir='ltr'>quod</span> <span class='ocrx_word' id='word_1_233' title='bbox 650 1552 797 1590; x_wconf 89' lang='lat' dir='ltr'>scribis</span> <span class='ocrx_word' id='word_1_234' title='bbox 818 1553 910 1591; x_wconf 85' lang='lat' dir='ltr'>istic</span> <span class='ocrx_word' id='word_1_235' title='bbox 930 1553 1147 1602; x_wconf 86' lang='lat' dir='ltr'>plerosque</span> <span class='ocrx_word' id='word_1_236' title='bbox 1166 1555 1252 1591; x_wconf 84' lang='lat' dir='ltr'>tam</span> <span class='ocrx_word' id='word_1_237' title='bbox 1267 1553 1488 1602; x_wconf 86' lang='lat' dir='ltr'>magnifice</span> <span class='ocrx_word' id='word_1_238' title='bbox 1503 1553 1656 1590; x_wconf 87' lang='lat' dir='ltr'>sentire</span> <span class='ocrx_word' id='word_1_239' title='bbox 1672 1553 1720 1591; x_wconf 91' lang='lat' dir='ltr'>de</span> <span class='ocrx_word' id='word_1_240' title='bbox 1735 1551 1922 1591; x_wconf 87' lang='lat' dir='ltr'>lucubra-</span> 
     </span>
     <span class='ocr_line' id='line_1_31' title="bbox 312 1603 1919 1657; baseline 0.002 -16"><span class='ocrx_word' id='word_1_241' title='bbox 312 1603 497 1643; x_wconf 88' lang='lat' dir='ltr'>tionibus</span> <span class='ocrx_word' id='word_1_242' title='bbox 517 1606 634 1653; x_wconf 87' lang='lat' dir='ltr'>meis,</span> <span class='ocrx_word' id='word_1_243' title='bbox 653 1606 844 1656; x_wconf 87' lang='lat' dir='ltr'>equidem</span> <span class='ocrx_word' id='word_1_244' title='bbox 864 1609 910 1644; x_wconf 90' lang='lat' dir='ltr'>vt</span> <span class='ocrx_word' id='word_1_245' title='bbox 930 1620 1106 1657; x_wconf 87' lang='lat' dir='ltr'>agnosco</span> <span class='ocrx_word' id='word_1_246' title='bbox 1127 1607 1346 1645; x_wconf 89' lang='lat' dir='ltr'>candorem</span> <span class='ocrx_word' id='word_1_247' title='bbox 1369 1607 1551 1646; x_wconf 84' lang='lat' dir='ltr'>Gallicae</span> <span class='ocrx_word' id='word_1_248' title='bbox 1571 1607 1707 1657; x_wconf 89' lang='lat' dir='ltr'>gentis</span> <span class='ocrx_word' id='word_1_249' title='bbox 1726 1619 1821 1656; x_wconf 88' lang='lat' dir='ltr'>erga</span> <span class='ocrx_word' id='word_1_250' title='bbox 1840 1619 1919 1653; x_wconf 90' lang='lat' dir='ltr'>me,</span> 
     </span>
     <span class='ocr_line' id='line_1_32' title="bbox 314 1658 1918 1700; baseline 0.001 -4"><span class='ocrx_word' id='word_1_251' title='bbox 314 1658 374 1696; x_wconf 87' lang='lat' dir='ltr'>ita</span> <span class='ocrx_word' id='word_1_252' title='bbox 392 1672 535 1697; x_wconf 86' lang='lat' dir='ltr'>vereor</span> <span class='ocrx_word' id='word_1_253' title='bbox 557 1673 609 1697; x_wconf 92' lang='lat' dir='ltr'>ne</span> <span class='ocrx_word' id='word_1_254' title='bbox 635 1661 704 1698; x_wconf 91' lang='lat' dir='ltr'>hic</span> <span class='ocrx_word' id='word_1_255' title='bbox 731 1674 830 1699; x_wconf 89' lang='lat' dir='ltr'>sane</span> <span class='ocrx_word' id='word_1_256' title='bbox 858 1661 1053 1699; x_wconf 88' lang='lat' dir='ltr'>nonnihil</span> <span class='ocrx_word' id='word_1_257' title='bbox 1079 1662 1129 1699; x_wconf 89' lang='lat' dir='ltr'>de</span> <span class='ocrx_word' id='word_1_258' title='bbox 1155 1664 1229 1699; x_wconf 92' lang='lat' dir='ltr'>tuo</span> <span class='ocrx_word' id='word_1_259' title='bbox 1258 1662 1302 1699; x_wconf 90' lang='lat' dir='ltr'>in</span> <span class='ocrx_word' id='word_1_260' title='bbox 1332 1675 1399 1699; x_wconf 90' lang='lat' dir='ltr'>me</span> <span class='ocrx_word' id='word_1_261' title='bbox 1428 1661 1567 1699; x_wconf 88' lang='lat' dir='ltr'>studio</span> <span class='ocrx_word' id='word_1_262' title='bbox 1596 1662 1653 1700; x_wconf 85' lang='lat' dir='ltr'>sis</span> <span class='ocrx_word' id='word_1_263' title='bbox 1681 1661 1918 1700; x_wconf 87' lang='lat' dir='ltr'>admensus.</span> 
     </span>
     <span class='ocr_line' id='line_1_33' title="bbox 312 1713 1924 1765; baseline 0.002 -15"><span class='ocrx_word' id='word_1_264' title='bbox 312 1713 376 1750; x_wconf 87' lang='lat' dir='ltr'>Ac</span> <span class='ocrx_word' id='word_1_265' title='bbox 388 1727 531 1751; x_wconf 89' lang='lat' dir='ltr'>vereor</span> <span class='ocrx_word' id='word_1_266' title='bbox 545 1727 597 1752; x_wconf 91' lang='lat' dir='ltr'>ne</span> <span class='ocrx_word' id='word_1_267' title='bbox 613 1715 778 1764; x_wconf 87' lang='lat' dir='ltr'>quando</span> <span class='ocrx_word' id='word_1_268' title='bbox 792 1716 1000 1764; x_wconf 84' lang='lat' dir='ltr'>poeniteat</span> <span class='ocrx_word' id='word_1_269' title='bbox 1012 1729 1080 1754; x_wconf 90' lang='lat' dir='ltr'>me</span> <span class='ocrx_word' id='word_1_270' title='bbox 1095 1719 1256 1765; x_wconf 86' lang='lat' dir='ltr'>spretae</span> <span class='ocrx_word' id='word_1_271' title='bbox 1273 1715 1432 1754; x_wconf 83' lang='lat' dir='ltr'>Galliae</span> <span class='ocrx_word' id='word_1_272' title='bbox 1448 1716 1572 1754; x_wconf 79' lang='lat' dir='ltr'>toties</span> <span class='ocrx_word' id='word_1_273' title='bbox 1588 1718 1675 1754; x_wconf 83' lang='lat' dir='ltr'>tam</span> <span class='ocrx_word' id='word_1_274' title='bbox 1692 1714 1924 1764; x_wconf 80' lang='lat' dir='ltr'>magnificis</span> 
     </span>
    </p>
   </div>
   <div class='ocr_carea' id='block_1_8' title="bbox 275 1767 1921 1819">
    <p class='ocr_par' dir='ltr' id='par_1_10' title="bbox 275 1767 1921 1819">
     <span class='ocr_line' id='line_1_34' title="bbox 275 1767 1921 1819; baseline 0.001 -15"><span class='ocrx_word' id='word_1_275' title='bbox 275 1784 292 1814; x_wconf 82' lang='lat'>5</span> <span class='ocrx_word' id='word_1_276' title='bbox 312 1767 622 1806; x_wconf 89' lang='lat' dir='ltr'>conditionibus</span> <span class='ocrx_word' id='word_1_277' title='bbox 641 1769 690 1807; x_wconf 91' lang='lat' dir='ltr'>ad</span> <span class='ocrx_word' id='word_1_278' title='bbox 712 1782 756 1807; x_wconf 90' lang='lat' dir='ltr'>se</span> <span class='ocrx_word' id='word_1_279' title='bbox 770 1772 1045 1818; x_wconf 84' lang='lat' dir='ltr'>prouocantis.</span> <span class='ocrx_word' id='word_1_280' title='bbox 1092 1769 1172 1808; x_wconf 85' lang='lat' dir='ltr'>Sed</span> <span class='ocrx_word' id='word_1_281' title='bbox 1190 1770 1326 1808; x_wconf 91' lang='lat' dir='ltr'>nescio</span> <span class='ocrx_word' id='word_1_282' title='bbox 1342 1768 1494 1819; x_wconf 89' lang='lat' dir='ltr'>quibus</span> <span class='ocrx_word' id='word_1_283' title='bbox 1508 1770 1664 1819; x_wconf 90' lang='lat' dir='ltr'>pedicis</span> <span class='ocrx_word' id='word_1_284' title='bbox 1679 1770 1747 1807; x_wconf 89' lang='lat' dir='ltr'>hic</span> <span class='ocrx_word' id='word_1_285' title='bbox 1762 1769 1921 1818; x_wconf 86' lang='lat' dir='ltr'>alligor,</span> 
     </span>
    </p>
   </div>
   <div class='ocr_carea' id='block_1_9' title="bbox 312 1822 1924 1874">
    <p class='ocr_par' dir='ltr' id='par_1_11' title="bbox 312 1822 1924 1874">
     <span class='ocr_line' id='line_1_35' title="bbox 312 1822 1924 1874; baseline 0.002 -15"><span class='ocrx_word' id='word_1_286' title='bbox 312 1823 436 1871; x_wconf 88' lang='lat' dir='ltr'>atque</span> <span class='ocrx_word' id='word_1_287' title='bbox 457 1822 509 1860; x_wconf 90' lang='lat' dir='ltr'>ab</span> <span class='ocrx_word' id='word_1_288' title='bbox 529 1822 596 1860; x_wconf 89' lang='lat' dir='ltr'>his</span> <span class='ocrx_word' id='word_1_289' title='bbox 614 1823 883 1872; x_wconf 84' lang='lat' dir='ltr'>potissimum</span> <span class='ocrx_word' id='word_1_290' title='bbox 903 1825 1084 1862; x_wconf 83' lang='lat' dir='ltr'>retineor</span> <span class='ocrx_word' id='word_1_291' title='bbox 1103 1837 1281 1874; x_wconf 87' lang='lat' dir='ltr'>quorum</span> <span class='ocrx_word' id='word_1_292' title='bbox 1303 1824 1409 1862; x_wconf 91' lang='lat' dir='ltr'>odiis</span> <span class='ocrx_word' id='word_1_293' title='bbox 1423 1824 1574 1874; x_wconf 76' lang='lat' dir='ltr'>expelli</span> <span class='ocrx_word' id='word_1_294' title='bbox 1589 1827 1785 1874; x_wconf 86' lang='lat' dir='ltr'>poteram.</span> <span class='ocrx_word' id='word_1_295' title='bbox 1828 1823 1924 1862; x_wconf 85' lang='lat' dir='ltr'>Non</span> 
     </span>
    </p>
   </div>
   <div class='ocr_carea' id='block_1_10' title="bbox 315 1958 962 2042">
    <p class='ocr_par' dir='ltr' id='par_1_12' title="bbox 315 1958 962 2042">
     <span class='ocr_line' id='line_1_36' title="bbox 358 1958 962 1998; baseline 0.005 -11"><span class='ocrx_word' id='word_1_296' title='bbox 358 1966 410 1995; x_wconf 88' lang='lat'>52.</span> <span class='ocrx_word' id='word_1_297' title='bbox 437 1958 572 1988; x_wconf 83' lang='lat' dir='ltr'>auxilio</span> <span class='ocrx_word' id='word_1_298' title='bbox 588 1961 635 1988; x_wconf 87' lang='lat' dir='ltr'>F:</span> <span class='ocrx_word' id='word_1_299' title='bbox 659 1959 702 1989; x_wconf 86' lang='lat' dir='ltr'>ad</span> <span class='ocrx_word' id='word_1_300' title='bbox 722 1959 904 1998; x_wconf 84' lang='lat' dir='ltr'>suppetias</span> <span class='ocrx_word' id='word_1_301' title='bbox 920 1963 962 1991; x_wconf 87' lang='lat' dir='ltr'>H.</span> 
     </span>
     <span class='ocr_line' id='line_1_37' title="bbox 315 2004 781 2042; baseline 0.004 -11"><span class='ocrx_word' id='word_1_302' title='bbox 315 2010 439 2031; x_wconf 85' lang='lat' dir='ltr'>vereor</span> <span class='ocrx_word' id='word_1_303' title='bbox 454 2004 504 2032; x_wconf 77' lang='lat' dir='ltr'>F:</span> <span class='ocrx_word' id='word_1_304' title='bbox 530 2004 722 2042; x_wconf 88' lang='lat' dir='ltr'>metuoque</span> <span class='ocrx_word' id='word_1_305' title='bbox 739 2005 781 2034; x_wconf 87' lang='lat' dir='ltr'>H.</span> 
     </span>
    </p>
   </div>
   <div class='ocr_carea' id='block_1_11' title="bbox 1119 1961 1925 2002">
    <p class='ocr_par' dir='ltr' id='par_1_13' title="bbox 1119 1961 1925 2002">
     <span class='ocr_line' id='line_1_38' title="bbox 1119 1961 1925 2002; baseline -0.001 -8"><span class='ocrx_word' id='word_1_306' title='bbox 1119 1971 1171 2002; x_wconf 86' lang='lat'>59.</span> <span class='ocrx_word' id='word_1_307' title='bbox 1197 1962 1329 1994; x_wconf 76' lang='lat' dir='ltr'>Fausto</span> <span class='ocrx_word' id='word_1_308' title='bbox 1344 1965 1398 1994; x_wconf 88' lang='lat' dir='ltr'>H:</span> <span class='ocrx_word' id='word_1_309' title='bbox 1422 1963 1593 1994; x_wconf 84' lang='lat' dir='ltr'>Faustum</span> <span class='ocrx_word' id='word_1_310' title='bbox 1614 1966 1647 1995; x_wconf 84' lang='lat' dir='ltr'>F.</span> <span class='ocrx_word' id='word_1_311' title='bbox 1794 1972 1844 2000; x_wconf 88' lang='lat'>74.</span> <span class='ocrx_word' id='word_1_312' title='bbox 1873 1961 1925 1993; x_wconf 85' lang='lat' dir='ltr'>Ac</span> 
     </span>
    </p>
   </div>
   <div class='ocr_carea' id='block_1_12' title="bbox 315 2114 1089 3070">
    <p class='ocr_par' dir='ltr' id='par_1_14' title="bbox 315 2114 1084 2371">
     <span class='ocr_line' id='line_1_39' title="bbox 358 2114 1082 2155; baseline 0.003 -11"><span class='ocrx_word' id='word_1_313' title='bbox 358 2122 411 2152; x_wconf 78' lang='lat'>54.</span> <span class='ocrx_word' id='word_1_314' title='bbox 439 2123 522 2153; x_wconf 82' lang='lat' dir='ltr'>pars</span> <span class='ocrx_word' id='word_1_315' title='bbox 538 2114 676 2155; x_wconf 83' lang='lat' dir='ltr'>aliqua]</span> <span class='ocrx_word' id='word_1_316' title='bbox 695 2115 746 2146; x_wconf 88' lang='lat' dir='ltr'>Cf.</span> <span class='ocrx_word' id='word_1_317' title='bbox 768 2115 832 2155; x_wconf 87' lang='lat' dir='ltr'>Ep.</span> <span class='ocrx_word' id='word_1_318' title='bbox 853 2124 934 2154; x_wconf 88' lang='lat'>1057</span> <span class='ocrx_word' id='word_1_319' title='bbox 948 2115 1082 2146; x_wconf 77' lang='lat' dir='ltr'>inti-od.</span> 
     </span>
     <span class='ocr_line' id='line_1_40' title="bbox 316 2155 1082 2198; baseline 0.004 -12"><span class='ocrx_word' id='word_1_320' title='bbox 316 2155 384 2187; x_wconf 89' lang='lat' dir='ltr'>For</span> <span class='ocrx_word' id='word_1_321' title='bbox 399 2158 550 2188; x_wconf 83' lang='lat' dir='ltr'>another</span> <span class='ocrx_word' id='word_1_322' title='bbox 566 2160 711 2198; x_wconf 82' lang='lat' dir='ltr'>matter,</span> <span class='ocrx_word' id='word_1_323' title='bbox 730 2160 864 2198; x_wconf 83' lang='lat' dir='ltr'>arising</span> <span class='ocrx_word' id='word_1_324' title='bbox 881 2162 943 2189; x_wconf 83' lang='lat' dir='ltr'>out</span> <span class='ocrx_word' id='word_1_325' title='bbox 960 2159 998 2189; x_wconf 91' lang='lat' dir='ltr'>of</span> <span class='ocrx_word' id='word_1_326' title='bbox 1019 2160 1082 2189; x_wconf 85' lang='lat' dir='ltr'>the</span> 
     </span>
     <span class='ocr_line' id='line_1_41' title="bbox 316 2200 1083 2242; baseline 0.004 -12"><span class='ocrx_word' id='word_1_327' title='bbox 316 2200 531 2241; x_wconf 84' lang='lat' dir='ltr'>University</span> <span class='ocrx_word' id='word_1_328' title='bbox 558 2203 727 2242; x_wconf 84' lang='lat' dir='ltr'>troubles,</span> <span class='ocrx_word' id='word_1_329' title='bbox 756 2203 794 2232; x_wconf 92' lang='lat' dir='ltr'>in</span> <span class='ocrx_word' id='word_1_330' title='bbox 826 2202 948 2233; x_wconf 91' lang='lat' dir='ltr'>which</span> <span class='ocrx_word' id='word_1_331' title='bbox 975 2203 1083 2233; x_wconf 78' lang='lat' dir='ltr'>Vives</span> 
     </span>
     <span class='ocr_line' id='line_1_42' title="bbox 315 2243 1084 2286; baseline 0.005 -13"><span class='ocrx_word' id='word_1_332' title='bbox 315 2243 387 2274; x_wconf 85' lang='lat' dir='ltr'>had</span> <span class='ocrx_word' id='word_1_333' title='bbox 411 2254 458 2275; x_wconf 90' lang='lat' dir='ltr'>no</span> <span class='ocrx_word' id='word_1_334' title='bbox 481 2245 594 2276; x_wconf 86' lang='lat' dir='ltr'>doubt</span> <span class='ocrx_word' id='word_1_335' title='bbox 616 2246 722 2276; x_wconf 84' lang='lat' dir='ltr'>taken</span> <span class='ocrx_word' id='word_1_336' title='bbox 739 2248 832 2286; x_wconf 86' lang='lat' dir='ltr'>part,</span> <span class='ocrx_word' id='word_1_337' title='bbox 851 2246 1008 2286; x_wconf 81' lang='lat' dir='ltr'>through</span> <span class='ocrx_word' id='word_1_338' title='bbox 1026 2247 1084 2277; x_wconf 89' lang='lat' dir='ltr'>his</span> 
     </span>
     <span class='ocr_line' id='line_1_43' title="bbox 316 2287 1083 2329; baseline 0.004 -12"><span class='ocrx_word' id='word_1_339' title='bbox 316 2287 469 2318; x_wconf 88' lang='lat' dir='ltr'>relation</span> <span class='ocrx_word' id='word_1_340' title='bbox 501 2289 593 2319; x_wconf 87' lang='lat' dir='ltr'>with</span> <span class='ocrx_word' id='word_1_341' title='bbox 619 2290 789 2321; x_wconf 81' lang='lat' dir='ltr'>Cardinal</span> <span class='ocrx_word' id='word_1_342' title='bbox 820 2290 925 2329; x_wconf 70' lang='lat' dir='ltr'>(Ji-oy,</span> <span class='ocrx_word' id='word_1_343' title='bbox 950 2300 1008 2321; x_wconf 80' lang='lat' dir='ltr'>see</span> <span class='ocrx_word' id='word_1_344' title='bbox 1039 2290 1083 2320; x_wconf 87' lang='lat' dir='ltr'>de</span> 
     </span>
     <span class='ocr_line' id='line_1_44' title="bbox 315 2330 605 2371; baseline 0.01 -11"><span class='ocrx_word' id='word_1_345' title='bbox 315 2330 337 2361; x_wconf 84' lang='lat' dir='ltr'>J</span> <span class='ocrx_word' id='word_1_346' title='bbox 340 2332 433 2370; x_wconf 89' lang='lat' dir='ltr'>ongh</span> <span class='ocrx_word' id='word_1_347' title='bbox 451 2342 483 2371; x_wconf 92' lang='lat' dir='ltr'>p.</span> <span class='ocrx_word' id='word_1_348' title='bbox 504 2332 605 2364; x_wconf 74' lang='lat' dir='ltr'>20*n.</span> 
     </span>
    </p>

    <p class='ocr_par' dir='ltr' id='par_1_15' title="bbox 316 2375 1089 3070">
     <span class='ocr_line' id='line_1_45' title="bbox 359 2375 1084 2418; baseline 0.004 -14"><span class='ocrx_word' id='word_1_349' title='bbox 359 2375 412 2413; x_wconf 83' lang='lat'>58.</span> <span class='ocrx_word' id='word_1_350' title='bbox 440 2376 479 2405; x_wconf 91' lang='lat' dir='ltr'>in</span> <span class='ocrx_word' id='word_1_351' title='bbox 510 2377 757 2418; x_wconf 75' lang='lat' dir='ltr'>concionibus]</span> <span class='ocrx_word' id='word_1_352' title='bbox 792 2377 859 2408; x_wconf 85' lang='lat' dir='ltr'>For</span> <span class='ocrx_word' id='word_1_353' title='bbox 883 2377 945 2408; x_wconf 89' lang='lat' dir='ltr'>the</span> <span class='ocrx_word' id='word_1_354' title='bbox 968 2387 1084 2407; x_wconf 85' lang='lat' dir='ltr'>amaz-</span> 
     </span>
     <span class='ocr_line' id='line_1_46' title="bbox 316 2418 1082 2461; baseline 0.005 -14"><span class='ocrx_word' id='word_1_355' title='bbox 316 2418 378 2457; x_wconf 84' lang='lat' dir='ltr'>ing</span> <span class='ocrx_word' id='word_1_356' title='bbox 407 2418 549 2450; x_wconf 83' lang='lat' dir='ltr'>devices</span> <span class='ocrx_word' id='word_1_357' title='bbox 584 2421 775 2461; x_wconf 85' lang='lat' dir='ltr'>employed</span> <span class='ocrx_word' id='word_1_358' title='bbox 807 2422 853 2460; x_wconf 88' lang='lat' dir='ltr'>by</span> <span class='ocrx_word' id='word_1_359' title='bbox 882 2421 1082 2460; x_wconf 80' lang='lat' dir='ltr'>preachers,</span> 
     </span>
     <span class='ocr_line' id='line_1_47' title="bbox 317 2462 1085 2504; baseline 0.005 -14"><span class='ocrx_word' id='word_1_360' title='bbox 317 2462 509 2502; x_wconf 82' lang='lat' dir='ltr'>especially</span> <span class='ocrx_word' id='word_1_361' title='bbox 525 2465 562 2494; x_wconf 84' lang='lat' dir='ltr'>at</span> <span class='ocrx_word' id='word_1_362' title='bbox 580 2464 715 2503; x_wconf 86' lang='lat' dir='ltr'>Easter,</span> <span class='ocrx_word' id='word_1_363' title='bbox 734 2466 770 2495; x_wconf 90' lang='lat' dir='ltr'>to</span> <span class='ocrx_word' id='word_1_364' title='bbox 787 2467 919 2495; x_wconf 79' lang='lat' dir='ltr'>attract</span> <span class='ocrx_word' id='word_1_365' title='bbox 934 2465 1085 2504; x_wconf 83' lang='lat' dir='ltr'>popular</span> 
     </span>
     <span class='ocr_line' id='line_1_48' title="bbox 316 2507 1085 2546; baseline 0.004 -11"><span class='ocrx_word' id='word_1_366' title='bbox 316 2507 498 2537; x_wconf 87' lang='lat' dir='ltr'>attention</span> <span class='ocrx_word' id='word_1_367' title='bbox 521 2507 593 2537; x_wconf 88' lang='lat' dir='ltr'>and</span> <span class='ocrx_word' id='word_1_368' title='bbox 617 2507 671 2538; x_wconf 89' lang='lat' dir='ltr'>fill</span> <span class='ocrx_word' id='word_1_369' title='bbox 695 2508 793 2539; x_wconf 89' lang='lat' dir='ltr'>their</span> <span class='ocrx_word' id='word_1_370' title='bbox 817 2507 1002 2546; x_wconf 77' lang='lat' dir='ltr'>churches,</span> <span class='ocrx_word' id='word_1_371' title='bbox 1029 2517 1085 2538; x_wconf 87' lang='lat' dir='ltr'>see</span> 
     </span>
     <span class='ocr_line' id='line_1_49' title="bbox 317 2548 1082 2591; baseline 0.004 -12"><span class='ocrx_word' id='word_1_372' title='bbox 317 2548 621 2589; x_wconf 86' lang='lat' dir='ltr'>Oecolampadius’</span> <span class='ocrx_word' id='word_1_373' title='bbox 638 2555 680 2581; x_wconf 80' lang='lat' dir='ltr'>De</span> <span class='ocrx_word' id='word_1_374' title='bbox 703 2554 772 2582; x_wconf 77' lang='lat' dir='ltr'>risu</span> <span class='ocrx_word' id='word_1_375' title='bbox 795 2554 950 2591; x_wconf 73' lang='grc' dir='ltr'><strong><em>ΡαεσΙιαῖῑ,</em></strong></span> <span class='ocrx_word' id='word_1_376' title='bbox 968 2552 1082 2590; x_wconf 76' lang='lat' dir='ltr'>Basle,</span> 
     </span>
     <span class='ocr_line' id='line_1_50' title="bbox 317 2592 1082 2635; baseline 0.004 -13"><span class='ocrx_word' id='word_1_377' title='bbox 317 2592 467 2633; x_wconf 87' lang='lat' dir='ltr'>Froben,</span> <span class='ocrx_word' id='word_1_378' title='bbox 498 2595 590 2632; x_wconf 89' lang='lat'>1518.</span> <span class='ocrx_word' id='word_1_379' title='bbox 638 2595 793 2635; x_wconf 83' lang='lat' dir='ltr'>Capito’s</span> <span class='ocrx_word' id='word_1_380' title='bbox 820 2596 959 2635; x_wconf 87' lang='lat' dir='ltr'>preface</span> <span class='ocrx_word' id='word_1_381' title='bbox 983 2598 1020 2626; x_wconf 90' lang='lat' dir='ltr'>to</span> <span class='ocrx_word' id='word_1_382' title='bbox 1043 2596 1082 2634; x_wconf 87' lang='lat' dir='ltr'>it,</span> 
     </span>
     <span class='ocr_line' id='line_1_51' title="bbox 320 2636 1085 2678; baseline 0.003 -12"><span class='ocrx_word' id='word_1_383' title='bbox 320 2645 359 2675; x_wconf 91' lang='lat'>19</span> <span class='ocrx_word' id='word_1_384' title='bbox 380 2636 486 2676; x_wconf 87' lang='lat' dir='ltr'>April</span> <span class='ocrx_word' id='word_1_385' title='bbox 512 2638 605 2678; x_wconf 78' lang='lat'>1518,</span> <span class='ocrx_word' id='word_1_386' title='bbox 624 2641 735 2669; x_wconf 82' lang='lat' dir='ltr'>states</span> <span class='ocrx_word' id='word_1_387' title='bbox 755 2640 835 2670; x_wconf 86' lang='lat' dir='ltr'>that</span> <span class='ocrx_word' id='word_1_388' title='bbox 860 2639 1085 2678; x_wconf 86' lang='lat' dir='ltr'>Oecolampa-</span> 
     </span>
     <span class='ocr_line' id='line_1_52' title="bbox 317 2679 1089 2721; baseline 0.004 -12"><span class='ocrx_word' id='word_1_389' title='bbox 317 2679 397 2710; x_wconf 89' lang='lat' dir='ltr'>dius</span> <span class='ocrx_word' id='word_1_390' title='bbox 437 2690 510 2711; x_wconf 85' lang='lat' dir='ltr'>was</span> <span class='ocrx_word' id='word_1_391' title='bbox 548 2682 719 2721; x_wconf 83' lang='lat' dir='ltr'>regarded</span> <span class='ocrx_word' id='word_1_392' title='bbox 758 2692 796 2713; x_wconf 84' lang='lat' dir='ltr'>as</span> <span class='ocrx_word' id='word_1_393' title='bbox 837 2683 845 2699; x_wconf 83' lang='lat'>‘</span> <span class='ocrx_word' id='word_1_394' title='bbox 859 2683 1089 2713; x_wconf 85' lang='lat' dir='ltr'>concionator</span> 
     </span>
     <span class='ocr_line' id='line_1_53' title="bbox 318 2726 1086 2766; baseline 0.004 -13"><span class='ocrx_word' id='word_1_395' title='bbox 318 2733 444 2762; x_wconf 86' lang='lat' dir='ltr'>parum</span> <span class='ocrx_word' id='word_1_396' title='bbox 467 2726 598 2755; x_wconf 82' lang='lat' dir='ltr'>serius’</span> <span class='ocrx_word' id='word_1_397' title='bbox 622 2726 676 2755; x_wconf 87' lang='lat' dir='ltr'>for</span> <span class='ocrx_word' id='word_1_398' title='bbox 700 2726 862 2766; x_wconf 86' lang='lat' dir='ltr'>refusing</span> <span class='ocrx_word' id='word_1_399' title='bbox 883 2728 920 2757; x_wconf 88' lang='lat' dir='ltr'>to</span> <span class='ocrx_word' id='word_1_400' title='bbox 944 2726 1086 2756; x_wconf 84' lang='lat' dir='ltr'>imitate</span> 
     </span>
     <span class='ocr_line' id='line_1_54' title="bbox 317 2767 1086 2800; baseline 0.003 -3"><span class='ocrx_word' id='word_1_401' title='bbox 317 2767 430 2799; x_wconf 85' lang='lat' dir='ltr'>them.</span> <span class='ocrx_word' id='word_1_402' title='bbox 476 2768 526 2799; x_wconf 87' lang='lat' dir='ltr'>Cf.</span> <span class='ocrx_word' id='word_1_403' title='bbox 554 2768 627 2799; x_wconf 85' lang='lat' dir='ltr'>also</span> <span class='ocrx_word' id='word_1_404' title='bbox 657 2768 720 2799; x_wconf 82' lang='lat' dir='ltr'>the</span> <span class='ocrx_word' id='word_1_405' title='bbox 746 2771 940 2800; x_wconf 74' lang='lat' dir='ltr'>Ecclesiastes</span> <span class='ocrx_word' id='word_1_406' title='bbox 965 2769 1020 2799; x_wconf 87' lang='lat' dir='ltr'>bk.</span> <span class='ocrx_word' id='word_1_407' title='bbox 1045 2769 1086 2799; x_wconf 92' lang='lat' dir='ltr'>iii</span> 
     </span>
     <span class='ocr_line' id='line_1_55' title="bbox 318 2811 1086 2852; baseline 0.003 -11"><span class='ocrx_word' id='word_1_408' title='bbox 318 2811 404 2847; x_wconf 75' lang='lat' dir='ltr'>(LE.</span> <span class='ocrx_word' id='word_1_409' title='bbox 426 2820 458 2842; x_wconf 90' lang='lat' dir='ltr'>v.</span> <span class='ocrx_word' id='word_1_410' title='bbox 477 2812 539 2851; x_wconf 88' lang='lat'>987</span> <span class='ocrx_word' id='word_1_411' title='bbox 550 2812 598 2852; x_wconf 84' lang='lat' dir='ltr'>B),</span> <span class='ocrx_word' id='word_1_412' title='bbox 622 2812 746 2843; x_wconf 84' lang='lat' dir='ltr'>More’s</span> <span class='ocrx_word' id='word_1_413' title='bbox 767 2813 874 2844; x_wconf 88' lang='lat' dir='ltr'>letter</span> <span class='ocrx_word' id='word_1_414' title='bbox 895 2816 931 2844; x_wconf 87' lang='lat' dir='ltr'>to</span> <span class='ocrx_word' id='word_1_415' title='bbox 953 2813 1086 2844; x_wconf 89' lang='lat' dir='ltr'>Oxford</span> 
     </span>
     <span class='ocr_line' id='line_1_56' title="bbox 319 2855 1083 2898; baseline 0.003 -13"><span class='ocrx_word' id='word_1_416' title='bbox 319 2855 541 2895; x_wconf 79' lang='lat' dir='ltr'>University,</span> <span class='ocrx_word' id='word_1_417' title='bbox 560 2866 602 2894; x_wconf 86' lang='lat'>29</span> <span class='ocrx_word' id='word_1_418' title='bbox 613 2856 735 2886; x_wconf 82' lang='lat' dir='ltr'>March</span> <span class='ocrx_word' id='word_1_419' title='bbox 748 2855 888 2898; x_wconf 78' lang='lat'>(1518),</span> <span class='ocrx_word' id='word_1_420' title='bbox 901 2856 1034 2893; x_wconf 83' lang='lat' dir='ltr'>(Jortin</span> <span class='ocrx_word' id='word_1_421' title='bbox 1047 2856 1083 2887; x_wconf 91' lang='lat' dir='ltr'>ii.</span> 
     </span>
     <span class='ocr_line' id='line_1_57' title="bbox 317 2899 1086 2939; baseline 0.001 -10"><span class='ocrx_word' id='word_1_422' title='bbox 317 2899 424 2938; x_wconf 85' lang='lat'><strong>664);</strong></span> <span class='ocrx_word' id='word_1_423' title='bbox 463 2899 535 2929; x_wconf 85' lang='lat' dir='ltr'>and</span> <span class='ocrx_word' id='word_1_424' title='bbox 575 2899 754 2930; x_wconf 80' lang='lat' dir='ltr'>Erasmus’</span> <span class='ocrx_word' id='word_1_425' title='bbox 787 2902 925 2939; x_wconf 77' lang='lat' dir='ltr'>preface</span> <span class='ocrx_word' id='word_1_426' title='bbox 956 2902 992 2931; x_wconf 89' lang='lat' dir='ltr'>to</span> <span class='ocrx_word' id='word_1_427' title='bbox 1023 2900 1086 2930; x_wconf 84' lang='lat' dir='ltr'>the</span> 
     </span>
     <span class='ocr_line' id='line_1_58' title="bbox 320 2942 1088 2983; baseline 0 -10"><span class='ocrx_word' id='word_1_428' title='bbox 320 2942 454 2982; x_wconf 79' lang='lat' dir='ltr'>reader,</span> <span class='ocrx_word' id='word_1_429' title='bbox 483 2951 520 2981; x_wconf 86' lang='lat'>14</span> <span class='ocrx_word' id='word_1_430' title='bbox 543 2942 624 2974; x_wconf 81' lang='lat' dir='ltr'>Jan.</span> <span class='ocrx_word' id='word_1_431' title='bbox 653 2952 746 2981; x_wconf 84' lang='grc'>1522,</span> <span class='ocrx_word' id='word_1_432' title='bbox 771 2944 929 2983; x_wconf 83' lang='lat' dir='ltr'>prefixed</span> <span class='ocrx_word' id='word_1_433' title='bbox 960 2945 998 2974; x_wconf 90' lang='lat' dir='ltr'>to</span> <span class='ocrx_word' id='word_1_434' title='bbox 1030 2944 1088 2974; x_wconf 88' lang='lat' dir='ltr'>his</span> 
     </span>
     <span class='ocr_line' id='line_1_59' title="bbox 320 2985 1087 3026; baseline -0.001 -9"><span class='ocrx_word' id='word_1_435' title='bbox 320 2985 539 3025; x_wconf 78' lang='lat' dir='ltr'>Paraphrase</span> <span class='ocrx_word' id='word_1_436' title='bbox 549 2997 595 3018; x_wconf 90' lang='lat' dir='ltr'>on</span> <span class='ocrx_word' id='word_1_437' title='bbox 610 2987 708 3017; x_wconf 82' lang='lat' dir='ltr'>Matt.</span> <span class='ocrx_word' id='word_1_438' title='bbox 728 2997 735 3017; x_wconf 75' lang='grc' dir='ltr'><em>τ</em></span> <span class='ocrx_word' id='word_1_439' title='bbox 756 2987 764 3002; x_wconf 78' lang='lat'>‘</span> <span class='ocrx_word' id='word_1_440' title='bbox 776 2990 895 3026; x_wconf 84' lang='lat' dir='ltr'>Atque</span> <span class='ocrx_word' id='word_1_441' title='bbox 909 2988 973 3018; x_wconf 84' lang='lat' dir='ltr'>hoc</span> <span class='ocrx_word' id='word_1_442' title='bbox 988 2996 1087 3026; x_wconf 82' lang='lat' dir='ltr'>prae-</span> 
     </span>
     <span class='ocr_line' id='line_1_60' title="bbox 319 3031 1087 3070; baseline 0.001 -10"><span class='ocrx_word' id='word_1_443' title='bbox 319 3031 440 3070; x_wconf 66' lang='lat' dir='ltr'>staret,</span> <span class='ocrx_word' id='word_1_444' title='bbox 459 3031 597 3069; x_wconf 86' lang='lat' dir='ltr'>opinor,</span> <span class='ocrx_word' id='word_1_445' title='bbox 622 3039 730 3069; x_wconf 75' lang='lat' dir='ltr'>quani</span> <span class='ocrx_word' id='word_1_446' title='bbox 754 3031 927 3070; x_wconf 82' lang='lat' dir='ltr'>populum</span> <span class='ocrx_word' id='word_1_447' title='bbox 952 3031 1087 3069; x_wconf 78' lang='lat' dir='ltr'>ineptis</span> 
     </span>
    </p>
   </div>
   <div class='ocr_carea' id='block_1_13' title="bbox 1152 2113 1925 3070">
    <p class='ocr_par' dir='ltr' id='par_1_16' title="bbox 1152 2113 1925 2766">
     <span class='ocr_line' id='line_1_61' title="bbox 1152 2113 1925 2156; baseline -0.004 -9"><span class='ocrx_word' id='word_1_448' title='bbox 1152 2126 1419 2156; x_wconf 80' lang='lat' dir='ltr'>nonnunquam</span> <span class='ocrx_word' id='word_1_449' title='bbox 1459 2117 1494 2146; x_wconf 78' lang='lat' dir='ltr'>et</span> <span class='ocrx_word' id='word_1_450' title='bbox 1534 2114 1717 2146; x_wconf 83' lang='lat' dir='ltr'>obscoenis</span> <span class='ocrx_word' id='word_1_451' title='bbox 1755 2114 1841 2145; x_wconf 87' lang='lat' dir='ltr'>iocis</span> <span class='ocrx_word' id='word_1_452' title='bbox 1878 2113 1925 2145; x_wconf 88' lang='lat' dir='ltr'>ad</span> 
     </span>
     <span class='ocr_line' id='line_1_62' title="bbox 1153 2159 1923 2198; baseline -0.004 -7"><span class='ocrx_word' id='word_1_453' title='bbox 1153 2160 1349 2191; x_wconf 86' lang='lat' dir='ltr'>cachinnos</span> <span class='ocrx_word' id='word_1_454' title='bbox 1383 2160 1575 2190; x_wconf 83' lang='lat' dir='ltr'>concitare.</span> <span class='ocrx_word' id='word_1_455' title='bbox 1635 2159 1748 2198; x_wconf 81' lang='lat' dir='ltr'>Quem</span> <span class='ocrx_word' id='word_1_456' title='bbox 1786 2167 1923 2188; x_wconf 90' lang='lat' dir='ltr'>morem</span> 
     </span>
     <span class='ocr_line' id='line_1_63' title="bbox 1153 2201 1924 2242; baseline -0.004 -8"><span class='ocrx_word' id='word_1_457' title='bbox 1153 2205 1273 2234; x_wconf 84' lang='lat' dir='ltr'>nescio</span> <span class='ocrx_word' id='word_1_458' title='bbox 1311 2203 1392 2242; x_wconf 87' lang='lat' dir='ltr'>quis</span> <span class='ocrx_word' id='word_1_459' title='bbox 1431 2203 1667 2233; x_wconf 87' lang='lat' dir='ltr'>cacodaemon</span> <span class='ocrx_word' id='word_1_460' title='bbox 1705 2201 1845 2232; x_wconf 82' lang='lat' dir='ltr'>inuexit</span> <span class='ocrx_word' id='word_1_461' title='bbox 1883 2202 1924 2232; x_wconf 88' lang='lat' dir='ltr'>in</span> 
     </span>
     <span class='ocr_line' id='line_1_64' title="bbox 1153 2245 1923 2285; baseline -0.003 -8"><span class='ocrx_word' id='word_1_462' title='bbox 1153 2247 1362 2278; x_wconf 83' lang='lat' dir='ltr'>Ecclesiam.</span> <span class='ocrx_word' id='word_1_463' title='bbox 1412 2246 1502 2276; x_wconf 86' lang='lat' dir='ltr'>Nam</span> <span class='ocrx_word' id='word_1_464' title='bbox 1530 2247 1598 2276; x_wconf 86' lang='lat' dir='ltr'>etsi</span> <span class='ocrx_word' id='word_1_465' title='bbox 1623 2246 1776 2285; x_wconf 89' lang='lat' dir='ltr'>populus</span> <span class='ocrx_word' id='word_1_466' title='bbox 1801 2245 1923 2284; x_wconf 83' lang='lat' dir='ltr'>aliqua</span> 
     </span>
     <span class='ocr_line' id='line_1_65' title="bbox 1152 2288 1923 2330; baseline -0.004 -9"><span class='ocrx_word' id='word_1_467' title='bbox 1152 2291 1335 2330; x_wconf 81' lang='lat' dir='ltr'>voluptate</span> <span class='ocrx_word' id='word_1_468' title='bbox 1364 2289 1578 2321; x_wconf 86' lang='lat' dir='ltr'>retinendus</span> <span class='ocrx_word' id='word_1_469' title='bbox 1602 2291 1656 2320; x_wconf 87' lang='lat' dir='ltr'>est</span> <span class='ocrx_word' id='word_1_470' title='bbox 1679 2292 1787 2328; x_wconf 85' lang='lat' dir='ltr'>atque</span> <span class='ocrx_word' id='word_1_471' title='bbox 1811 2288 1923 2319; x_wconf 81' lang='lat' dir='ltr'>etiam</span> 
     </span>
     <span class='ocr_line' id='line_1_66' title="bbox 1152 2332 1924 2372; baseline -0.004 -7"><span class='ocrx_word' id='word_1_472' title='bbox 1152 2334 1364 2365; x_wconf 80' lang='lat' dir='ltr'>excitandus</span> <span class='ocrx_word' id='word_1_473' title='bbox 1374 2342 1649 2372; x_wconf 73' lang='lat' dir='ltr'>nonnunquam,</span> <span class='ocrx_word' id='word_1_474' title='bbox 1664 2334 1788 2363; x_wconf 73' lang='lat' dir='ltr'>tamen</span> <span class='ocrx_word' id='word_1_475' title='bbox 1801 2332 1924 2363; x_wconf 86' lang='lat' dir='ltr'>huius-</span> 
     </span>
     <span class='ocr_line' id='line_1_67' title="bbox 1154 2377 1925 2414; baseline -0.003 -6"><span class='ocrx_word' id='word_1_476' title='bbox 1154 2377 1253 2408; x_wconf 82' lang='lat' dir='ltr'>modi</span> <span class='ocrx_word' id='word_1_477' title='bbox 1281 2377 1431 2408; x_wconf 88' lang='lat' dir='ltr'>ludicris</span> <span class='ocrx_word' id='word_1_478' title='bbox 1459 2377 1614 2407; x_wconf 81' lang='lat' dir='ltr'>excitare</span> <span class='ocrx_word' id='word_1_479' title='bbox 1638 2377 1766 2414; x_wconf 89' lang='lat' dir='ltr'>risum,</span> <span class='ocrx_word' id='word_1_480' title='bbox 1789 2385 1925 2406; x_wconf 85' lang='lat' dir='ltr'>scurra-</span> 
     </span>
     <span class='ocr_line' id='line_1_68' title="bbox 1154 2418 1924 2460; baseline -0.004 -8"><span class='ocrx_word' id='word_1_481' title='bbox 1154 2431 1233 2452; x_wconf 88' lang='lat' dir='ltr'>rum</span> <span class='ocrx_word' id='word_1_482' title='bbox 1255 2423 1320 2460; x_wconf 69' lang='lat' dir='ltr'>est,</span> <span class='ocrx_word' id='word_1_483' title='bbox 1349 2430 1421 2451; x_wconf 91' lang='lat' dir='ltr'>non</span> <span class='ocrx_word' id='word_1_484' title='bbox 1446 2420 1692 2460; x_wconf 87' lang='lat' dir='ltr'>theologorum</span> <span class='ocrx_word' id='word_1_485' title='bbox 1705 2418 1722 2450; x_wconf 81' lang='grc'>’.</span> <span class='ocrx_word' id='word_1_486' title='bbox 1772 2419 1839 2450; x_wconf 89' lang='lat' dir='ltr'>For</span> <span class='ocrx_word' id='word_1_487' title='bbox 1861 2419 1924 2450; x_wconf 84' lang='lat' dir='ltr'>the</span> 
     </span>
     <span class='ocr_line' id='line_1_69' title="bbox 1154 2462 1922 2503; baseline -0.003 -8"><span class='ocrx_word' id='word_1_488' title='bbox 1154 2466 1238 2496; x_wconf 87' lang='lat' dir='ltr'>note</span> <span class='ocrx_word' id='word_1_489' title='bbox 1256 2475 1301 2495; x_wconf 89' lang='lat' dir='ltr'>on</span> <span class='ocrx_word' id='word_1_490' title='bbox 1318 2464 1393 2495; x_wconf 86' lang='lat' dir='ltr'>this</span> <span class='ocrx_word' id='word_1_491' title='bbox 1410 2474 1553 2503; x_wconf 79' lang='lat' dir='ltr'>passage</span> <span class='ocrx_word' id='word_1_492' title='bbox 1571 2465 1609 2493; x_wconf 91' lang='lat' dir='ltr'>in</span> <span class='ocrx_word' id='word_1_493' title='bbox 1627 2464 1691 2494; x_wconf 82' lang='lat' dir='ltr'>the</span> <span class='ocrx_word' id='word_1_494' title='bbox 1709 2463 1834 2494; x_wconf 83' lang='lat' dir='ltr'>Gouda</span> <span class='ocrx_word' id='word_1_495' title='bbox 1850 2462 1922 2493; x_wconf 87' lang='lat' dir='ltr'>MS.</span> 
     </span>
     <span class='ocr_line' id='line_1_70' title="bbox 1157 2506 1925 2548; baseline -0.003 -10"><span class='ocrx_word' id='word_1_496' title='bbox 1157 2518 1250 2548; x_wconf 87' lang='lat'>1324,</span> <span class='ocrx_word' id='word_1_497' title='bbox 1265 2508 1286 2538; x_wconf 89' lang='lat' dir='ltr'>f.</span> <span class='ocrx_word' id='word_1_498' title='bbox 1302 2518 1323 2547; x_wconf 91' lang='lat'><strong>9</strong></span> <span class='ocrx_word' id='word_1_499' title='bbox 1335 2517 1391 2538; x_wconf 87' lang='lat' dir='ltr'>see</span> <span class='ocrx_word' id='word_1_500' title='bbox 1402 2508 1468 2539; x_wconf 80' lang='lat' dir='ltr'>vol.</span> <span class='ocrx_word' id='word_1_501' title='bbox 1487 2508 1509 2545; x_wconf 81' lang='lat' dir='ltr'>i,</span> <span class='ocrx_word' id='word_1_502' title='bbox 1525 2517 1557 2547; x_wconf 90' lang='lat' dir='ltr'>p.</span> <span class='ocrx_word' id='word_1_503' title='bbox 1569 2508 1642 2538; x_wconf 85' lang='lat'>612.</span> <span class='ocrx_word' id='word_1_504' title='bbox 1686 2507 1794 2537; x_wconf 77' lang='lat' dir='ltr'>Vives</span> <span class='ocrx_word' id='word_1_505' title='bbox 1807 2507 1847 2537; x_wconf 89' lang='lat' dir='ltr'>in</span> <span class='ocrx_word' id='word_1_506' title='bbox 1865 2506 1925 2537; x_wconf 86' lang='lat' dir='ltr'>his</span> 
     </span>
     <span class='ocr_line' id='line_1_71' title="bbox 1153 2550 1921 2591; baseline -0.003 -9"><span class='ocrx_word' id='word_1_507' title='bbox 1153 2554 1255 2583; x_wconf 86' lang='lat' dir='ltr'>notes</span> <span class='ocrx_word' id='word_1_508' title='bbox 1280 2562 1326 2582; x_wconf 87' lang='lat' dir='ltr'>on</span> <span class='ocrx_word' id='word_1_509' title='bbox 1350 2552 1439 2591; x_wconf 80' lang='lat' dir='ltr'>Aug.</span> <span class='ocrx_word' id='word_1_510' title='bbox 1459 2554 1523 2582; x_wconf 75' lang='lat' dir='ltr'>Ciu.</span> <span class='ocrx_word' id='word_1_511' title='bbox 1544 2553 1608 2583; x_wconf 74' lang='lat' dir='ltr'>Dei.</span> <span class='ocrx_word' id='word_1_512' title='bbox 1627 2550 1743 2589; x_wconf 81' lang='lat' dir='ltr'>Basle,</span> <span class='ocrx_word' id='word_1_513' title='bbox 1770 2550 1921 2585; x_wconf 81' lang='lat' dir='ltr'>Froben.</span> 
     </span>
     <span class='ocr_line' id='line_1_72' title="bbox 1154 2594 1924 2636; baseline -0.004 -10"><span class='ocrx_word' id='word_1_514' title='bbox 1154 2596 1248 2635; x_wconf 83' lang='lat' dir='ltr'>Sept.</span> <span class='ocrx_word' id='word_1_515' title='bbox 1266 2605 1349 2634; x_wconf 87' lang='grc'>1522</span> <span class='ocrx_word' id='word_1_516' title='bbox 1366 2595 1458 2636; x_wconf 71' lang='lat' dir='ltr'>(viii.</span> <span class='ocrx_word' id='word_1_517' title='bbox 1478 2605 1517 2634; x_wconf 83' lang='lat'>27</span> <span class='ocrx_word' id='word_1_518' title='bbox 1534 2605 1541 2633; x_wconf 84' lang='lat'><em>3</em></span> <span class='ocrx_word' id='word_1_519' title='bbox 1566 2604 1622 2635; x_wconf 88' lang='lat' dir='ltr'>pp.</span> <span class='ocrx_word' id='word_1_520' title='bbox 1639 2595 1752 2632; x_wconf 79' lang='lat'>266,7)</span> <span class='ocrx_word' id='word_1_521' title='bbox 1769 2594 1924 2633; x_wconf 82' lang='lat' dir='ltr'>protests</span> 
     </span>
     <span class='ocr_line' id='line_1_73' title="bbox 1155 2636 1922 2679; baseline -0.003 -10"><span class='ocrx_word' id='word_1_522' title='bbox 1155 2639 1294 2679; x_wconf 83' lang='lat' dir='ltr'>against</span> <span class='ocrx_word' id='word_1_523' title='bbox 1312 2639 1373 2669; x_wconf 89' lang='lat' dir='ltr'>the</span> <span class='ocrx_word' id='word_1_524' title='bbox 1395 2638 1585 2678; x_wconf 78' lang='lat' dir='ltr'>unseemly</span> <span class='ocrx_word' id='word_1_525' title='bbox 1602 2637 1787 2668; x_wconf 82' lang='lat' dir='ltr'>character</span> <span class='ocrx_word' id='word_1_526' title='bbox 1803 2637 1842 2667; x_wconf 87' lang='lat' dir='ltr'>of</span> <span class='ocrx_word' id='word_1_527' title='bbox 1860 2636 1922 2668; x_wconf 82' lang='lat' dir='ltr'>the</span> 
     </span>
     <span class='ocr_line' id='line_1_74' title="bbox 1156 2680 1920 2721; baseline -0.003 -8"><span class='ocrx_word' id='word_1_528' title='bbox 1156 2683 1301 2713; x_wconf 81' lang='lat' dir='ltr'>Passion</span> <span class='ocrx_word' id='word_1_529' title='bbox 1312 2682 1455 2712; x_wconf 76' lang='lat' dir='ltr'>dramas</span> <span class='ocrx_word' id='word_1_530' title='bbox 1467 2681 1652 2712; x_wconf 80' lang='lat' dir='ltr'>exhibited</span> <span class='ocrx_word' id='word_1_531' title='bbox 1664 2683 1700 2712; x_wconf 88' lang='lat' dir='ltr'>to</span> <span class='ocrx_word' id='word_1_532' title='bbox 1711 2681 1773 2711; x_wconf 88' lang='lat' dir='ltr'>the</span> <span class='ocrx_word' id='word_1_533' title='bbox 1783 2680 1920 2721; x_wconf 83' lang='lat' dir='ltr'>people,</span> 
     </span>
     <span class='ocr_line' id='line_1_75' title="bbox 1154 2725 1611 2766; baseline -0.002 -9"><span class='ocrx_word' id='word_1_534' title='bbox 1154 2726 1226 2757; x_wconf 84' lang='lat' dir='ltr'>and</span> <span class='ocrx_word' id='word_1_535' title='bbox 1242 2726 1340 2766; x_wconf 85' lang='lat' dir='ltr'>gives</span> <span class='ocrx_word' id='word_1_536' title='bbox 1357 2735 1454 2756; x_wconf 81' lang='lat' dir='ltr'>some</span> <span class='ocrx_word' id='word_1_537' title='bbox 1471 2725 1611 2756; x_wconf 86' lang='lat' dir='ltr'>details.</span> 
     </span>
    </p>

    <p class='ocr_par' dir='ltr' id='par_1_17' title="bbox 1196 2769 1805 2810">
     <span class='ocr_line' id='line_1_76' title="bbox 1196 2769 1805 2810; baseline -0.003 -11"><span class='ocrx_word' id='word_1_538' title='bbox 1196 2771 1249 2800; x_wconf 86' lang='lat'>62.</span> <span class='ocrx_word' id='word_1_539' title='bbox 1278 2769 1405 2810; x_wconf 76' lang='lat' dir='ltr'>Roma]</span> <span class='ocrx_word' id='word_1_540' title='bbox 1423 2770 1488 2799; x_wconf 86' lang='lat' dir='ltr'>See</span> <span class='ocrx_word' id='word_1_541' title='bbox 1505 2769 1568 2808; x_wconf 89' lang='lat' dir='ltr'>Ep.</span> <span class='ocrx_word' id='word_1_542' title='bbox 1592 2769 1686 2799; x_wconf 87' lang='lat'>1062.</span> <span class='ocrx_word' id='word_1_543' title='bbox 1707 2776 1805 2806; x_wconf 80' lang='lat'>14011.</span> 
     </span>
    </p>

    <p class='ocr_par' dir='ltr' id='par_1_18' title="bbox 1232 2809 1922 2853">
     <span class='ocr_line' id='line_1_77' title="bbox 1232 2809 1922 2853; baseline -0.004 -10"><span class='ocrx_word' id='word_1_544' title='bbox 1232 2812 1491 2853; x_wconf 68' lang='lat' dir='ltr'>Mediolanum]</span> <span class='ocrx_word' id='word_1_545' title='bbox 1507 2813 1574 2843; x_wconf 82' lang='lat' dir='ltr'>For</span> <span class='ocrx_word' id='word_1_546' title='bbox 1586 2811 1733 2842; x_wconf 81' lang='lat' dir='ltr'>Francis</span> <span class='ocrx_word' id='word_1_547' title='bbox 1750 2811 1793 2841; x_wconf 85' lang='lat' dir='ltr'>1&#39;s</span> <span class='ocrx_word' id='word_1_548' title='bbox 1805 2809 1922 2842; x_wconf 78' lang='lat' dir='ltr'>Greek</span> 
     </span>
    </p>

    <p class='ocr_par' dir='ltr' id='par_1_19' title="bbox 1155 2853 1922 2983">
     <span class='ocr_line' id='line_1_78' title="bbox 1156 2853 1921 2896; baseline -0.004 -9"><span class='ocrx_word' id='word_1_549' title='bbox 1156 2856 1294 2896; x_wconf 82' lang='lat' dir='ltr'>College</span> <span class='ocrx_word' id='word_1_550' title='bbox 1331 2856 1491 2887; x_wconf 87' lang='lat' dir='ltr'>founded</span> <span class='ocrx_word' id='word_1_551' title='bbox 1530 2856 1569 2886; x_wconf 88' lang='lat' dir='ltr'>in</span> <span class='ocrx_word' id='word_1_552' title='bbox 1617 2864 1702 2894; x_wconf 87' lang='lat'>1520</span> <span class='ocrx_word' id='word_1_553' title='bbox 1741 2854 1787 2894; x_wconf 86' lang='lat' dir='ltr'>by</span> <span class='ocrx_word' id='word_1_554' title='bbox 1823 2853 1921 2884; x_wconf 86' lang='lat' dir='ltr'>John</span> 
     </span>
     <span class='ocr_line' id='line_1_79' title="bbox 1155 2899 1922 2934; baseline -0.004 -4"><span class='ocrx_word' id='word_1_555' title='bbox 1155 2900 1315 2930; x_wconf 79' lang='lat' dir='ltr'>Lascaris</span> <span class='ocrx_word' id='word_1_556' title='bbox 1332 2909 1389 2930; x_wconf 82' lang='lat' dir='ltr'>see</span> <span class='ocrx_word' id='word_1_557' title='bbox 1407 2901 1450 2931; x_wconf 89' lang='lat' dir='ltr'>A.</span> <span class='ocrx_word' id='word_1_558' title='bbox 1470 2899 1628 2934; x_wconf 71' lang='lat' dir='ltr'>Lefrane,</span> <span class='ocrx_word' id='word_1_559' title='bbox 1650 2900 1734 2929; x_wconf 73' lang='lat' dir='ltr'>Hist.</span> <span class='ocrx_word' id='word_1_560' title='bbox 1754 2900 1797 2927; x_wconf 75' lang='lat' dir='ltr'>clu</span> <span class='ocrx_word' id='word_1_561' title='bbox 1814 2899 1922 2934; x_wconf 72' lang='lat' dir='ltr'>Colle&#39;qe</span> 
     </span>
     <span class='ocr_line' id='line_1_80' title="bbox 1155 2944 1821 2983; baseline -0.005 -9"><span class='ocrx_word' id='word_1_562' title='bbox 1155 2946 1190 2974; x_wconf 79' lang='lat' dir='ltr'>de</span> <span class='ocrx_word' id='word_1_563' title='bbox 1206 2946 1334 2982; x_wconf 67' lang='lat' dir='ltr'>Franco.</span> <span class='ocrx_word' id='word_1_564' title='bbox 1358 2944 1450 2982; x_wconf 84' lang='lat'>1893,</span> <span class='ocrx_word' id='word_1_565' title='bbox 1468 2953 1525 2983; x_wconf 86' lang='lat' dir='ltr'>pp.</span> <span class='ocrx_word' id='word_1_566' title='bbox 1546 2952 1584 2981; x_wconf 88' lang='lat'>71</span> <span class='ocrx_word' id='word_1_567' title='bbox 1604 2951 1686 2981; x_wconf 75' lang='lat' dir='ltr'>seq,</span> <span class='ocrx_word' id='word_1_568' title='bbox 1702 2950 1821 2980; x_wconf 86' lang='lat'>391-2.</span> 
     </span>
    </p>

    <p class='ocr_par' dir='ltr' id='par_1_20' title="bbox 1199 2985 1756 3027">
     <span class='ocr_line' id='line_1_81' title="bbox 1199 2985 1756 3027; baseline -0.007 -9"><span class='ocrx_word' id='word_1_569' title='bbox 1199 2989 1250 3026; x_wconf 88' lang='lat'>69.</span> <span class='ocrx_word' id='word_1_570' title='bbox 1279 2985 1539 3027; x_wconf 82' lang='lat' dir='ltr'>Horatianum]</span> <span class='ocrx_word' id='word_1_571' title='bbox 1558 2987 1587 3016; x_wconf 88' lang='lat' dir='ltr'>C.</span> <span class='ocrx_word' id='word_1_572' title='bbox 1608 2996 1638 3023; x_wconf 89' lang='lat'>4.</span> <span class='ocrx_word' id='word_1_573' title='bbox 1656 2995 1685 3022; x_wconf 90' lang='lat'>4.</span> <span class='ocrx_word' id='word_1_574' title='bbox 1704 2994 1756 3024; x_wconf 89' lang='lat'>57.</span> 
     </span>
    </p>

    <p class='ocr_par' dir='ltr' id='par_1_21' title="bbox 1201 3029 1866 3070">
     <span class='ocr_line' id='line_1_82' title="bbox 1201 3029 1866 3070; baseline -0.008 -8"><span class='ocrx_word' id='word_1_575' title='bbox 1201 3040 1251 3070; x_wconf 87' lang='lat'>75.</span> <span class='ocrx_word' id='word_1_576' title='bbox 1279 3029 1522 3070; x_wconf 78' lang='lat' dir='ltr'>prouocantis]</span> <span class='ocrx_word' id='word_1_577' title='bbox 1540 3029 1592 3060; x_wconf 87' lang='lat' dir='ltr'>Cf.</span> <span class='ocrx_word' id='word_1_578' title='bbox 1613 3029 1677 3068; x_wconf 84' lang='lat' dir='ltr'>Ep.</span> <span class='ocrx_word' id='word_1_579' title='bbox 1694 3037 1770 3067; x_wconf 89' lang='lat'>994.</span> <span class='ocrx_word' id='word_1_580' title='bbox 1788 3035 1866 3057; x_wconf 90' lang='lat' dir='ltr'>11n.</span> 
     </span>
    </p>
   </div>
  </div>
 </body>
</html>
