1990 3353
145 127 267 182 1126]
624 129 695 168 TO
734 129 1025 167 HERMANN
1063 129 1257 168 BUSCH
1665 133 1745 170 317

141 237 338 286 epistolae
360 237 410 275 ad
431 237 672 276 Corinthios
691 237 841 287 prioris
860 237 992 287 capite
1011 237 1244 276 vndecimo.
1303 237 1386 276 Vix
1411 239 1579 277 tandem
1600 240 1745 277 extudi

140 294 187 330 vt
206 292 313 330 mihi
333 291 476 330 liceret
495 292 634 330 videre
654 292 804 330 locum.
865 292 1069 339 Ostendit,
1094 292 1162 330 sed
1184 292 1419 342 marginem
1444 305 1571 331 manu
1592 295 1746 342 praete-

140 359 254 395 gens.
315 346 375 384 Ea
395 345 568 395 depulsa
587 346 789 395 scriptum
809 346 971 396 repperi
992 360 1001 384 ε
1034 346 1166 385 ‘Vide
1194 360 1319 396 quam
1345 347 1575 396 perniciose
1599 348 1745 385 scribit

141 400 209 438 hic
241 401 293 439 de
326 414 370 439 re
401 401 451 439 de
486 413 566 450 qua
598 401 722 439 toties
756 400 1051 450 pronunciauit
1085 400 1272 439 Ecclesia
1285 402 1308 438 '-
1371 401 1528 439 ‘Vide'
1556 401 1741 451 inquam,

145 455 154 473 ‘
169 468 294 504 quam
324 458 370 493 tu
396 455 523 494 stulte
547 455 693 494 scribis
715 455 796 493 ista
825 455 871 492 in
900 454 1038 493 locum
1064 468 1149 493 non
1173 455 1435 494 intellectum
1449 456 1470 494 ³.
1530 456 1745 506 Multaque
1766 471 1830 502 310

142 522 238 548 cum
257 510 532 549 admiratione
551 509 754 548 sciscitari
773 509 888 559 coepi
907 508 1007 559 quid
1034 508 1157 547 illum
1185 509 1423 549 offenderet.
1482 510 1628 549 Prima
1650 524 1746 560 pars

142 563 331 612 habebat,
349 565 555 603 Thomam
571 565 809 614 opinionem
825 577 966 602 eorum
980 564 1052 613 qui
1066 563 1274 613 negabant
1288 564 1366 602 sub
1379 565 1643 603 Eucharistia
1658 578 1746 604 esse

141 631 290 656 verum
312 619 467 658 Christi
488 632 645 669 corpus,
669 618 920 656 haereticam
935 617 1142 667 appellare
1159 630 1169 656 :
1199 621 1408 657 caeterum
1424 633 1568 658 eorum
1583 622 1746 658 senten-

141 672 245 711 tiam
267 673 339 721 qui
359 674 565 724 negabant
589 673 804 712 Christum
825 673 893 711 his
911 672 1050 710 verbis
1076 685 1335 711 consecrasse
1364 673 1478 712 ‘Hoc
1508 676 1570 712 est
1599 687 1747 724 corpus

142 727 309 775 meum’,
343 729 530 766 refellere
563 728 743 778 quidem,
772 729 814 764 at
848 740 932 765 non
964 725 1174 777 appellare
1208 727 1472 767 haereticam.
1534 728 1747 778 Rogabam
1768 744 1828 775 315

141 782 334 830 nunquid
368 783 444 821 hac
479 784 524 821 in
556 784 672 832 parte
705 781 968 831 displiceret;
1010 781 1201 831 negabat.
1261 781 1460 831 Sequitur
1492 786 1633 820 autem
1673 784 1747 822 ‘In

143 836 337 875 omnibus
364 837 644 876 accedendum
670 839 732 875 est
757 836 913 875 iudicio
939 835 1158 881 Ecclesiae,
1182 835 1279 873 licet
1304 836 1373 875 hic
1399 850 1536 875 sermo
1557 837 1749 876 videatur

141 902 224 927 non
241 892 530 939 consecrantis,
548 892 620 930 sed
640 904 789 941 panem
806 891 885 929 iam
901 892 1188 928 consecratum
1204 891 1456 940 porrigentis
1471 891 1490 930 ³.
1534 891 1748 941 Rogabam

143 944 289 993 ecquid
320 945 387 984 hic
410 946 666 996 improbaret
684 960 694 994 ;
725 945 913 995 negabat.
974 945 1171 994 Sequitur
1193 947 1201 963 ⁴
1218 944 1325 983 Mihi
1348 945 1391 984 in
1420 947 1557 984 totum
1578 946 1747 984 videtur

140 999 373 1038 consultius
403 1001 454 1038 de
481 1001 604 1039 rebus
632 1000 883 1046 huiusmodi,
917 1013 1021 1050 quae
1048 998 1172 1037 certis
1201 1000 1439 1049 Scripturae
1467 1013 1606 1039 sacrae
1635 1001 1749 1039 testi·
1769 1015 1831 1045 320

140 1052 299 1092 moniis
320 1055 457 1093 doceri
476 1068 560 1093 non
581 1057 766 1105 possunt,
790 1055 860 1092 sed
880 1054 931 1092 ab
952 1053 1150 1092 humanis
1172 1055 1358 1103 pendent
1377 1054 1639 1104 coniecturis,
1662 1069 1747 1094 non

141 1108 241 1146 adeo
272 1109 436 1148 fortiter
465 1123 698 1148 asseuerare
726 1112 773 1147 vt
807 1111 995 1147 nostram
1029 1108 1268 1158 opinionem
1298 1109 1454 1148 oraculi
1487 1110 1576 1148 vice
1605 1110 1748 1148 haberi

140 1162 323 1201 velimus
337 1164 358 1203 ².
419 1164 631 1213 Rogabam
644 1163 834 1213 nunquid
851 1163 919 1202 hic
934 1163 1258 1212 reprehenderet
1278 1178 1286 1209 ;
1316 1164 1521 1202 haerebat..
1571 1165 1747 1213 Vrgenti

140 1217 310 1255 tandem
331 1219 545 1268 respondit
565 1232 773 1257 venenum
787 1218 955 1256 subesse
975 1217 1018 1256 in
1038 1217 1106 1256 his
1118 1217 1266 1265 verbis,
1292 1218 1360 1256 ‘in
1376 1220 1514 1257 totum
1529 1219 1550 1257 '.
1611 1219 1747 1257 Demi·

141 1273 256 1310 ratus
276 1285 452 1320 causam,
469 1273 539 1311 vix
555 1273 726 1311 tandem
741 1272 1019 1322 percontando
1034 1271 1242 1322 exsculpsi
1256 1272 1379 1310 illum
1394 1286 1478 1311 non
1494 1273 1747 1312 intellexisse
1767 1290 1829 1323 325

140 1325 238 1376 quid
260 1326 426 1365 Latinis
444 1329 564 1366 sonet
593 1329 659 1366 ‘in
683 1329 822 1365 totum
836 1327 857 1365 ⁹.
916 1327 1021 1366 Cum
1048 1327 1162 1365 enim
1190 1340 1264 1376 ego
1291 1328 1513 1366 sensissem
1540 1328 1748 1367 abstinen-

141 1380 244 1418 dum
284 1393 373 1419 esse
410 1395 433 1420 a
470 1383 689 1420 temeraria
724 1381 1043 1428 asseueratione,
1085 1394 1169 1418 non
1208 1381 1345 1420 solum
1384 1383 1428 1420 in
1467 1382 1542 1420 hac
1575 1383 1748 1421 materia

141 1437 414 1474 verumetiam
430 1436 474 1474 in
489 1436 687 1475 omnibus
702 1437 882 1483 caeteris,
900 1435 972 1474 ille
992 1435 1225 1474 somniabat
1246 1436 1312 1473 ‘in
1334 1438 1472 1474 totum
1486 1437 1496 1451 ⁹
1515 1436 1747 1486 significare

146 1489 216 1526 ‘in
248 1492 421 1540 vtraque
452 1493 567 1540 parte
597 1504 701 1540 quae
729 1489 1039 1540 praecesserat'‚
1070 1503 1218 1539 meque
1247 1491 1470 1540 suggillare
1493 1491 1746 1530 sententiam

142 1543 361 1593 Ecclesiae,
385 1558 488 1594 quae
508 1545 721 1583 definisset
749 1545 794 1583 in
822 1544 1085 1582 Eucharistia
1111 1557 1260 1583 verum
1288 1558 1377 1584 esse
1403 1558 1552 1595 corpus
1572 1545 1741 1585 Christi.
1767 1564 1830 1595 330

141 1598 230 1647 Ego
267 1599 415 1638 videns
462 1599 671 1649 insignem
720 1599 905 1637 hominis
950 1598 1238 1645 stoliditatem,
1278 1600 1476 1638 admonui
1523 1600 1666 1639 literas
1700 1603 1747 1639 vt

140 1652 326 1701 disceret,
376 1667 452 1692 nec
499 1657 688 1704 pergeret
725 1656 866 1692 taxare
904 1654 1035 1692 libros
1071 1666 1095 1691 a
1133 1667 1312 1703 quorum
1349 1654 1568 1693 intellectu
1604 1655 1746 1705 procul

138 1706 311 1746 abesset.

195 1761 338 1800 Huius
359 1762 523 1812 generis
542 1763 628 1801 fere
647 1765 747 1801 sunt
770 1763 841 1813 qui
863 1763 1070 1801 oblatrant
1088 1762 1333 1802 melioribus
1352 1763 1513 1811 studiis,
1537 1763 1609 1814 qui
1638 1764 1747 1814 quic-

141 1815 242 1866 quid
277 1817 357 1867 ipsi
391 1830 475 1856 non
509 1817 755 1862 didicerunt,
795 1817 1044 1867 ‘poetriam’
1072 1817 1294 1867 appellant.
1353 1818 1542 1868 Insignis
1574 1820 1747 1857 naturae
1766 1835 1828 1867 335

141 1873 300 1921 stupor,
337 1885 489 1921 magna
518 1871 738 1910 literarum
769 1872 948 1918 inscitia,
981 1871 1185 1911 iudicium
1219 1872 1412 1921 nullum;
1456 1873 1564 1922 quod
1596 1874 1631 1911 si
1666 1887 1746 1924 qua

141 1925 323 1964 scintilla
342 1926 400 1964 sit
420 1926 590 1976 ingenii,
613 1927 650 1965 si
670 1927 769 1977 quid
790 1926 1050 1974 eruditionis,
1074 1927 1133 1965 sic
1152 1927 1286 1965 liuore
1301 1927 1476 1977 odioque
1492 1930 1591 1966 sunt
1607 1927 1745 1966 obcae-

140 1979 233 2026 cati,
254 1983 300 2018 vt
321 1981 464 2019 minus
488 1981 658 2019 videant
688 1994 813 2031 quam
843 1981 989 2030 talpae.
1049 1981 1104 2019 Et
1132 1981 1178 2019 hi
1207 1983 1305 2020 sunt
1346 1981 1563 2020 reuerendi
1595 1982 1741 2029 rabini,

143 2034 226 2072 ‘sal
261 2037 392 2073 terrae
407 2035 427 2081 ⁹,
468 2035 565 2073 ‘lux
595 2036 745 2074 mundi
762 2036 784 2084 ⁵,
818 2048 997 2086 quorum
1028 2035 1200 2074 arbitrio
1233 2049 1379 2074 sumus
1413 2036 1641 2076 Christiani
1674 2039 1746 2075 aut

140 2101 282 2128 secus:
304 2090 376 2139 qui
396 2089 518 2128 nobis
537 2093 631 2140 post
649 2090 890 2140 Apostolos,
913 2103 1045 2128 nouos
1064 2090 1224 2129 dictant
1245 2091 1444 2129 articulos
1463 2091 1571 2138 fidei,
1595 2091 1667 2141 qui
1687 2091 1745 2129 sic
1766 2106 1829 2138 340

140 2143 262 2181 nobis
282 2144 562 2194 pronunciant
581 2145 754 2193 oracula,
773 2145 905 2183 veluti
924 2145 992 2192 dii,
1012 2158 1087 2183 nec
1102 2145 1328 2194 dignantur
1342 2145 1463 2183 nobis
1477 2145 1747 2184 homunculis

140 2198 311 2236 reddere
344 2211 441 2236 suae
475 2198 686 2249 opinionis
717 2200 931 2237 rationem.
992 2199 1065 2237 Sat
1097 2199 1252 2237 habent
1283 2199 1436 2238 dixisse
1470 2200 1620 2237 ‘Error
1648 2200 1743 2247 est',

141 2254 150 2270 ⁶
164 2252 412 2302 Suspectum
432 2257 495 2292 est
511 2254 531 2301 ’,
559 2255 570 2273 ‘
586 2254 783 2292 Haeresis
804 2256 866 2292 est
879 2254 898 2291 '.
942 2253 997 2292 Et
1015 2254 1114 2291 haec
1127 2253 1284 2292 audent
1304 2254 1400 2292 freti
1420 2253 1645 2293 coniuratis
1660 2254 1747 2292 suis

139 2306 431 2356 phalangibus,
460 2307 556 2346 freti
585 2307 729 2358 populi
757 2307 955 2356 stulticia,
987 2308 1084 2346 freti
1113 2308 1374 2357 temporibus
1402 2309 1480 2355 his,
1517 2309 1562 2346 in
1595 2308 1746 2359 quibus

142 2359 242 2399 adeo
262 2361 359 2400 licet
378 2362 546 2400 audacia
564 2376 638 2412 pro
658 2362 860 2412 sapientia
879 2363 941 2400 vti
961 2366 1006 2400 vt
1028 2376 1112 2401 non
1132 2362 1234 2400 alias
1258 2363 1402 2412 magis,
1427 2363 1521 2401 freti
1541 2364 1746 2413 corruptis
1766 2377 1826 2408 345

141 2415 296 2454 animis
307 2417 526 2466 vtriusque
547 2416 716 2455 ditionis
736 2417 986 2466 principum,
1002 2429 1179 2467 quorum
1195 2430 1345 2467 magna
1365 2430 1458 2466 pars
1478 2418 1677 2467 quoniam
1693 2418 1743 2456 ad

141 2470 409 2518 tyrannidem
435 2472 602 2521 spectat,
634 2471 786 2510 blanda
814 2471 978 2510 mauult
1005 2471 1146 2509 audire
1177 2484 1301 2520 quam
1331 2472 1538 2519 salubria;
1581 2472 1744 2510 mauult

141 2523 229 2561 suis
265 2524 482 2563 affectibus
519 2526 785 2565 accommoda
829 2539 955 2576 quam
998 2529 1107 2564 recta
1149 2525 1332 2564 consilia.
1403 2526 1485 2564 His
1530 2526 1745 2576 praesidiis

141 2580 286 2627 regnat
299 2579 476 2617 istorum
491 2580 700 2619 stoliditas
715 2595 725 2628 3
755 2582 878 2630 atque
890 2580 1051 2618 vtinam
1067 2580 1110 2618 in
1128 2580 1343 2618 literarum
1363 2580 1540 2619 exitium
1553 2583 1718 2619 tantum
1735 2583 1743 2619 Σ

142 2632 187 2670 Si
206 2632 389 2671 succedit
409 2633 503 2673 istis
526 2646 625 2673 suus
646 2636 827 2682 conatus,
857 2636 998 2673 actum
1025 2634 1151 2672 fuerit
1175 2634 1225 2672 de
1252 2634 1441 2673 doctrina
1466 2634 1740 2685 Euangelica:
1765 2643 1828 2674 350

185 2745 260 2783 308.
290 2746 404 2784 reperi
421 2747 461 2777 N.
606 2755 680 2785 315.
705 2748 757 2777 H:
782 2746 1000 2777 haereticum
1017 2747 1054 2776 F.
1176 2754 1251 2784 324.
1276 2745 1316 2776 in
1331 2745 1390 2777 his
1405 2748 1460 2778 H:
1484 2747 1522 2778 in
1535 2747 1606 2789 sin
1631 2746 1689 2778 his
1705 2749 1743 2778 F.

143 2789 217 2828 338.
246 2790 284 2819 vt
299 2791 329 2819 F
342 2791 456 2827 Corriy.
474 2799 482 2820 ι
506 2798 551 2820 ne
567 2791 604 2821 F.
708 2799 782 2829 339.
810 2792 872 2820 aut
889 2799 989 2820 secus
1005 2791 1079 2820 add.
1099 2791 1142 2820 H.
1270 2803 1273 2807 s

183 2901 259 2940 308.
286 2899 479 2942 scriptum]
506 2900 701 2941 Evidently
717 2902 756 2932 in
780 2911 906 2933 manu-
975 2902 1072 2932 tions
1089 2911 1150 2932 are
1176 2903 1241 2932 not
1266 2902 1367 2941 quite
1391 2901 1552 2942 verbally
1567 2903 1741 2932 accurato.

140 2946 262 2984 script,
283 2944 321 2975 in
349 2943 539 2975 vincent⁷s
564 2954 644 2975 own
669 2954 759 2984 copy
786 2946 823 2976 of
843 2946 905 2977 the
972 2946 1046 2976 The
1063 2945 1192 2976 second
1209 2955 1281 2976 was
1296 2944 1463 2976 removed
1483 2946 1522 2976 in
1545 2945 1606 2976 the
1624 2947 1740 2975 Annon

140 2990 256 3018 Annot.
278 2997 383 3027 15193
407 2987 451 3019 cf.
470 2988 534 3028 Ep.
558 2990 650 3027 1196.
672 2989 768 3028 76-8.
976 2997 1068 3029 1527.

181 3032 259 3071 316,
273 3041 349 3071 319.
373 3031 562 3073 Sequitur]
575 3032 688 3063 These
702 3035 774 3064 two
788 3034 910 3072 quota.
1022 3040 1097 3072 335.
1126 3031 1317 3073 poetriam]
1345 3031 1397 3063 Of.
1416 3032 1479 3072 Ep.
1501 3042 1592 3063 1110.
1610 3041 1657 3071 15.
