1990 3353
257 326 295 357 ζῇ

258 588 299 619 60

320 853 335 866 ‘7

259 863 298 903 65

263 1413 275 1447 xv

266 1681 307 1712 So

267 1954 285 1983 7>

293 1973 305 1983 1

267 2234 308 2266 90

315 145 368 184 38
776 145 1027 185 LETTERS
1066 146 1136 185 OF
1173 146 1437 186 ERASMUS
1787 144 1910 200 [1519

372 254 466 304 Περὶ
491 272 629 293 τοιτων
654 257 722 322 μὲν
741 267 919 294 τοσαυτα·
949 256 1033 306 περὶ
1059 256 1098 294 δὲ
1126 259 1192 294 τοῦ
1217 257 1354 307 Ιερονι
1355 274 1427 307 μου
1453 257 1513 295 καὶ
1538 257 1822 308 Αρεοπαγιτῶν,
1847 273 1914 295 του

316 311 500 375 μνημικοῧ
520 310 784 359 ἁμαρτήματος
807 310 1033 362 συγγνώμην
1054 311 1112 348 καὶ
1133 311 1299 362 δίδωμι’
1280 313 1451 361 ασμένως
1477 313 1537 349 καὶ
1561 313 1652 350 ἑκὼν
1671 311 1914 362 ἀποδέχομαι,

319 364 411 401 κατὰ
441 380 508 412 την
539 365 752 413 παροιμίαν,
786 365 869 402 ἴσον
903 364 973 415 ἰσῳ
1003 366 1242 415 ἐπιφέροντός
1274 378 1358 404 σου·
1397 369 1428 403 εἷ
1461 367 1521 404 καὶ
1550 368 1693 415 κλοπῆς
1720 367 1817 417 γένει
1844 366 1916 404 τινὶ

317 417 562 468 θανάσιμος
542 436 588 467 ην
607 419 793 487 ἐκδίκησις
817 435 919 468 παρα
943 420 1020 459 τοῖς
1045 421 1176 465 πάλαι,
1203 421 1330 471 ὥσπερ
1351 421 1410 458 καὶ
1434 421 1478 458 τὸ
1500 423 1573 465 νῦν,
1601 420 1675 459 οἷδ’
1700 421 1855 472 ἀγνοεῖς,
1876 437 1915 458 ευ

317 472 383 511 οἶδ’
402 472 469 518 ὅτι,
489 473 610 511 πάντα
630 473 756 522 κριτὴν
775 474 1107 524 ἐσχηματισμένως
1125 473 1398 527 Ἀρεοπαγίτην
1417 476 1626 514 καλεῖσθαι.

371 527 425 564 Τά
445 544 488 579 γε
508 527 552 576 δὴ
571 529 666 576 μετὰ
687 530 804 566 ταῦτα
825 531 902 567 πῶς
927 545 969 565 ου
994 532 1130 578 πικρῶς
1156 529 1339 580 λεχθέντα
1364 529 1519 575 δόξεται,
1545 531 1587 567 οὗ
1608 529 1723 579 μόνον
1746 528 1916 568 ἀτόπως·
1906 557 1918 575 ‚

318 584 340 601 ‘
354 582 403 618 El
419 582 525 620 τινα’
528 579 677 632 φῃς“
692 585 729 619 ἐν
747 584 823 621 τοῖς
843 584 943 631 ἐμοῖς
958 583 1049 632 πρὸς
1068 585 1337 622 Τούνσταλλον
1360 585 1580 635 γράμμασιν
1600 584 1745 624 ἀτόπως
1771 583 1831 621 καὶ
1850 584 1916 620 οὐκ

318 638 356 674 ἐν
376 640 486 688 καιρῷ
507 636 687 687 λεχθῆναι
708 636 818 679 δοκεῖ,
836 636 1011 686 (ἔξεστι)
1035 654 1112 684 σοι,
1131 641 1181 689 τῷ
1199 641 1271 676 τῶν
1291 639 1463 677 ἄπαντων
1478 640 1584 689 κριτῇ
1602 655 1642 676 τε
1662 639 1721 676 καὶ
1736 638 1917 688 διαιτητῇ,

318 692 452 741 ἐμοῦγε
491 691 763 740 ἐπιτρέψαντος,
803 691 966 736 ἀλλάξαι
1000 695 1114 730 ταῖτα
1157 694 1217 730 καὶ
1256 693 1524 742 ἐπανορθῶσαι·
1538 693 1559 708 ”
1596 695 1706 731 τοῦτο
1744 692 1917 741 δηλονότι

317 746 548 790 ὑπαινίττων,
570 746 676 783 ἅτινα
695 747 771 783 ἐκεῖ
787 747 944 786 ἐπαινεῖς
967 763 1049 795 μοι,
1072 749 1113 784 οἰ
1139 747 1286 798 σπουδῇ
1305 764 1368 785 σοι
1389 747 1462 785 οὐδ’
1490 750 1529 785 ἐκ
1550 747 1667 796 θυμοῦ
1692 745 1919 810 γεγράφθαι

318 801 348 837 εἷ
369 799 428 836 καὶ
446 800 489 837 τὸ
510 801 624 837 ἐκεῖνο
643 800 825 851 ἐγκώμιον
844 801 910 837 οὐκ
931 801 1100 838 ἔλαθεν’
1084 803 1148 850 εμὲ
1173 804 1362 851 μυκτῆρας
1386 819 1446 839 και
1466 803 1667 851 στροφὰς’
1656 803 1753 853 έχον.
1809 798 1919 838 ”Αλλ

320 870 378 892 ινα
397 853 441 902 δὴ
468 855 716 904 ἀνυποκρίτως
742 854 918 904 λέξωμαι,
950 857 1223 904 ἐπιφανέστατε
1248 856 1414 900 Βουδαΐε,
1441 857 1568 906 ὥσπερ
1592 856 1730 906 ἥδομαι
1752 855 1920 894 ἐπαινού-

319 924 427 958 μενος
445 906 531 957 παρ’
551 908 681 958 ἀνδρὸς
704 908 862 947 ἐπαίνων
888 910 1002 954 ἀξίου,
1024 911 1118 948 οὕτω
1145 911 1338 960 στερηθείς
1360 927 1436 951 πως
1458 913 1529 949 τῶν
1554 911 1743 962 ἐγκωμίων
1762 927 1834 948 σου
1852 911 1918 947 οὐκ

320 962 364 1001 ἂν
394 962 671 1013 ἀδημονήσαιμι
699 962 783 1000 οὐδὲ
810 965 1092 1014 σχετλιάσαιμι.
1150 965 1220 1002 Διὸ
1251 968 1280 1003 εἰ
1312 966 1449 1014 ταύτης
1477 966 1690 1017 εὐεργεσίας
1717 964 1741 1014 ἢ
1769 966 1919 1014 μᾶλλον

320 1017 576 1069 χρηστότητος
594 1018 770 1067 μετάνοιά
785 1034 831 1055 σε
851 1018 1019 1067 εἴληφεν,
1037 1021 1079 1057 οὐ
1098 1019 1279 1069 μέλλοιμι
1299 1019 1343 1058 ἂν
1363 1019 1562 1058 ἀποδοῦναι
1576 1019 1644 1068 τὴν
1659 1019 1752 1069 ὅλην
1771 1018 1920 1068 δωρεάν.

367 1070 467 1121 ’Όρα
488 1071 526 1110 δὲ
546 1071 589 1120 δὴ
610 1074 656 1112 ὡς
675 1072 818 1116 ἀδίκως,
839 1072 895 1110 ὅτι
915 1073 974 1111 διὰ
993 1074 1060 1122 τὴν
1079 1074 1302 1123 μετριότητα
1322 1075 1386 1112 οὒκ
1405 1073 1639 1124 ἀπεδεξάμην
1657 1075 1704 1112 τὰ
1728 1074 1830 1123 παρὰ
1848 1075 1921 1112 σοῦ

323 1126 494 1177 ἐγκώμια,
514 1128 623 1164 τοῦτο
643 1127 691 1164 σὺ
712 1127 824 1177 ὄγκον
845 1127 903 1164 καὶ
923 1127 1126 1166 δυσκολίαν
1147 1130 1337 1179 ἑρμηνεύῃ,
1361 1129 1540 1169 κελεύσας
1563 1131 1792 1180 κατενεγκεῖν
1811 1131 1920 1177 ἐμαυ-

320 1180 397 1225 τόν,
417 1182 447 1218 εἷ
475 1180 582 1226 δοκεῖ,
612 1184 651 1218 ἐκ
676 1183 742 1219 τοῦ
769 1183 984 1228 κολοφῶνος
1010 1185 1048 1220 ἐν
1068 1181 1094 1234 ᾧ
1121 1183 1170 1220 σὺ
1196 1183 1305 1231 δῆθεν
1331 1183 1498 1232 ἑστήκεις
1523 1184 1596 1232 ἐμέ.
1657 1183 1734 1221 Καὶ
1758 1183 1813 1222 τίς
1831 1199 1922 1221 ποτε

321 1236 522 1286 ἀγανακτεῖ
536 1235 826 1286 παραιτουμένῳ,
851 1236 939 1275 ὅταν
965 1237 1050 1274 λίαν
1077 1238 1136 1274 καὶ
1157 1237 1363 1285 ἐπιφθόνως
1390 1237 1590 1288 ἐπαινεθῇ;
1627 1238 1691 1278 Τίς
1709 1239 1751 1276 οὔ
1771 1239 1923 1286 μᾶλλον

320 1290 388 1338 τὴν
417 1291 670 1339 σωφροσύνην
698 1291 828 1341 ἀγαπᾷ
853 1292 918 1328 τοῖ’
943 1292 988 1329 τὰ
1015 1291 1186 1341 διδόμενα
1212 1294 1278 1329 οὐκ
1304 1292 1636 1344 ἐπιγινώσκοντος;
1665 1292 1758 1330 Εἶτα
1783 1292 1923 1343 γυμνὸς

314 1344 520 1393 ’Έρασμος.
544 1345 601 1381 καὶ
622 1344 726 1382 οὗδὲν
750 1345 859 1391 ἄλλο,
883 1347 931 1385 εἷς
957 1346 1024 1395 τὴν
1043 1347 1233 1398 Φραγκίαν
1256 1347 1524 1396 ἀφικνήσομαι,
1546 1349 1576 1384 εἷ
1601 1347 1650 1384 σὺ
1675 1350 1746 1385 τῶν
1767 1346 1922 1385 ἐπαίνων

286 1417 300 1446 5
322 1416 393 1437 σου
414 1398 558 1447 κόσμον
577 1401 734 1449 ἀφελῇς.

376 1452 558 1490 Ἐνταῦθα
579 1453 617 1491 δὲ
636 1454 712 1504 φῄς
729 1454 794 1491 οὒκ
813 1452 895 1491 οἶδα
914 1454 952 1491 τί
969 1455 1128 1503 ὑπάρξαι
1149 1458 1186 1492 ἐν
1205 1458 1281 1495 τοῖς
1302 1455 1504 1507 γράμμασί
1520 1471 1591 1493 σου
1611 1455 1632 1492 ὅ
1655 1472 1691 1493 τι
1717 1457 1788 1507 ἐγὼ
1817 1455 1923 1504 μολί-

323 1507 452 1556 βδινος
471 1507 558 1547 ὅλος
579 1510 620 1545 οὗ
647 1510 797 1556 συνῆκα.
856 1509 904 1546 Τι’
918 1511 1028 1546 τοῦτο
1048 1509 1092 1558 ἦν
1113 1511 1155 1546 οὗ
1174 1509 1330 1559 δύναμαι
1357 1510 1522 1556 εἰκάζειν,
1543 1511 1644 1547 ἀλλὰ
1667 1509 1861 1559 μέμνημαί
1877 1527 1923 1547 σε

322 1562 451 1613 λόγοις
479 1562 574 1599 πάνυ
607 1563 753 1610 σαφέσι
783 1565 1012 1616 γεγραφέναι
1044 1563 1215 1614 δεδόχθαι
1248 1581 1311 1602 σοι
1347 1565 1567 1603 παύσασθαι
1597 1566 1663 1602 τοῦ
1694 1565 1925 1616 πράγματος,

324 1617 547 1666 ἀμφοτέρων
567 1618 682 1664 ἕνεκα,
703 1621 774 1656 σοῦ
793 1636 831 1656 τε
854 1619 912 1655 καὶ
933 1621 1032 1667 ἐμοῦ.
1091 1618 1208 1656 Τοῦτό
1227 1636 1270 1686 γε
1291 1619 1349 1656 καὶ
1366 1620 1385 1656 ὃ
1406 1621 1527 1659 Δαῧος
1548 1620 1567 1656 ὁ
1588 1621 1628 1655 ἐκ
1647 1620 1712 1667 τῆς
1738 1618 1924 1670 κωμωδίας

324 1688 395 1709 συν
398 1672 515 1708 έσειεν
528 1672 581 1715 ἄν,
600 1671 710 1720 οἶμαι
751 1672 874 1711 Οῧδη
857 1690 909 1711 ετι
929 1673 1048 1714 τελος,
1065 1673 1166 1710 ἀλλὰ
1182 1673 1241 1710 καὶ
1260 1675 1324 1722 τῆς
1344 1674 1572 1740 ἀχαριστιας,
1591 1674 1767 1711 κακίστου
1780 1674 1925 1712 πάντων

325 1724 570 1777 ἐγκλήματος
592 1725 696 1775 δίκην
714 1744 778 1776 μοι
796 1728 966 1779 γράφεις
995 1745 1038 1775 νη
1054 1728 1118 1765 τὸν
1138 1727 1258 1772 Δία,’
1244 1727 1300 1765 ότι
1324 1729 1416 1777 πρὸς
1433 1745 1478 1766 τα
1502 1745 1614 1768 οιτως
1634 1730 1827 1776 ἀσαφῶς’
1811 1745 1924 1779 επηγ-

325 1780 488 1831 γελμένα
513 1780 583 1823 καί,
614 1782 660 1820 ὡς
687 1798 788 1832 τυπῳ
824 1784 947 1825 εἰπεῖν,
979 1799 1047 1819 κατ
1090 1782 1178 1831 ὄναρ
1215 1782 1330 1832 μόνον
1367 1782 1634 1833 ἀποδειχθέντα
1667 1782 1770 1821 οἰδὲν
1803 1785 1926 1831 σαφὲς

326 1834 540 1883 ἀπεκρίθην
562 1835 726 1883 ὀφείλων
745 1837 883 1885 μεταξι
903 1837 963 1873 καὶ
982 1838 1028 1874 τὰ
1049 1837 1259 1888 εὐαγγέλια.
1310 1835 1498 1882 ’Έξεστιν,
1519 1854 1632 1886 οιμαι,
1653 1838 1926 1886 επιτρεψόντων

325 1890 426 1937 ’ἱμῶν
431 1891 508 1966 &vt-723
534 1906 728 1939 παρουσης
749 1908 874 1958 τιχης,
904 1893 934 1928 εἰ
957 1892 999 1928 οἱ·
1002 1907 1070 1930 τως
1096 1891 1205 1935 δοκεῖ,
1233 1893 1392 1942 ἀγαπᾶν,
1421 1891 1531 1929 ὁποία
1556 1908 1610 1931 τις
1632 1891 1696 1929 οἶν
1719 1892 1876 1943 ὑπάρχει
1901 1890 1926 1941 ἦ

290 1963 304 1993 .'
326 1942 490 1992 ὑπάρξει·
519 1945 721 1992 μάλιστα
708 1945 801 1983 όποι
821 1963 840 1982 o
857 1963 891 1983 τι
910 1946 1100 1993 πράττετε,
1121 1947 1246 1995 ὥσπερ
1265 1946 1444 1994 πράττετε
1463 1948 1553 1995 ἐμοῖ
1571 1962 1639 1994 την
1655 1946 1841 1995 εἰμένειαν
1859 1946 1926 1996 τὴν

326 1998 503 2046 ἰμΕΤέραν
537 1998 822 2049 ἀποδεχομένου,
853 2016 965 2039 ΟΓΤως
993 2000 1186 2037 ΟἰἻΤώπΟΤΕ
1216 2000 1407 2049 δεηθέντος
1435 2003 1525 2050 ἐμΟῑ·
1553 1998 1576 2049 ἢ
1606 2001 1927 2050 ἀντιβολήσαντος

393 2052 402 2064 Ι

327 2069 515 2101 πραττετε.
567 2052 694 2102 ”Ομως
712 2071 756 2105 γε
774 2055 963 2104 μέμνημαι
984 2054 1042 2091 διὰ
1061 2055 1288 2105 γραμμάτων
1307 2054 1533 2104 νουθετήσας
1553 2054 1609 2092 ἵνα
1628 2055 1680 2104 μὴ
1696 2056 1790 2106 ἄγαν
1810 2072 1928 2094 σπου·

329 2106 446 2157 δάσῃς
471 2108 580 2144 τοῦτο
605 2108 647 2145 τὸ
673 2112 842 2159 πρᾶγμα·
872 2110 1138 2158 ὑποσημαίνων
1164 2109 1221 2147 ὅτι
1247 2109 1329 2159 ἐμοὶ
1356 2111 1398 2147 01⁵·
1424 2110 1510 2147 λίαν
1535 2111 1646 2147 αὐτοῦ
1673 2111 1792 2158 μέλει.
1851 2110 1928 2148 Καὶ

329 2161 386 2199 διὰ
405 2162 443 2198 τί
459 2162 551 2210 μετὰ
570 2163 685 2199 ταῦτα
705 2165 921 2214 ἀγανακτεῖς
940 2174 1026 2212 μοι;

383 2216 458 2252 Καὶ
478 2216 614 2253 τούτων
634 2217 686 2254 ἔτι
706 2217 904 2267 πικρότερά
925 2220 1028 2255 ἐστιν
1048 2218 1069 2254 ἃ
1096 2216 1284 2266 ἐπιφέρεις
1303 2217 1385 2266 περὶ
1412 2219 1476 2255 τοῖ’
1500 2218 1695 2267 ἀρουραίου
1721 2218 1824 2267 μυός,
1845 2219 1928 2268 περὶ

371 2310 423 2339 54.
452 2300 636 2339 Ἱερωνύμου
652 2304 693 2332 Η.
884 2304 938 2334 60.
964 2303 1025 2342 φῆς
1040 2305 1088 2334 E:
1112 2301 1171 2342 φῇς
1194 2305 1228 2332 F.
1411 2303 1464 2333 61.
1490 2301 1593 2341 ἔξεστι
1612 2304 1748 2342 αι]ιῖι”ιῖι“;
1772 2304 1808 2340 cf.
1825 2312 1851 2334 τ.
1872 2303 1925 2342 83.

328 2345 380 2374 62.
407 2343 457 2374 καὶ
482 2347 530 2374 E:
556 2344 588 2374 δὲ
613 2348 649 2376 F.
740 2347 792 2385 63.
821 2350 865 2378 F:
894 2346 999 2377 αἴτινα
1025 2349 1062 2376 E.
1153 2346 1206 2376 66.
1233 2347 1286 2375 N:
1311 2345 1488 2385 στερρηθείς
1505 2349 1543 2377 Ε.
1633 2346 1685 2384 67.
1711 2346 1737 2376 εἷ
1754 2348 1806 2376 H:
1831 2345 1871 2384 ἢν
1889 2349 1927 2378 Ε.

331 2397 381 2426 72.
409 2387 548 2427 ε’πῃνηθῆ
566 2391 593 2418 Ε
610 2400 615 2419 :
642 2389 781 2428 ε’πῃνηθῃ
796 2393 832 2421 F.
976 2400 1025 2429 75.
1057 2393 1082 2420 F
1096 2392 1213 2419 LoncL:
1238 2389 1360 2428 ἀφελῆς
1377 2392 1446 2420 EH.
1583 2392 1632 2430 76.
1658 2392 1714 2420 H:
1738 2389 1872 2420 ἐνθαῦτα
1888 2392 1925 2421 E.

330 2431 391 2468 φῆς
408 2433 457 2461 Ε;
482 2430 542 2470 φῂς
559 2435 592 2463 I-.
707 2433 840 2472 ὑπάρξαι
858 2436 984 2471 scripsi:
1012 2433 1141 2472 {vrrr‘ypgac
1160 2435 1197 2463 Ε.
1333 2433 1386 2464 80.
1412 2432 1579 2470 συνήσειεν
1594 2437 1631 2464 E.
1743 2432 1781 2463 ἄν
1793 2436 1868 2464 add.
1888 2435 1925 2464 F.

330 2474 381 2511 84.
409 2474 494 2510 ὑμῶν
512 2475 609 2505 EN22
633 2475 721 2513 ἡμῶν
737 2476 827 2507 Ηλῧ.
962 2478 1014 2516 85.
1042 2479 1090 2507 F:
1115 2476 1221 2515 ὑπείξει
1240 2479 1279 2505 E.
1410 2486 1464 2516 90.
1489 2479 1538 2507 F:
1563 2477 1679 2508 τοῦτον
1697 2480 1731 2508 Ε.

374 2594 426 2623 54.
451 2585 645 2627 Ἱερωνύμου]
671 2586 724 2617 Cf.
742 2585 803 2625 Ep.
825 2596 897 2626 915.
917 2596 955 2625 74
974 2596 1044 2625 seq.
1166 2584 1249 2622 long
1265 2583 1335 2613 and
1353 2584 1452 2615 short
1470 2585 1600 2616 vowels
1617 2594 1674 2616 are
1692 2585 1789 2616 often
1809 2585 1876 2616 duo
1894 2588 1931 2617 to

375 2630 427 2666 50'.
454 2628 636 2668 παροιμίαν]
662 2632 768 2667 Adaq.
787 2640 829 2668 35
846 2630 916 2660 and
935 2631 1031 2669 3567.
1165 2628 1227 2657 the
1255 2628 1480 2667 compositor,
1512 2629 1539 2659 it
1569 2638 1682 2659 seems
1709 2629 1822 2668 likely
1846 2629 1932 2661 here

373 2672 426 2702 60.
454 2672 493 2702 Εἴ
507 2671 593 2711 τινα]
618 2672 680 2712 Ep.
698 2683 771 2712 9¹5·
791 2674 831 2711 84
850 2683 921 2711 seq.
1166 2671 1243 2701 that
1262 2670 1431 2701 Erasmus
1447 2681 1529 2711 may
1545 2672 1636 2703 have
1653 2672 1740 2703 been
1758 2672 1931 2713 thinking

378 2725 428 2753 70.
452 2714 621 2755 ἑρμηνεύῃ]
648 2716 710 2755 Ep.
729 2726 804 2754 915.
823 2718 941 2756 88-92.
1164 2714 1202 2745 of
1222 2713 1309 2744 such
1334 2715 1505 2746 Homerie
1529 2716 1639 2746 forms
1662 2717 1719 2754 (cs.
1747 2715 1863 2754 l.1045
1893 2725 1930 2746 as

377 2760 430 2796 76.
454 2758 528 2799 φῂς]
556 2759 617 2798 Ep.
635 2769 708 2798 915.
729 2770 770 2798 97
789 2770 860 2799 seq.
1163 2756 1305 2795 ἀνέσαιμι
1339 2760 1394 2797 (II.
1431 2768 1479 2797 14.
1512 2760 1605 2798 209st
1662 2759 1726 2798 Cf„
1754 2759 1928 2799 however,

378 2802 427 2840 78.
455 2802 667 2843 γεγραφέναι]
693 2802 744 2833 Cf.
771 2803 857 2843 Epp.
892 2804 967 2841 568.
1000 2812 1096 2842 53-5.
1163 2802 1183 2832 1.
1204 2811 1255 2840 24.

335 2856 407 2885 744.
429 2855 507 2885 37¹1-
1249 2843 1453 2886 ἀχαριστίας]
1479 2845 1532 2877 Cf.
1550 2845 1612 2884 Ep.
1632 2855 1708 2885 9¹5·
1727 2847 1824 2885 94—6.

376 2890 428 2920 80.
455 2888 634 2928 συνέσειεν]
657 2889 731 2919 The
752 2889 840 2920 form
859 2890 964 2928 given
988 2890 1026 2920 in
1052 2889 1098 2920 all
1209 2889 1262 2926 83.
1290 2888 1481 2929 εὐαγγέλια]
1508 2889 1559 2920 Cf.
1579 2889 1641 2929 Ep.
1660 2898 1733 2928 915.
1752 2890 1849 2928 96-7.

333 2932 553 2972 thvprinted
566 2933 998 2972 editionsiscomparable
1012 2933 1100 2963 with
1209 2933 1261 2971 87.
1288 2931 1498 2973 γραμμάτων]
1525 2933 1593 2963 Not
1627 2934 1772 2971 extant3
1797 2933 1840 2964 cf.
1866 2932 1930 2972 Ep.

336 2987 353 3007 a
386 2976 517 3006 ‘forma
541 2977 687 3006 barbara
703 2977 724 3015 ’,
759 2975 906 3014 συνήσας,
931 2976 1024 3007 cited
1056 2977 1102 3015 by
1167 2976 1239 3014 778.
1257 2986 1330 3014 4-7.

335 3019 547 3059 Stephanus.
590 3020 661 3050 But
671 3029 708 3050 as
721 3020 927 3050 confusions
943 3020 1102 3050 between
1209 3029 1262 3058 90.
1287 3019 1307 3050 ἃ
1325 3018 1493 3059 ἑπιφέρεις]
1521 3019 1582 3058 El».
1600 3029 1673 3058 915.
1696 3029 1758 3050 100
1774 3028 1843 3058 seq.
