1990 3353
152 120 165 143 1
178 106 272 160 235]
623 113 693 151 To
730 113 918 151 PETER
958 115 1275 153 BARBIRIUS
1675 116 1753 154 583

147 215 233 255 Nos
260 218 349 257 eius
380 233 536 269 operae,
558 234 610 259 ne
634 222 729 260 dolo
759 223 906 270 dicam,
937 225 1131 272 poenitet.
1192 226 1362 265 Nouum
1392 227 1710 265 Testamentum
1731 239 1752 264 a
1774 233 1817 265 35-

147 284 215 309 me
236 285 330 333 'non
360 274 577 313 credendis
607 275 820 315 laboribus
849 278 1100 328 castigatum
1130 283 1170 318 et
1201 283 1371 320 auctum
1392 281 1517 319 tertio
1537 280 1754 319 excuditur

147 323 344 387 Basileae.
405 327 485 366 Sed
515 329 680 378 quando
710 330 808 369 finis
836 331 987 371 harum
1016 334 1360 383 tragoediarum?
1414 335 1472 374 Vt
1497 335 1606 373 nihil
1625 333 1749 380 aliud,

147 382 255 418 certe
275 381 449 420 interim
468 383 576 432 perit
586 384 658 422 illa
671 386 871 424 serenitas
887 387 1148 426 Christianae
1169 389 1322 427 mentis
1342 403 1351 435 ;
1380 391 1420 428 et
1432 389 1582 439 vulgus
1598 389 1752 427 studio-

146 445 287 472 sorum
316 436 524 475 alienatur
551 451 575 476 a
604 439 731 477 sacris
760 439 907 479 literis.
970 441 1034 480 Tu
1065 455 1161 480 cura
1189 446 1235 482 vt
1266 446 1376 482 recte
1407 443 1572 482 valeas:
1601 443 1753 492 alioqui

145 489 372 549 mortuum,
398 491 508 540 quod
533 492 645 531 Deus
673 496 846 534 auertat.
870 494 1049 534 iniuriae
1078 509 1196 535 reum
1225 510 1447 547 peragam;
1479 498 1642 548 quando
1669 511 1751 535 non
1773 505 1820 535 40-

144 554 229 580 mS1
248 556 401 594 magno
420 558 515 584 meo
535 546 689 585 damno
709 550 813 586 mori
834 551 961 598 potes.

200 596 266 636 Ex
283 599 519 638 Anderlaco
540 614 652 639 nono
672 602 839 640 Calend.
864 603 1029 643 Octobr.
1089 606 1218 643 Anno
1240 618 1421 644 M.D.xxr.

543 794 742 837 12131236.
806 797 871 839 To
903 797 1032 840 PAUL
1067 797 1346 840 BOMBAStus.

192 896 386 942 Epistolae
406 898 453 932 ad
473 898 637 934 diuersos
656 910 692 943 p.
712 900 794 941 647.
1395 899 1634 936 Anderlecht.

191 954 287 990 HN:
314 955 429 991 Lond.
448 955 536 991 xvii.
560 967 626 999 14:
652 956 728 991 LB.
751 967 830 1002 594.
1299 968 1342 1002 23
1363 956 1585 1003 September
1606 969 1704 1004 1521.

188 1051 277 1093 [The
294 1053 478 1092 year-date
496 1055 525 1084 is
542 1054 666 1094 amply
682 1053 880 1085 confirmed
898 1054 943 1093 by
961 1053 1022 1084 the
1041 1055 1216 1084 contents.
1268 1053 1355 1085 This
1377 1054 1483 1085 letter
1498 1055 1528 1085 is
1545 1055 1700 1085 referred
1719 1056 1754 1085 to

143 1095 181 1126 in
200 1096 262 1136 Ep.
281 1097 374 1127 1260.
393 1097 526 1138 196-9.]

191 1210 398 1240 ERASMVS
430 1210 766 1241 ROTERODAMVS
799 1210 1130 1240 ERVDITISSIMO
1164 1210 1313 1240 PAVLO
1346 1210 1572 1240 BOMBASIO
1605 1211 1635 1240 S.
1658 1210 1700 1239 D.

198 1302 310 1351 va
332 1316 406 1352 ego
426 1302 561 1350 audio,
585 1303 645 1340 mi
665 1302 865 1341 Bombasi
879 1303 899 1341 ⁴?
947 1302 1029 1340 Leo
1051 1302 1172 1341 Pont.
1196 1302 1317 1347 Max„
1342 1302 1635 1340 maximusille
1655 1302 1748 1345 Leo,

142 1355 244 1407 legit
264 1370 332 1395 eas
351 1358 494 1396 literas
517 1371 619 1406 quas
639 1356 690 1395 ad
711 1359 750 1395 te
777 1357 834 1395 sic
864 1356 1089 1406 neglectim
1119 1370 1163 1394 ac
1192 1356 1457 1395 familiariter
1475 1357 1753 1406 scripseram?

142 1411 250 1460 Quid
266 1411 330 1450 illi
342 1412 460 1450 venit
475 1412 519 1449 in
532 1414 717 1450 mentem
732 1413 778 1449 vt
793 1410 948 1450 talibus
963 1411 1086 1460 nugis
1101 1412 1289 1449 mentem
1302 1414 1341 1448 et
1356 1410 1494 1449 oculos
1507 1411 1754 1449 admoueat?

142 1465 226 1504 Nec
256 1466 358 1516 legit
387 1466 512 1504 modo
533 1466 810 1504 verumetiam
834 1465 1032 1515 repetitas
1058 1465 1157 1503 viris
1187 1465 1361 1504 eruditis
1391 1465 1610 1503 ostendit?
1667 1466 1751 1503 Nec

142 1519 244 1559 istas
274 1522 442 1559 tantum
471 1520 573 1570 legit
602 1533 703 1570 quas
734 1520 812 1558 tibi
837 1520 1092 1569 scripseram,
1117 1520 1396 1558 verumetiam
1417 1533 1518 1569 quas
1537 1519 1629 1558 aliis
1649 1520 1750 1557 ami-
1771 1533 1790 1565 5

143 1574 280 1613 culis?
336 1574 427 1624 Ego
446 1588 543 1613 vero
565 1575 608 1613 in
629 1575 778 1613 talium
798 1574 1030 1613 amicorum
1051 1575 1192 1612 sinum
1219 1574 1360 1612 omnia
1380 1574 1508 1612 libere
1531 1587 1751 1623 secureque

142 1629 254 1667 soleo
275 1629 494 1679 deponere,
516 1629 712 1679 quicquid
736 1629 860 1667 fuerit
881 1628 947 1666 vel
968 1641 1160 1667 curarum
1183 1628 1249 1665 vel
1274 1641 1491 1677 nugarum.
1552 1628 1691 1666 Occidi
1718 1630 1751 1666 si

141 1697 241 1722 vera
270 1683 493 1733 praedicas,
526 1684 768 1734 praesertim
803 1696 934 1733 quum
967 1683 1056 1732 ipse
1086 1684 1267 1721 nesciam
1302 1683 1402 1732 quid
1435 1682 1479 1720 in
1510 1682 1752 1720 huiusmodi

141 1738 275 1777 literis
309 1739 535 1788 garrierim.
597 1738 714 1787 Quod
749 1737 827 1776 tibi
850 1738 966 1777 visus
990 1750 1084 1776 sum
1114 1737 1158 1775 in
1188 1737 1247 1775 eis
1276 1737 1370 1786 plus
1402 1737 1504 1775 satis
1528 1736 1751 1775 verborum

142 1793 292 1831 fecisse
322 1793 371 1830 de
392 1793 457 1840 N.‚
487 1806 573 1831 non
602 1793 803 1842 putabam
833 1792 939 1830 mihi
969 1792 1272 1841 dispiciendum
1303 1791 1401 1840 quid
1431 1790 1505 1829 tali
1533 1791 1751 1829 scriberem
1774 1804 1815 1826 10

142 1847 284 1886 amico.
346 1847 466 1885 Certe
485 1848 531 1885 in
550 1848 685 1886 literis
711 1860 813 1897 quas
841 1847 920 1896 ipsi
940 1846 1138 1885 Pontifici
1165 1846 1426 1895 scripseram,
1446 1859 1498 1883 ne
1518 1846 1644 1883 verbo
1666 1846 1751 1895 qui-

143 1902 239 1940 dem
258 1901 371 1940 illius
390 1902 499 1941 facta
518 1904 580 1941 est
600 1902 771 1940 mentio.
830 1901 1005 1950 Alioqui
1028 1901 1064 1939 si
1092 1914 1177 1938 rem
1197 1903 1242 1938 vt
1270 1900 1393 1938 habet
1418 1913 1572 1947 nosses,
1597 1899 1750 1938 diceres

142 1969 211 1994 me
241 1956 345 1995 satis
375 1969 492 2006 parce
525 1957 576 1994 de
601 1956 674 1994 illo
704 1958 899 2006 questum
930 1969 1029 1994 esse.
1088 1955 1167 1993 Sed
1198 1957 1339 1993 tamen
1368 1954 1434 1992 hic
1464 1955 1657 2004 quicquid
1689 1956 1749 1992 est

142 2009 255 2058 mali,
280 2012 566 2063 κακογλώο-σοις
594 2010 845 2061 quibusdam
876 2011 1049 2059 imputo,
1073 2009 1144 2059 qui
1169 2009 1286 2047 miris
1315 2008 1477 2046 technis
1506 2008 1751 2047 studuerant-

142 2065 359 2115 vtriusque
379 2065 570 2104 animum
585 2065 637 2104 ab
656 2065 786 2104 altero
801 2064 992 2102 alienare.
1055 2064 1140 2102 Nec
1154 2077 1220 2102 me
1236 2063 1383 2101 fefellit
1398 2068 1569 2101 conatus
1581 2063 1750 2101 scelera-
1772 2075 1813 2108 15

142 2119 356 2167 tissimus;
384 2119 456 2158 sed
476 2133 565 2159 sero
585 2120 794 2167 sensimus
816 2119 991 2169 vti-ique.

197 2174 314 2222 Quod
345 2176 486 2213 tantas
520 2187 618 2224 opes
651 2173 730 2212 tibi
761 2174 920 2224 pararis
952 2174 1124 2219 Romae,
1153 2185 1300 2222 easque
1328 2171 1492 2218 liberas,
1522 2184 1595 2210 nec
1625 2171 1750 2209 sacris

143 2227 352 2276 obnoxias,
381 2242 456 2267 nec
480 2228 554 2267 alii
579 2229 771 2278 cuiquam
802 2241 927 2277 quam
952 2230 1046 2265 tuae
1076 2227 1304 2265 industriae
1333 2228 1518 2276 acceptas
1546 2226 1748 2268 ferendas.

142 2283 309 2320 tametsi
337 2286 410 2321 tua
435 2284 573 2321 virtus
596 2283 720 2331 longe
745 2283 901 2321 maiora
928 2282 1251 2331 promerebatur,
1276 2283 1416 2319 tamen
1440 2283 1484 2318 vt
1512 2293 1620 2318 nunc
1651 2284 1748 2318 sunt

143 2339 343 2386 tempora,
362 2338 550 2387 gratulor
569 2337 648 2375 tibi
667 2337 909 2375 felicitatem
930 2337 1065 2381 istam,
1090 2335 1162 2385 qui
1186 2335 1482 2385 grauissimum
1510 2334 1614 2372 illud
1645 2347 1749 2372 onus
1773 2346 1813 2368 20

141 2394 431 2441 paupertatem
460 2392 700 2431 excusseris.
761 2391 882 2429 Nunc
902 2391 1025 2430 video
1055 2394 1096 2428 te
1125 2390 1451 2439 circunspectare
1477 2389 1588 2427 vitae
1618 2401 1748 2438 genus

142 2445 322 2484 liberum
342 2459 387 2484 ac
407 2446 699 2495 tranquillum,
721 2445 771 2484 ad
802 2446 911 2495 quod
933 2448 972 2482 te
999 2444 1114 2482 velut
1138 2444 1181 2482 in
1211 2445 1379 2493 portum
1399 2443 1582 2493 aliquem
1608 2445 1748 2481 tutum

143 2503 183 2538 et
214 2500 404 2549 quietum
425 2500 613 2550 recipias.
669 2500 803 2550 Atqui
823 2498 1017 2538 nonnihil
1039 2511 1181 2536 vereor
1201 2511 1252 2536 ne
1274 2498 1352 2536 tibi
1372 2498 1511 2536 veniat
1538 2510 1614 2535 vsu
1639 2498 1747 2546 quod

142 2554 192 2592 de
213 2554 394 2593 mustela
423 2556 565 2593 narrat
586 2554 798 2602 Horatius,
822 2554 888 2592 cui
909 2567 994 2592 non
1014 2553 1132 2591 licuit
1158 2552 1268 2590 exire
1289 2554 1461 2602 pastam,
1485 2564 1580 2589 cum
1613 2564 1748 2589 macra

142 2608 336 2658 repsisset
366 2608 410 2646 in
439 2622 644 2647 cameram
674 2609 1023 2654 frumentariam;
1053 2609 1093 2644 et
1118 2609 1260 2644 tamen
1287 2606 1564 2645 adnitendum
1587 2618 1743 2644 censeo.
1768 2613 1810 2644 25

143 2663 224 2702 Sed
245 2662 317 2701 vbi
344 2663 484 2712 potius
512 2663 554 2701 id
585 2676 724 2712 speres
755 2676 880 2713 quam
902 2662 1093 2701 Romae?
1150 2661 1257 2699 Nam
1287 2660 1522 2698 Bononiam
1553 2660 1748 2698 omnibus

363 2781 458 2812 1235.
479 2790 531 2820 35.
558 2791 685 2821 operae
704 2784 871 2819 b'C'ov‘rt‘(s.:
898 2790 1001 2820 opere
1021 2783 1052 2810 F.
1172 2778 1265 2810 1236.
1288 2789 1314 2809 1.
1340 2779 1389 2809 mi
1408 2789 1466 2810 om.
1486 2781 1527 2810 H.

189 2893 282 2923 1235.
299 2901 352 2931 35.
381 2892 525 2923 Nouum
541 2889 826 2931 Testamentum]
854 2890 917 2920 See
1032 2899 1043 2918 1
1056 2899 1081 2919 1.
1107 2887 1237 2928 literis]
1252 2888 1315 2928 Ep.
1335 2897 1415 2926 1143
1432 2900 1439 2926 ;
1457 2898 1496 2919 or
1512 2889 1554 2919 cf.
1572 2889 1631 2927 Ep.
1652 2897 1743 2926 1213.

142 2937 205 2976 Ep.
227 2946 319 2974 1174.
343 2944 418 2974 15n.
986 2942 1064 2971 27¹¹·

189 2980 284 3010 1236.
307 2989 356 3010 10.
378 2978 441 3020 'N.]
461 2977 652 3009 Aleander.
1031 2986 1081 3013 24.
1111 2974 1299 3016 Horatius]
1325 2975 1377 3007 Cf.
1399 2978 1475 3012 Epp.
1497 2985 1523 3005 1.
1545 2984 1573 3013 7.
1594 2984 1713 3014 29-33.
