<?xml version="1.0" encoding="UTF-8"?>
<!DOCTYPE html PUBLIC "-//W3C//DTD XHTML 1.0 Transitional//EN"
    "http://www.w3.org/TR/xhtml1/DTD/xhtml1-transitional.dtd">
<html xmlns="http://www.w3.org/1999/xhtml" xml:lang="en" lang="en">
 <head>
  <title>
</title>
<meta http-equiv="Content-Type" content="text/html;charset=utf-8" />
  <meta name='ocr-system' content='tesseract 3.04.00' />
  <meta name='ocr-capabilities' content='ocr_page ocr_carea ocr_par ocr_line ocrx_word'/>
</head>
<body>
  <div class='ocr_page' id='page_1' title='image "./opusepistolarumd04erasuoft_0441.png"; bbox 0 0 1990 3353; ppageno 0'>
   <div class='ocr_carea' id='block_1_1' title="bbox 84 129 1687 185">
    <p class='ocr_par' dir='ltr' id='par_1_1' title="bbox 84 129 1687 185">
     <span class='ocr_line' id='line_1_1' title="bbox 84 129 1687 185; baseline 0.001 -15"><span class='ocrx_word' id='word_1_1' title='bbox 84 129 204 185; x_wconf 88' lang='lat'><strong>1164]</strong></span> <span class='ocrx_word' id='word_1_2' title='bbox 478 133 548 173; x_wconf 90' lang='grc' dir='ltr'>ΤΟ</span> <span class='ocrx_word' id='word_1_3' title='bbox 589 130 919 172; x_wconf 86' lang='lat' dir='ltr'>GODESCALC</span> <span class='ocrx_word' id='word_1_4' title='bbox 957 131 1298 171; x_wconf 86' lang='lat' dir='ltr'>ROSEMONDT</span> <span class='ocrx_word' id='word_1_5' title='bbox 1606 133 1687 172; x_wconf 83' lang='lat'>393</span> 
     </span>
    </p>
   </div>
   <div class='ocr_carea' id='block_1_2' title="bbox 78 241 1752 1860">
    <p class='ocr_par' dir='ltr' id='par_1_2' title="bbox 78 241 1749 945">
     <span class='ocr_line' id='line_1_2' title="bbox 83 241 1688 293; baseline -0.001 -11"><span class='ocrx_word' id='word_1_6' title='bbox 83 245 156 289; x_wconf 86' lang='lat' dir='ltr'>set,</span> <span class='ocrx_word' id='word_1_7' title='bbox 179 243 250 282; x_wconf 86' lang='lat' dir='ltr'>sed</span> <span class='ocrx_word' id='word_1_8' title='bbox 270 245 410 281; x_wconf 86' lang='lat' dir='ltr'>tamen</span> <span class='ocrx_word' id='word_1_9' title='bbox 430 243 564 291; x_wconf 86' lang='lat' dir='ltr'>vultu,</span> <span class='ocrx_word' id='word_1_10' title='bbox 589 244 709 293; x_wconf 88' lang='lat' dir='ltr'>gestu</span> <span class='ocrx_word' id='word_1_11' title='bbox 728 243 898 291; x_wconf 86' lang='lat' dir='ltr'>totoque</span> <span class='ocrx_word' id='word_1_12' title='bbox 917 254 1105 280; x_wconf 83' lang='lat' dir='ltr'>sermone</span> <span class='ocrx_word' id='word_1_13' title='bbox 1125 241 1351 280; x_wconf 85' lang='lat' dir='ltr'>declarauit</span> <span class='ocrx_word' id='word_1_14' title='bbox 1377 255 1420 281; x_wconf 92' lang='lat' dir='ltr'>se</span> <span class='ocrx_word' id='word_1_15' title='bbox 1451 241 1615 280; x_wconf 90' lang='lat' dir='ltr'>conscio</span> <span class='ocrx_word' id='word_1_16' title='bbox 1641 255 1688 280; x_wconf 86' lang='lat' dir='ltr'>ac</span> 
     </span>
     <span class='ocr_line' id='line_1_3' title="bbox 80 295 1749 346; baseline -0.003 -10"><span class='ocrx_word' id='word_1_17' title='bbox 80 298 247 337; x_wconf 80' lang='lat' dir='ltr'>volente</span> <span class='ocrx_word' id='word_1_18' title='bbox 279 298 378 336; x_wconf 84' lang='lat' dir='ltr'>haec</span> <span class='ocrx_word' id='word_1_19' title='bbox 415 298 515 336; x_wconf 81' lang='lat' dir='ltr'>fieri.</span> <span class='ocrx_word' id='word_1_20' title='bbox 574 296 781 335; x_wconf 82' lang='lat' dir='ltr'>Postridie</span> <span class='ocrx_word' id='word_1_21' title='bbox 815 296 905 334; x_wconf 90' lang='lat' dir='ltr'>eius</span> <span class='ocrx_word' id='word_1_22' title='bbox 938 296 1019 334; x_wconf 89' lang='lat' dir='ltr'>diei</span> <span class='ocrx_word' id='word_1_23' title='bbox 1048 297 1164 334; x_wconf 89' lang='lat' dir='ltr'>venit</span> <span class='ocrx_word' id='word_1_24' title='bbox 1193 296 1244 335; x_wconf 86' lang='lat' dir='ltr'>ad</span> <span class='ocrx_word' id='word_1_25' title='bbox 1277 309 1346 334; x_wconf 90' lang='lat' dir='ltr'>me</span> <span class='ocrx_word' id='word_1_26' title='bbox 1374 295 1582 346; x_wconf 87' lang='lat' dir='ltr'>Phrysius</span> <span class='ocrx_word' id='word_1_27' title='bbox 1616 295 1687 334; x_wconf 87' lang='lat' dir='ltr'>ille</span> <span class='ocrx_word' id='word_1_28' title='bbox 1708 309 1749 340; x_wconf 84' lang='lat'>50</span> 
     </span>
     <span class='ocr_line' id='line_1_4' title="bbox 81 350 1688 402; baseline -0.002 -12"><span class='ocrx_word' id='word_1_29' title='bbox 81 352 215 390; x_wconf 89' lang='lat' dir='ltr'>veluti</span> <span class='ocrx_word' id='word_1_30' title='bbox 245 354 495 402; x_wconf 80' lang='lat' dir='ltr'>purgaturus</span> <span class='ocrx_word' id='word_1_31' title='bbox 525 365 623 399; x_wconf 88' lang='lat' dir='ltr'>sese,</span> <span class='ocrx_word' id='word_1_32' title='bbox 646 350 814 389; x_wconf 88' lang='lat' dir='ltr'>iuuenis</span> <span class='ocrx_word' id='word_1_33' title='bbox 841 350 948 388; x_wconf 90' lang='lat' dir='ltr'>mire</span> <span class='ocrx_word' id='word_1_34' title='bbox 978 350 1201 396; x_wconf 79' lang='lat' dir='ltr'>confidens,</span> <span class='ocrx_word' id='word_1_35' title='bbox 1223 353 1266 389; x_wconf 91' lang='lat' dir='ltr'>et</span> <span class='ocrx_word' id='word_1_36' title='bbox 1295 350 1367 400; x_wconf 87' lang='lat' dir='ltr'>qui</span> <span class='ocrx_word' id='word_1_37' title='bbox 1398 350 1478 388; x_wconf 90' lang='lat' dir='ltr'>sibi</span> <span class='ocrx_word' id='word_1_38' title='bbox 1498 350 1688 389; x_wconf 86' lang='lat' dir='ltr'>videatur</span> 
     </span>
     <span class='ocr_line' id='line_1_5' title="bbox 81 404 1688 457; baseline -0.001 -13"><span class='ocrx_word' id='word_1_39' title='bbox 81 406 189 444; x_wconf 84' lang='lat' dir='ltr'>nihil</span> <span class='ocrx_word' id='word_1_40' title='bbox 208 405 325 456; x_wconf 90' lang='lat' dir='ltr'>loqui</span> <span class='ocrx_word' id='word_1_41' title='bbox 344 407 428 444; x_wconf 91' lang='lat' dir='ltr'>nisi</span> <span class='ocrx_word' id='word_1_42' title='bbox 447 419 633 457; x_wconf 84' lang='lat' dir='ltr'>gemmas</span> <span class='ocrx_word' id='word_1_43' title='bbox 653 417 800 453; x_wconf 86' lang='lat' dir='ltr'>meras,</span> <span class='ocrx_word' id='word_1_44' title='bbox 824 417 962 443; x_wconf 89' lang='lat' dir='ltr'>meros</span> <span class='ocrx_word' id='word_1_45' title='bbox 980 404 1176 443; x_wconf 87' lang='lat' dir='ltr'>flosculos</span> <span class='ocrx_word' id='word_1_46' title='bbox 1200 407 1243 443; x_wconf 91' lang='lat' dir='ltr'>et</span> <span class='ocrx_word' id='word_1_47' title='bbox 1268 405 1431 443; x_wconf 85' lang='lat' dir='ltr'>oracula</span> <span class='ocrx_word' id='word_1_48' title='bbox 1458 417 1582 443; x_wconf 88' lang='lat' dir='ltr'>mera.</span> <span class='ocrx_word' id='word_1_49' title='bbox 1643 404 1688 443; x_wconf 90' lang='lat' dir='ltr'>Is</span> 
     </span>
     <span class='ocr_line' id='line_1_6' title="bbox 78 458 1688 509; baseline -0.001 -11"><span class='ocrx_word' id='word_1_50' title='bbox 78 461 215 499; x_wconf 83' lang='lat' dir='ltr'>fassus</span> <span class='ocrx_word' id='word_1_51' title='bbox 234 463 298 499; x_wconf 91' lang='lat' dir='ltr'>est</span> <span class='ocrx_word' id='word_1_52' title='bbox 317 474 361 499; x_wconf 88' lang='lat' dir='ltr'>se</span> <span class='ocrx_word' id='word_1_53' title='bbox 387 460 433 498; x_wconf 92' lang='lat' dir='ltr'>in</span> <span class='ocrx_word' id='word_1_54' title='bbox 457 461 521 499; x_wconf 90' lang='lat' dir='ltr'>die</span> <span class='ocrx_word' id='word_1_55' title='bbox 544 461 664 499; x_wconf 85' lang='lat' dir='ltr'>diuae</span> <span class='ocrx_word' id='word_1_56' title='bbox 684 459 930 500; x_wconf 85' lang='lat' dir='ltr'>Gatherinae</span> <span class='ocrx_word' id='word_1_57' title='bbox 957 458 1078 508; x_wconf 86' lang='lat' dir='ltr'>plura</span> <span class='ocrx_word' id='word_1_58' title='bbox 1098 459 1252 498; x_wconf 80' lang='lat' dir='ltr'>dixisse</span> <span class='ocrx_word' id='word_1_59' title='bbox 1271 472 1396 509; x_wconf 87' lang='lat' dir='ltr'>quam</span> <span class='ocrx_word' id='word_1_60' title='bbox 1425 459 1534 498; x_wconf 91' lang='lat' dir='ltr'>mihi</span> <span class='ocrx_word' id='word_1_61' title='bbox 1553 459 1688 497; x_wconf 84' lang='lat' dir='ltr'>fuerat</span> 
     </span>
     <span class='ocr_line' id='line_1_7' title="bbox 80 512 1688 565; baseline -0.001 -12"><span class='ocrx_word' id='word_1_62' title='bbox 80 515 275 553; x_wconf 90' lang='lat' dir='ltr'>delatum.</span> <span class='ocrx_word' id='word_1_63' title='bbox 317 516 371 553; x_wconf 91' lang='lat' dir='ltr'>Et</span> <span class='ocrx_word' id='word_1_64' title='bbox 392 515 436 553; x_wconf 91' lang='lat' dir='ltr'>in</span> <span class='ocrx_word' id='word_1_65' title='bbox 458 515 750 565; x_wconf 81' lang='lat' dir='ltr'>purgationem</span> <span class='ocrx_word' id='word_1_66' title='bbox 769 513 832 552; x_wconf 90' lang='lat' dir='ltr'>sui</span> <span class='ocrx_word' id='word_1_67' title='bbox 854 513 960 551; x_wconf 86' lang='lat' dir='ltr'>mira</span> <span class='ocrx_word' id='word_1_68' title='bbox 979 512 1230 552; x_wconf 84' lang='lat' dir='ltr'>confidentia</span> <span class='ocrx_word' id='word_1_69' title='bbox 1248 514 1464 564; x_wconf 80' lang='lat' dir='ltr'>proposuit</span> <span class='ocrx_word' id='word_1_70' title='bbox 1486 513 1688 564; x_wconf 83' lang='lat' dir='ltr'>quaedam</span> 
     </span>
     <span class='ocr_line' id='line_1_8' title="bbox 79 567 1747 618; baseline -0.001 -11"><span class='ocrx_word' id='word_1_71' title='bbox 79 572 166 607; x_wconf 86' lang='lat' dir='ltr'>tam</span> <span class='ocrx_word' id='word_1_72' title='bbox 186 569 314 608; x_wconf 88' lang='lat' dir='ltr'>stulta</span> <span class='ocrx_word' id='word_1_73' title='bbox 329 572 376 608; x_wconf 88' lang='lat' dir='ltr'>vt</span> <span class='ocrx_word' id='word_1_74' title='bbox 395 569 694 608; x_wconf 89' lang='lat' dir='ltr'>stultissimum</span> <span class='ocrx_word' id='word_1_75' title='bbox 709 568 837 606; x_wconf 87' lang='lat' dir='ltr'>fuerit</span> <span class='ocrx_word' id='word_1_76' title='bbox 856 568 1124 617; x_wconf 89' lang='lat' dir='ltr'>respondere:</span> <span class='ocrx_word' id='word_1_77' title='bbox 1154 567 1322 606; x_wconf 86' lang='lat' dir='ltr'>tametsi</span> <span class='ocrx_word' id='word_1_78' title='bbox 1336 568 1534 618; x_wconf 86' lang='lat' dir='ltr'>respondi</span> <span class='ocrx_word' id='word_1_79' title='bbox 1553 567 1687 606; x_wconf 89' lang='lat' dir='ltr'>tribus</span> <span class='ocrx_word' id='word_1_80' title='bbox 1708 581 1747 612; x_wconf 84' lang='lat'>55</span> 
     </span>
     <span class='ocr_line' id='line_1_9' title="bbox 81 621 1688 673; baseline -0.001 -12"><span class='ocrx_word' id='word_1_81' title='bbox 81 623 231 662; x_wconf 88' lang='lat' dir='ltr'>verbis.</span> <span class='ocrx_word' id='word_1_82' title='bbox 290 623 591 662; x_wconf 87' lang='lat' dir='ltr'>Edmondanus</span> <span class='ocrx_word' id='word_1_83' title='bbox 615 624 658 661; x_wconf 90' lang='lat' dir='ltr'>in</span> <span class='ocrx_word' id='word_1_84' title='bbox 686 622 937 673; x_wconf 83' lang='lat' dir='ltr'>auspicando</span> <span class='ocrx_word' id='word_1_85' title='bbox 957 621 1090 661; x_wconf 87' lang='lat' dir='ltr'>Paulo</span> <span class='ocrx_word' id='word_1_86' title='bbox 1119 625 1306 672; x_wconf 82' lang='lat' dir='ltr'>precatus</span> <span class='ocrx_word' id='word_1_87' title='bbox 1333 624 1395 660; x_wconf 91' lang='lat' dir='ltr'>est</span> <span class='ocrx_word' id='word_1_88' title='bbox 1414 624 1471 670; x_wconf 82' lang='lat' dir='ltr'>vt,</span> <span class='ocrx_word' id='word_1_89' title='bbox 1496 623 1688 672; x_wconf 86' lang='lat' dir='ltr'>quemad—</span> 
     </span>
     <span class='ocr_line' id='line_1_10' title="bbox 80 676 1684 727; baseline -0.001 -11"><span class='ocrx_word' id='word_1_90' title='bbox 80 678 252 716; x_wconf 91' lang='lat' dir='ltr'>modum</span> <span class='ocrx_word' id='word_1_91' title='bbox 276 677 431 716; x_wconf 83' lang='lat' dir='ltr'>Paulus</span> <span class='ocrx_word' id='word_1_92' title='bbox 450 691 500 716; x_wconf 81' lang='lat' dir='ltr'>ex</span> <span class='ocrx_word' id='word_1_93' title='bbox 520 677 729 716; x_wconf 78' lang='lat' dir='ltr'>Ecclesiae</span> <span class='ocrx_word' id='word_1_94' title='bbox 747 679 1042 727; x_wconf 88' lang='lat' dir='ltr'>persequutore</span> <span class='ocrx_word' id='word_1_95' title='bbox 1061 677 1194 715; x_wconf 87' lang='lat' dir='ltr'>factus</span> <span class='ocrx_word' id='word_1_96' title='bbox 1218 679 1282 715; x_wconf 83' lang='lat' dir='ltr'>est</span> <span class='ocrx_word' id='word_1_97' title='bbox 1302 676 1509 715; x_wconf 82' lang='lat' dir='ltr'>Ecclesiae</span> <span class='ocrx_word' id='word_1_98' title='bbox 1528 677 1684 724; x_wconf 83' lang='lat' dir='ltr'>doctor,</span> 
     </span>
     <span class='ocr_line' id='line_1_11' title="bbox 79 730 1689 782; baseline -0.001 -12"><span class='ocrx_word' id='word_1_99' title='bbox 79 732 138 770; x_wconf 88' lang='lat' dir='ltr'>ita</span> <span class='ocrx_word' id='word_1_100' title='bbox 168 734 467 771; x_wconf 88' lang='lat' dir='ltr'>conuertantur</span> <span class='ocrx_word' id='word_1_101' title='bbox 495 732 719 782; x_wconf 88' lang='lat' dir='ltr'>aliquando</span> <span class='ocrx_word' id='word_1_102' title='bbox 748 731 958 770; x_wconf 89' lang='lat' dir='ltr'>Lutherus</span> <span class='ocrx_word' id='word_1_103' title='bbox 986 733 1027 769; x_wconf 90' lang='lat' dir='ltr'>et</span> <span class='ocrx_word' id='word_1_104' title='bbox 1056 730 1271 770; x_wconf 84' lang='lat' dir='ltr'>Erasmus.</span> <span class='ocrx_word' id='word_1_105' title='bbox 1332 731 1440 779; x_wconf 80' lang='lat' dir='ltr'>Quid</span> <span class='ocrx_word' id='word_1_106' title='bbox 1464 732 1535 769; x_wconf 86' lang='lat' dir='ltr'>fiet</span> <span class='ocrx_word' id='word_1_107' title='bbox 1564 731 1689 769; x_wconf 81' lang='lat' dir='ltr'>istis?</span> 
     </span>
     <span class='ocr_line' id='line_1_12' title="bbox 82 785 1688 837; baseline -0.001 -13"><span class='ocrx_word' id='word_1_108' title='bbox 82 786 200 824; x_wconf 91' lang='lat' dir='ltr'>Nihil</span> <span class='ocrx_word' id='word_1_109' title='bbox 229 786 363 836; x_wconf 89' lang='lat' dir='ltr'>magis</span> <span class='ocrx_word' id='word_1_110' title='bbox 393 789 538 836; x_wconf 90' lang='lat' dir='ltr'>optent</span> <span class='ocrx_word' id='word_1_111' title='bbox 567 800 692 837; x_wconf 88' lang='lat' dir='ltr'>quam</span> <span class='ocrx_word' id='word_1_112' title='bbox 711 788 757 825; x_wconf 89' lang='lat' dir='ltr'>vt</span> <span class='ocrx_word' id='word_1_113' title='bbox 786 785 925 836; x_wconf 85' lang='lat' dir='ltr'>aliqua</span> <span class='ocrx_word' id='word_1_114' title='bbox 953 785 1112 824; x_wconf 87' lang='lat' dir='ltr'>ratione</span> <span class='ocrx_word' id='word_1_115' title='bbox 1141 785 1307 824; x_wconf 90' lang='lat' dir='ltr'>molesti</span> <span class='ocrx_word' id='word_1_116' title='bbox 1338 786 1435 824; x_wconf 91' lang='lat' dir='ltr'>sint.</span> <span class='ocrx_word' id='word_1_117' title='bbox 1495 785 1552 823; x_wconf 90' lang='lat' dir='ltr'>Et</span> <span class='ocrx_word' id='word_1_118' title='bbox 1580 785 1688 824; x_wconf 88' lang='lat' dir='ltr'>male</span> 
     </span>
     <span class='ocr_line' id='line_1_13' title="bbox 80 839 1749 891; baseline 0 -12"><span class='ocrx_word' id='word_1_119' title='bbox 80 841 204 880; x_wconf 88' lang='lat' dir='ltr'>habet</span> <span class='ocrx_word' id='word_1_120' title='bbox 237 840 333 879; x_wconf 88' lang='lat' dir='ltr'>illos</span> <span class='ocrx_word' id='word_1_121' title='bbox 358 841 467 891; x_wconf 92' lang='lat' dir='ltr'>quod</span> <span class='ocrx_word' id='word_1_122' title='bbox 500 841 767 879; x_wconf 87' lang='lat' dir='ltr'>Lutheranus</span> <span class='ocrx_word' id='word_1_123' title='bbox 801 853 886 878; x_wconf 89' lang='lat' dir='ltr'>non</span> <span class='ocrx_word' id='word_1_124' title='bbox 915 839 1025 878; x_wconf 86' lang='lat' dir='ltr'>sim:</span> <span class='ocrx_word' id='word_1_125' title='bbox 1069 842 1117 878; x_wconf 88' lang='lat' dir='ltr'>vt</span> <span class='ocrx_word' id='word_1_126' title='bbox 1150 853 1193 878; x_wconf 91' lang='lat' dir='ltr'>re</span> <span class='ocrx_word' id='word_1_127' title='bbox 1222 853 1320 879; x_wconf 86' lang='lat' dir='ltr'>vera</span> <span class='ocrx_word' id='word_1_128' title='bbox 1353 853 1437 878; x_wconf 92' lang='lat' dir='ltr'>non</span> <span class='ocrx_word' id='word_1_129' title='bbox 1467 852 1572 886; x_wconf 87' lang='lat' dir='ltr'>sum,</span> <span class='ocrx_word' id='word_1_130' title='bbox 1605 840 1689 878; x_wconf 91' lang='lat' dir='ltr'>nisi</span> <span class='ocrx_word' id='word_1_131' title='bbox 1707 848 1749 879; x_wconf 91' lang='lat'>60</span> 
     </span>
     <span class='ocr_line' id='line_1_14' title="bbox 79 895 594 945; baseline 0.002 -12"><span class='ocrx_word' id='word_1_132' title='bbox 79 895 233 933; x_wconf 84' lang='lat' dir='ltr'>seruiat</span> <span class='ocrx_word' id='word_1_133' title='bbox 253 895 407 945; x_wconf 86' lang='lat' dir='ltr'>gloriae</span> <span class='ocrx_word' id='word_1_134' title='bbox 426 895 594 934; x_wconf 79' lang='lat' dir='ltr'>Christi.</span> 
     </span>
    </p>

    <p class='ocr_par' dir='ltr' id='par_1_3' title="bbox 80 948 1752 1750">
     <span class='ocr_line' id='line_1_15' title="bbox 135 948 1687 999; baseline 0 -12"><span class='ocrx_word' id='word_1_135' title='bbox 135 949 226 988; x_wconf 87' lang='lat' dir='ltr'>Scio</span> <span class='ocrx_word' id='word_1_136' title='bbox 260 963 327 988; x_wconf 90' lang='lat' dir='ltr'>me</span> <span class='ocrx_word' id='word_1_137' title='bbox 360 962 450 988; x_wconf 91' lang='lat' dir='ltr'>esse</span> <span class='ocrx_word' id='word_1_138' title='bbox 478 950 648 999; x_wconf 86' lang='lat' dir='ltr'>linguae</span> <span class='ocrx_word' id='word_1_139' title='bbox 674 949 922 988; x_wconf 86' lang='lat' dir='ltr'>licentioris:</span> <span class='ocrx_word' id='word_1_140' title='bbox 964 948 1108 988; x_wconf 90' lang='lat' dir='ltr'>nullus</span> <span class='ocrx_word' id='word_1_141' title='bbox 1137 951 1280 987; x_wconf 86' lang='lat' dir='ltr'>tamen</span> <span class='ocrx_word' id='word_1_142' title='bbox 1307 949 1472 988; x_wconf 87' lang='lat' dir='ltr'>audiuit</span> <span class='ocrx_word' id='word_1_143' title='bbox 1500 961 1568 987; x_wconf 90' lang='lat' dir='ltr'>me</span> <span class='ocrx_word' id='word_1_144' title='bbox 1598 962 1687 999; x_wconf 89' lang='lat' dir='ltr'>pro-</span> 
     </span>
     <span class='ocr_line' id='line_1_16' title="bbox 81 1003 1685 1054; baseline -0.001 -12"><span class='ocrx_word' id='word_1_145' title='bbox 81 1003 246 1042; x_wconf 90' lang='lat' dir='ltr'>bantem</span> <span class='ocrx_word' id='word_1_146' title='bbox 284 1004 462 1042; x_wconf 87' lang='lat' dir='ltr'>Lutheri</span> <span class='ocrx_word' id='word_1_147' title='bbox 495 1004 738 1043; x_wconf 78' lang='lat' dir='ltr'>doctrinam.</span> <span class='ocrx_word' id='word_1_148' title='bbox 799 1003 944 1042; x_wconf 90' lang='lat' dir='ltr'>Libros</span> <span class='ocrx_word' id='word_1_149' title='bbox 974 1003 1091 1042; x_wconf 87' lang='lat' dir='ltr'>illius</span> <span class='ocrx_word' id='word_1_150' title='bbox 1120 1016 1336 1053; x_wconf 89' lang='lat' dir='ltr'>nunquam</span> <span class='ocrx_word' id='word_1_151' title='bbox 1365 1003 1509 1042; x_wconf 88' lang='lat' dir='ltr'>studui</span> <span class='ocrx_word' id='word_1_152' title='bbox 1537 1003 1685 1054; x_wconf 83' lang='lat' dir='ltr'>legere,</span> 
     </span>
     <span class='ocr_line' id='line_1_17' title="bbox 80 1057 1689 1109; baseline 0 -13"><span class='ocrx_word' id='word_1_153' title='bbox 80 1061 242 1108; x_wconf 86' lang='lat' dir='ltr'>praeter</span> <span class='ocrx_word' id='word_1_154' title='bbox 270 1071 420 1108; x_wconf 87' lang='lat' dir='ltr'>paucas</span> <span class='ocrx_word' id='word_1_155' title='bbox 448 1059 642 1109; x_wconf 84' lang='lat' dir='ltr'>pagellas,</span> <span class='ocrx_word' id='word_1_156' title='bbox 667 1071 816 1108; x_wconf 82' lang='lat' dir='ltr'>easque</span> <span class='ocrx_word' id='word_1_157' title='bbox 836 1058 1076 1108; x_wconf 83' lang='lat' dir='ltr'>degustatas</span> <span class='ocrx_word' id='word_1_158' title='bbox 1096 1058 1237 1096; x_wconf 85' lang='lat' dir='ltr'>verius</span> <span class='ocrx_word' id='word_1_159' title='bbox 1256 1071 1380 1108; x_wconf 84' lang='lat' dir='ltr'>quam</span> <span class='ocrx_word' id='word_1_160' title='bbox 1401 1058 1538 1096; x_wconf 82' lang='lat' dir='ltr'>lectas.</span> <span class='ocrx_word' id='word_1_161' title='bbox 1599 1057 1689 1096; x_wconf 90' lang='lat' dir='ltr'>Dis-</span> 
     </span>
     <span class='ocr_line' id='line_1_18' title="bbox 81 1112 1748 1163; baseline 0.001 -12"><span class='ocrx_word' id='word_1_162' title='bbox 81 1113 367 1163; x_wconf 82' lang='lat' dir='ltr'>putationibus</span> <span class='ocrx_word' id='word_1_163' title='bbox 386 1114 536 1152; x_wconf 87' lang='lat' dir='ltr'>vestris</span> <span class='ocrx_word' id='word_1_164' title='bbox 561 1114 758 1152; x_wconf 87' lang='lat' dir='ltr'>aduersus</span> <span class='ocrx_word' id='word_1_165' title='bbox 779 1113 1011 1151; x_wconf 87' lang='lat' dir='ltr'>Lutherum</span> <span class='ocrx_word' id='word_1_166' title='bbox 1033 1125 1196 1162; x_wconf 86' lang='lat' dir='ltr'>semper</span> <span class='ocrx_word' id='word_1_167' title='bbox 1215 1113 1553 1151; x_wconf 87' lang='lat' dir='ltr'>constantissime</span> <span class='ocrx_word' id='word_1_168' title='bbox 1579 1112 1688 1150; x_wconf 88' lang='lat' dir='ltr'>faui:</span> <span class='ocrx_word' id='word_1_169' title='bbox 1707 1120 1748 1162; x_wconf 90' lang='lat'>65</span> 
     </span>
     <span class='ocr_line' id='line_1_19' title="bbox 81 1166 1689 1218; baseline -0.001 -13"><span class='ocrx_word' id='word_1_170' title='bbox 81 1168 152 1205; x_wconf 90' lang='lat' dir='ltr'>sed</span> <span class='ocrx_word' id='word_1_171' title='bbox 187 1167 321 1205; x_wconf 89' lang='lat' dir='ltr'>multo</span> <span class='ocrx_word' id='word_1_172' title='bbox 355 1168 490 1217; x_wconf 86' lang='lat' dir='ltr'>magis</span> <span class='ocrx_word' id='word_1_173' title='bbox 523 1168 700 1218; x_wconf 80' lang='lat' dir='ltr'>scriptis,</span> <span class='ocrx_word' id='word_1_174' title='bbox 734 1168 914 1206; x_wconf 84' lang='lat' dir='ltr'>maxime</span> <span class='ocrx_word' id='word_1_175' title='bbox 943 1167 997 1206; x_wconf 89' lang='lat' dir='ltr'>M.</span> <span class='ocrx_word' id='word_1_176' title='bbox 1029 1166 1078 1205; x_wconf 89' lang='lat' dir='ltr'>N.</span> <span class='ocrx_word' id='word_1_177' title='bbox 1110 1167 1282 1206; x_wconf 87' lang='lat' dir='ltr'>Ioannis</span> <span class='ocrx_word' id='word_1_178' title='bbox 1310 1167 1583 1213; x_wconf 83' lang='lat' dir='ltr'>Turenhouti,</span> <span class='ocrx_word' id='word_1_179' title='bbox 1617 1167 1689 1216; x_wconf 88' lang='lat' dir='ltr'>qui</span> 
     </span>
     <span class='ocr_line' id='line_1_20' title="bbox 83 1221 1685 1273; baseline 0 -14"><span class='ocrx_word' id='word_1_180' title='bbox 83 1222 200 1260; x_wconf 90' lang='lat' dir='ltr'>docte</span> <span class='ocrx_word' id='word_1_181' title='bbox 219 1225 260 1260; x_wconf 91' lang='lat' dir='ltr'>et</span> <span class='ocrx_word' id='word_1_182' title='bbox 279 1222 369 1260; x_wconf 90' lang='lat' dir='ltr'>sine</span> <span class='ocrx_word' id='word_1_183' title='bbox 389 1223 602 1261; x_wconf 86' lang='lat' dir='ltr'>affectibus</span> <span class='ocrx_word' id='word_1_184' title='bbox 624 1222 866 1273; x_wconf 90' lang='lat' dir='ltr'>disputauit,</span> <span class='ocrx_word' id='word_1_185' title='bbox 888 1224 934 1260; x_wconf 91' lang='lat' dir='ltr'>vt</span> <span class='ocrx_word' id='word_1_186' title='bbox 960 1221 1095 1260; x_wconf 86' lang='lat' dir='ltr'>audio.</span> <span class='ocrx_word' id='word_1_187' title='bbox 1153 1222 1260 1261; x_wconf 90' lang='lat' dir='ltr'>Cum</span> <span class='ocrx_word' id='word_1_188' title='bbox 1286 1224 1556 1260; x_wconf 80' lang='lat' dir='ltr'>exurerentur</span> <span class='ocrx_word' id='word_1_189' title='bbox 1575 1221 1685 1269; x_wconf 90' lang='lat' dir='ltr'>libri,</span> 
     </span>
     <span class='ocr_line' id='line_1_21' title="bbox 84 1276 1689 1325; baseline 0 -11"><span class='ocrx_word' id='word_1_190' title='bbox 84 1290 208 1315; x_wconf 91' lang='lat' dir='ltr'>nemo</span> <span class='ocrx_word' id='word_1_191' title='bbox 236 1289 304 1314; x_wconf 93' lang='lat' dir='ltr'>me</span> <span class='ocrx_word' id='word_1_192' title='bbox 333 1276 560 1315; x_wconf 86' lang='lat' dir='ltr'>tristiorem</span> <span class='ocrx_word' id='word_1_193' title='bbox 589 1277 707 1315; x_wconf 88' lang='lat' dir='ltr'>vidit.</span> <span class='ocrx_word' id='word_1_194' title='bbox 768 1276 1018 1315; x_wconf 88' lang='lat' dir='ltr'>Constanter</span> <span class='ocrx_word' id='word_1_195' title='bbox 1046 1277 1184 1315; x_wconf 81' lang='lat' dir='ltr'>fassus</span> <span class='ocrx_word' id='word_1_196' title='bbox 1213 1289 1307 1314; x_wconf 90' lang='lat' dir='ltr'>sum</span> <span class='ocrx_word' id='word_1_197' title='bbox 1338 1276 1444 1314; x_wconf 88' lang='lat' dir='ltr'>mihi</span> <span class='ocrx_word' id='word_1_198' title='bbox 1473 1276 1689 1325; x_wconf 90' lang='lat' dir='ltr'>displicere</span> 
     </span>
     <span class='ocr_line' id='line_1_22' title="bbox 84 1330 1688 1381; baseline 0 -13"><span class='ocrx_word' id='word_1_199' title='bbox 84 1331 127 1368; x_wconf 87' lang='lat' dir='ltr'>in</span> <span class='ocrx_word' id='word_1_200' title='bbox 147 1344 194 1369; x_wconf 92' lang='lat' dir='ltr'>eo</span> <span class='ocrx_word' id='word_1_201' title='bbox 214 1331 433 1380; x_wconf 87' lang='lat' dir='ltr'>permulta.</span> <span class='ocrx_word' id='word_1_202' title='bbox 494 1331 648 1381; x_wconf 88' lang='lat' dir='ltr'>Scripsi</span> <span class='ocrx_word' id='word_1_203' title='bbox 667 1331 865 1381; x_wconf 84' lang='lat' dir='ltr'>priuatim</span> <span class='ocrx_word' id='word_1_204' title='bbox 893 1331 1027 1369; x_wconf 86' lang='lat' dir='ltr'>multa</span> <span class='ocrx_word' id='word_1_205' title='bbox 1047 1333 1089 1369; x_wconf 93' lang='lat' dir='ltr'>et</span> <span class='ocrx_word' id='word_1_206' title='bbox 1109 1331 1198 1368; x_wconf 86' lang='lat' dir='ltr'>dixi</span> <span class='ocrx_word' id='word_1_207' title='bbox 1217 1331 1353 1369; x_wconf 88' lang='lat' dir='ltr'>multa</span> <span class='ocrx_word' id='word_1_208' title='bbox 1372 1344 1476 1380; x_wconf 84' lang='lat' dir='ltr'>quae</span> <span class='ocrx_word' id='word_1_209' title='bbox 1495 1331 1618 1369; x_wconf 90' lang='lat' dir='ltr'>illum</span> <span class='ocrx_word' id='word_1_210' title='bbox 1638 1330 1688 1369; x_wconf 89' lang='lat' dir='ltr'>ab</span> 
     </span>
     <span class='ocr_line' id='line_1_23' title="bbox 82 1385 1752 1436; baseline -0.002 -13"><span class='ocrx_word' id='word_1_211' title='bbox 82 1385 161 1423; x_wconf 89' lang='lat' dir='ltr'>hoc</span> <span class='ocrx_word' id='word_1_212' title='bbox 190 1385 389 1424; x_wconf 84' lang='lat' dir='ltr'>seditioso</span> <span class='ocrx_word' id='word_1_213' title='bbox 420 1385 627 1424; x_wconf 87' lang='lat' dir='ltr'>scribendi</span> <span class='ocrx_word' id='word_1_214' title='bbox 656 1399 807 1436; x_wconf 87' lang='lat' dir='ltr'>genere</span> <span class='ocrx_word' id='word_1_215' title='bbox 835 1387 1166 1435; x_wconf 88' lang='lat' dir='ltr'>compescerent:</span> <span class='ocrx_word' id='word_1_216' title='bbox 1201 1387 1243 1423; x_wconf 91' lang='lat' dir='ltr'>et</span> <span class='ocrx_word' id='word_1_217' title='bbox 1271 1385 1534 1423; x_wconf 89' lang='lat' dir='ltr'>Lutheranus</span> <span class='ocrx_word' id='word_1_218' title='bbox 1552 1398 1686 1424; x_wconf 87' lang='lat' dir='ltr'>vocor.</span> <span class='ocrx_word' id='word_1_219' title='bbox 1711 1396 1752 1429; x_wconf 87' lang='lat'>70</span> 
     </span>
     <span class='ocr_line' id='line_1_24' title="bbox 84 1439 1690 1490; baseline 0 -13"><span class='ocrx_word' id='word_1_220' title='bbox 84 1439 143 1478; x_wconf 91' lang='lat' dir='ltr'>Hi</span> <span class='ocrx_word' id='word_1_221' title='bbox 162 1439 241 1477; x_wconf 89' lang='lat' dir='ltr'>ioci</span> <span class='ocrx_word' id='word_1_222' title='bbox 261 1439 296 1477; x_wconf 89' lang='lat' dir='ltr'>si</span> <span class='ocrx_word' id='word_1_223' title='bbox 317 1442 476 1479; x_wconf 85' lang='lat' dir='ltr'>vestrae</span> <span class='ocrx_word' id='word_1_224' title='bbox 495 1441 660 1490; x_wconf 86' lang='lat' dir='ltr'>placent</span> <span class='ocrx_word' id='word_1_225' title='bbox 679 1439 940 1487; x_wconf 83' lang='lat' dir='ltr'>Academiae,</span> <span class='ocrx_word' id='word_1_226' title='bbox 964 1453 1059 1478; x_wconf 87' lang='lat' dir='ltr'>sum</span> <span class='ocrx_word' id='word_1_227' title='bbox 1078 1440 1115 1478; x_wconf 91' lang='lat' dir='ltr'>is</span> <span class='ocrx_word' id='word_1_228' title='bbox 1136 1440 1205 1489; x_wconf 90' lang='lat' dir='ltr'>qui</span> <span class='ocrx_word' id='word_1_229' title='bbox 1225 1439 1382 1490; x_wconf 88' lang='lat' dir='ltr'>possim</span> <span class='ocrx_word' id='word_1_230' title='bbox 1404 1439 1520 1478; x_wconf 87' lang='lat' dir='ltr'>ferre.</span> <span class='ocrx_word' id='word_1_231' title='bbox 1581 1439 1690 1478; x_wconf 89' lang='lat' dir='ltr'>Nam</span> 
     </span>
     <span class='ocr_line' id='line_1_25' title="bbox 85 1493 1690 1544; baseline -0.001 -11"><span class='ocrx_word' id='word_1_232' title='bbox 85 1494 124 1533; x_wconf 90' lang='lat' dir='ltr'>id</span> <span class='ocrx_word' id='word_1_233' title='bbox 163 1493 272 1532; x_wconf 82' lang='lat' dir='ltr'>malo</span> <span class='ocrx_word' id='word_1_234' title='bbox 312 1508 437 1544; x_wconf 87' lang='lat' dir='ltr'>quam</span> <span class='ocrx_word' id='word_1_235' title='bbox 475 1495 632 1533; x_wconf 87' lang='lat' dir='ltr'>vlcisci.</span> <span class='ocrx_word' id='word_1_236' title='bbox 690 1495 770 1533; x_wconf 87' lang='lat' dir='ltr'>Sed</span> <span class='ocrx_word' id='word_1_237' title='bbox 808 1507 900 1532; x_wconf 86' lang='lat' dir='ltr'>mea</span> <span class='ocrx_word' id='word_1_238' title='bbox 933 1494 1143 1532; x_wconf 84' lang='lat' dir='ltr'>sententia</span> <span class='ocrx_word' id='word_1_239' title='bbox 1181 1493 1438 1544; x_wconf 90' lang='lat' dir='ltr'>praestiterit</span> <span class='ocrx_word' id='word_1_240' title='bbox 1472 1507 1559 1532; x_wconf 90' lang='lat' dir='ltr'>rem</span> <span class='ocrx_word' id='word_1_241' title='bbox 1597 1494 1690 1532; x_wconf 88' lang='lat' dir='ltr'>aliis</span> 
     </span>
     <span class='ocr_line' id='line_1_26' title="bbox 84 1548 1688 1599; baseline 0 -13"><span class='ocrx_word' id='word_1_242' title='bbox 84 1548 317 1587; x_wconf 86' lang='lat' dir='ltr'>rationibus</span> <span class='ocrx_word' id='word_1_243' title='bbox 344 1549 421 1598; x_wconf 87' lang='lat' dir='ltr'>agi.</span> <span class='ocrx_word' id='word_1_244' title='bbox 481 1550 670 1599; x_wconf 82' lang='lat' dir='ltr'>Imputat</span> <span class='ocrx_word' id='word_1_245' title='bbox 700 1549 808 1587; x_wconf 87' lang='lat' dir='ltr'>mihi</span> <span class='ocrx_word' id='word_1_246' title='bbox 831 1549 1080 1587; x_wconf 88' lang='lat' dir='ltr'>Vincentius</span> <span class='ocrx_word' id='word_1_247' title='bbox 1108 1548 1341 1587; x_wconf 90' lang='lat' dir='ltr'>tumultum</span> <span class='ocrx_word' id='word_1_248' title='bbox 1373 1548 1688 1595; x_wconf 90' lang='lat' dir='ltr'>Hollandicum,</span> 
     </span>
     <span class='ocr_line' id='line_1_27' title="bbox 85 1602 1692 1654; baseline 0.001 -14"><span class='ocrx_word' id='word_1_249' title='bbox 85 1604 191 1654; x_wconf 87' lang='lat' dir='ltr'>quod</span> <span class='ocrx_word' id='word_1_250' title='bbox 213 1603 299 1641; x_wconf 88' lang='lat' dir='ltr'>illic</span> <span class='ocrx_word' id='word_1_251' title='bbox 314 1606 408 1652; x_wconf 88' lang='lat' dir='ltr'>post</span> <span class='ocrx_word' id='word_1_252' title='bbox 428 1603 721 1642; x_wconf 87' lang='lat' dir='ltr'>stultissimam</span> <span class='ocrx_word' id='word_1_253' title='bbox 745 1603 988 1642; x_wconf 87' lang='lat' dir='ltr'>concionem</span> <span class='ocrx_word' id='word_1_254' title='bbox 1009 1603 1310 1653; x_wconf 91' lang='lat' dir='ltr'>propemodum</span> <span class='ocrx_word' id='word_1_255' title='bbox 1331 1603 1455 1641; x_wconf 87' lang='lat' dir='ltr'>fuerit</span> <span class='ocrx_word' id='word_1_256' title='bbox 1482 1602 1692 1652; x_wconf 82' lang='lat' dir='ltr'>lapidatus</span> 
     </span>
     <span class='ocr_line' id='line_1_28' title="bbox 84 1656 1750 1708; baseline -0.001 -12"><span class='ocrx_word' id='word_1_257' title='bbox 84 1671 108 1696; x_wconf 84' lang='lat' dir='ltr'>a</span> <span class='ocrx_word' id='word_1_258' title='bbox 128 1656 271 1707; x_wconf 81' lang='lat' dir='ltr'>plebe3</span> <span class='ocrx_word' id='word_1_259' title='bbox 302 1670 396 1696; x_wconf 90' lang='lat' dir='ltr'>cum</span> <span class='ocrx_word' id='word_1_260' title='bbox 418 1671 492 1708; x_wconf 90' lang='lat' dir='ltr'>ego</span> <span class='ocrx_word' id='word_1_261' title='bbox 515 1658 623 1697; x_wconf 90' lang='lat' dir='ltr'>nulli</span> <span class='ocrx_word' id='word_1_262' title='bbox 645 1658 857 1697; x_wconf 91' lang='lat' dir='ltr'>Hollando</span> <span class='ocrx_word' id='word_1_263' title='bbox 884 1671 1018 1708; x_wconf 87' lang='lat' dir='ltr'>neque</span> <span class='ocrx_word' id='word_1_264' title='bbox 1044 1657 1149 1696; x_wconf 88' lang='lat' dir='ltr'>bene</span> <span class='ocrx_word' id='word_1_265' title='bbox 1176 1657 1414 1708; x_wconf 88' lang='lat' dir='ltr'>scripserim</span> <span class='ocrx_word' id='word_1_266' title='bbox 1436 1657 1485 1696; x_wconf 91' lang='lat' dir='ltr'>de</span> <span class='ocrx_word' id='word_1_267' title='bbox 1506 1657 1690 1696; x_wconf 90' lang='lat' dir='ltr'>Luthero</span> <span class='ocrx_word' id='word_1_268' title='bbox 1713 1668 1750 1701; x_wconf 77' lang='lat'>75</span> 
     </span>
     <span class='ocr_line' id='line_1_29' title="bbox 85 1711 356 1750; baseline -0.004 0"><span class='ocrx_word' id='word_1_269' title='bbox 85 1725 136 1750; x_wconf 90' lang='lat' dir='ltr'>ne</span> <span class='ocrx_word' id='word_1_270' title='bbox 167 1725 218 1749; x_wconf 89' lang='lat' dir='ltr'>ue</span> <span class='ocrx_word' id='word_1_271' title='bbox 238 1711 356 1750; x_wconf 86' lang='lat' dir='ltr'>male.</span> 
     </span>
    </p>

    <p class='ocr_par' dir='ltr' id='par_1_4' title="bbox 137 1725 1394 1818">
     <span class='ocr_line' id='line_1_30' title="bbox 137 1725 1394 1818; baseline 0 -14"><span class='ocrx_word' id='word_1_272' title='bbox 137 1725 250 1805; x_wconf 52' lang='lat' dir='ltr'>{ene</span> <span class='ocrx_word' id='word_1_273' title='bbox 272 1766 362 1804; x_wconf 83' lang='lat' dir='ltr'>vale</span> <span class='ocrx_word' id='word_1_274' title='bbox 382 1766 427 1805; x_wconf 89' lang='lat' dir='ltr'>in</span> <span class='ocrx_word' id='word_1_275' title='bbox 449 1767 627 1816; x_wconf 89' lang='lat' dir='ltr'>Christo,</span> <span class='ocrx_word' id='word_1_276' title='bbox 648 1766 869 1818; x_wconf 87' lang='lat' dir='ltr'>magnifice</span> <span class='ocrx_word' id='word_1_277' title='bbox 889 1766 938 1805; x_wconf 92' lang='lat' dir='ltr'>D.</span> <span class='ocrx_word' id='word_1_278' title='bbox 963 1767 1124 1805; x_wconf 82' lang='lat' dir='ltr'>Rector.</span> <span class='ocrx_word' id='word_1_279' title='bbox 1152 1763 1212 1818; x_wconf 81' lang='lat' dir='ltr'><strong>[M.</strong></span> <span class='ocrx_word' id='word_1_280' title='bbox 1230 1779 1268 1806; x_wconf 88' lang='grc'>1).</span> <span class='ocrx_word' id='word_1_281' title='bbox 1285 1764 1394 1818; x_wconf 58' lang='lat' dir='ltr'>mx]</span> 
     </span>
    </p>

    <p class='ocr_par' dir='ltr' id='par_1_5' title="bbox 1074 1820 1632 1860">
     <span class='ocr_line' id='line_1_31' title="bbox 1074 1820 1632 1860; baseline 0 -1"><span class='ocrx_word' id='word_1_282' title='bbox 1074 1821 1274 1860; x_wconf 87' lang='lat' dir='ltr'>Erasmus</span> <span class='ocrx_word' id='word_1_283' title='bbox 1293 1824 1392 1860; x_wconf 88' lang='lat' dir='ltr'>tuus</span> <span class='ocrx_word' id='word_1_284' title='bbox 1410 1834 1458 1859; x_wconf 87' lang='lat' dir='ltr'>ex</span> <span class='ocrx_word' id='word_1_285' title='bbox 1479 1820 1632 1859; x_wconf 83' lang='lat' dir='ltr'>animo.</span> 
     </span>
    </p>
   </div>
   <div class='ocr_carea' id='block_1_3' title="bbox 84 1935 1692 2018">
    <p class='ocr_par' dir='ltr' id='par_1_6' title="bbox 84 1935 1692 2018">
     <span class='ocr_line' id='line_1_32' title="bbox 128 1935 1692 1976; baseline 0 -10"><span class='ocrx_word' id='word_1_286' title='bbox 128 1946 179 1976; x_wconf 82' lang='lat'><strong>53.</strong></span> <span class='ocrx_word' id='word_1_287' title='bbox 207 1935 424 1966; x_wconf 78' lang='lat' dir='ltr'>Catharinae</span> <span class='ocrx_word' id='word_1_288' title='bbox 440 1937 482 1966; x_wconf 88' lang='lat' dir='ltr'>H.</span> <span class='ocrx_word' id='word_1_289' title='bbox 611 1936 663 1974; x_wconf 83' lang='lat'>56.</span> <span class='ocrx_word' id='word_1_290' title='bbox 688 1935 948 1975; x_wconf 82' lang='lat' dir='ltr'>Egmondanus</span> <span class='ocrx_word' id='word_1_291' title='bbox 965 1937 1004 1966; x_wconf 83' lang='lat' dir='ltr'><strong>N.</strong></span> <span class='ocrx_word' id='word_1_292' title='bbox 1130 1936 1183 1967; x_wconf 88' lang='lat'>66.</span> <span class='ocrx_word' id='word_1_293' title='bbox 1209 1945 1246 1967; x_wconf 66' lang='lat'><strong>31.</strong></span> <span class='ocrx_word' id='word_1_294' title='bbox 1264 1945 1297 1967; x_wconf 76' lang='lat' dir='ltr'><strong>N.</strong></span> <span class='ocrx_word' id='word_1_295' title='bbox 1318 1946 1377 1967; x_wconf 82' lang='lat' dir='ltr'>om.</span> <span class='ocrx_word' id='word_1_296' title='bbox 1395 1939 1437 1967; x_wconf 90' lang='lat' dir='ltr'>H.</span> <span class='ocrx_word' id='word_1_297' title='bbox 1542 1935 1692 1966; x_wconf 83' lang='lat' dir='ltr'>Ioannis</span> 
     </span>
     <span class='ocr_line' id='line_1_33' title="bbox 84 1978 1690 2018; baseline -0.001 -8"><span class='ocrx_word' id='word_1_298' title='bbox 84 1983 156 2011; x_wconf 79' lang='lat' dir='ltr'>add.</span> <span class='ocrx_word' id='word_1_299' title='bbox 175 1982 216 2011; x_wconf 88' lang='lat' dir='ltr'>H.</span> <span class='ocrx_word' id='word_1_300' title='bbox 350 1980 577 2010; x_wconf 87' lang='lat' dir='ltr'>Turenhouti</span> <span class='ocrx_word' id='word_1_301' title='bbox 593 1982 704 2016; x_wconf 77' lang='lat' dir='ltr'>scripsi</span> <span class='ocrx_word' id='word_1_302' title='bbox 721 1991 728 2010; x_wconf 78' lang='lat' dir='ltr'><em>z</em></span> <span class='ocrx_word' id='word_1_303' title='bbox 752 1979 979 2010; x_wconf 83' lang='lat' dir='ltr'>Turenhonti</span> <span class='ocrx_word' id='word_1_304' title='bbox 996 1982 1045 2010; x_wconf 85' lang='lat' dir='ltr'>F:</span> <span class='ocrx_word' id='word_1_305' title='bbox 1070 1979 1300 2010; x_wconf 75' lang='lat' dir='ltr'>Turenholtii</span> <span class='ocrx_word' id='word_1_306' title='bbox 1319 1983 1361 2011; x_wconf 90' lang='lat' dir='ltr'>H.</span> <span class='ocrx_word' id='word_1_307' title='bbox 1518 1990 1570 2018; x_wconf 80' lang='lat'><strong>74.</strong></span> <span class='ocrx_word' id='word_1_308' title='bbox 1597 1978 1690 2018; x_wconf 86' lang='lat' dir='ltr'>quod</span> 
     </span>
    </p>
   </div>
   <div class='ocr_carea' id='block_1_4' title="bbox 83 2023 1692 2098">
    <p class='ocr_par' dir='ltr' id='par_1_7' title="bbox 83 2023 1692 2098">
     <span class='ocr_line' id='line_1_34' title="bbox 84 2023 1692 2097; baseline -0.001 -43"><span class='ocrx_word' id='word_1_309' title='bbox 84 2025 210 2097; x_wconf 49' lang='lat' dir='ltr'>illicil.</span> <span class='ocrx_word' id='word_1_310' title='bbox 229 2046 237 2054; x_wconf 98' lang='lat'><strong>.</strong></span> <span class='ocrx_word' id='word_1_311' title='bbox 258 2032 310 2063; x_wconf 86' lang='lat'><strong>75.</strong></span> <span class='ocrx_word' id='word_1_312' title='bbox 329 2023 432 2063; x_wconf 89' lang='lat' dir='ltr'>plebe</span> <span class='ocrx_word' id='word_1_313' title='bbox 449 2026 524 2054; x_wconf 73' lang='lat' dir='ltr'>add.</span> <span class='ocrx_word' id='word_1_314' title='bbox 540 2026 583 2054; x_wconf 92' lang='lat' dir='ltr'>H.</span> <span class='ocrx_word' id='word_1_315' title='bbox 678 2033 728 2062; x_wconf 87' lang='lat'>77.</span> <span class='ocrx_word' id='word_1_316' title='bbox 755 2032 791 2055; x_wconf 72' lang='grc' dir='ltr'>Μ.</span> <span class='ocrx_word' id='word_1_317' title='bbox 806 2032 910 2054; x_wconf 78' lang='lat' dir='ltr'><strong>D.x1x</strong></span> <span class='ocrx_word' id='word_1_318' title='bbox 924 2025 997 2053; x_wconf 78' lang='lat' dir='ltr'>add.</span> <span class='ocrx_word' id='word_1_319' title='bbox 1014 2026 1054 2053; x_wconf 90' lang='lat' dir='ltr'>H.</span> <span class='ocrx_word' id='word_1_320' title='bbox 1150 2025 1200 2062; x_wconf 88' lang='lat'>78.</span> <span class='ocrx_word' id='word_1_321' title='bbox 1229 2023 1399 2054; x_wconf 82' lang='lat' dir='ltr'>Erasmus</span> <span class='ocrx_word' id='word_1_322' title='bbox 1412 2025 1496 2054; x_wconf 85' lang='lat' dir='ltr'>tuus</span> <span class='ocrx_word' id='word_1_323' title='bbox 1510 2033 1553 2053; x_wconf 80' lang='lat' dir='ltr'>ex</span> <span class='ocrx_word' id='word_1_324' title='bbox 1571 2024 1692 2053; x_wconf 82' lang='lat' dir='ltr'>animo</span> 
     </span>
     <span class='ocr_line' id='line_1_35' title="bbox 83 2078 201 2098; baseline 0.017 -2"><span class='ocrx_word' id='word_1_325' title='bbox 83 2078 139 2098; x_wconf 66' lang='lat' dir='ltr'>sam.</span> <span class='ocrx_word' id='word_1_326' title='bbox 194 2091 201 2098; x_wconf 80' lang='grc'>.</span> 
     </span>
    </p>
   </div>
   <div class='ocr_carea' id='block_1_5' title="bbox 83 2187 1692 2318">
    <p class='ocr_par' dir='ltr' id='par_1_8' title="bbox 83 2187 1692 2318">
     <span class='ocr_line' id='line_1_36' title="bbox 83 2187 1692 2230; baseline -0.002 -8"><span class='ocrx_word' id='word_1_327' title='bbox 83 2191 146 2222; x_wconf 88' lang='lat' dir='ltr'>did</span> <span class='ocrx_word' id='word_1_328' title='bbox 163 2191 225 2222; x_wconf 86' lang='lat' dir='ltr'>not</span> <span class='ocrx_word' id='word_1_329' title='bbox 241 2190 328 2221; x_wconf 88' lang='lat' dir='ltr'>hold</span> <span class='ocrx_word' id='word_1_330' title='bbox 346 2190 442 2222; x_wconf 75' lang='lat' dir='ltr'>office</span> <span class='ocrx_word' id='word_1_331' title='bbox 456 2191 510 2222; x_wconf 85' lang='lat' dir='ltr'>for</span> <span class='ocrx_word' id='word_1_332' title='bbox 521 2189 595 2230; x_wconf 87' lang='lat' dir='ltr'>life,</span> <span class='ocrx_word' id='word_1_333' title='bbox 610 2190 641 2220; x_wconf 89' lang='lat' dir='ltr'>it</span> <span class='ocrx_word' id='word_1_334' title='bbox 654 2191 684 2220; x_wconf 92' lang='lat' dir='ltr'>is</span> <span class='ocrx_word' id='word_1_335' title='bbox 697 2191 759 2220; x_wconf 83' lang='lat' dir='ltr'>not</span> <span class='ocrx_word' id='word_1_336' title='bbox 771 2198 853 2229; x_wconf 84' lang='lat' dir='ltr'>easy</span> <span class='ocrx_word' id='word_1_337' title='bbox 966 2190 1018 2228; x_wconf 82' lang='lat'>56.</span> <span class='ocrx_word' id='word_1_338' title='bbox 1046 2187 1280 2228; x_wconf 79' lang='lat' dir='ltr'>auspicando]</span> <span class='ocrx_word' id='word_1_339' title='bbox 1302 2198 1342 2219; x_wconf 82' lang='lat' dir='ltr'>sc.</span> <span class='ocrx_word' id='word_1_340' title='bbox 1360 2189 1398 2219; x_wconf 88' lang='lat' dir='ltr'>in</span> <span class='ocrx_word' id='word_1_341' title='bbox 1421 2188 1604 2219; x_wconf 80' lang='lat' dir='ltr'>ordinaria</span> <span class='ocrx_word' id='word_1_342' title='bbox 1627 2188 1692 2218; x_wconf 93' lang='lat' dir='ltr'>lec-</span> 
     </span>
     <span class='ocr_line' id='line_1_37' title="bbox 84 2232 1690 2273; baseline -0.002 -8"><span class='ocrx_word' id='word_1_343' title='bbox 84 2237 120 2265; x_wconf 89' lang='lat' dir='ltr'>to</span> <span class='ocrx_word' id='word_1_344' title='bbox 137 2235 338 2266; x_wconf 86' lang='lat' dir='ltr'>determine</span> <span class='ocrx_word' id='word_1_345' title='bbox 354 2235 438 2265; x_wconf 86' lang='lat' dir='ltr'>who</span> <span class='ocrx_word' id='word_1_346' title='bbox 454 2234 485 2265; x_wconf 85' lang='lat' dir='ltr'>is</span> <span class='ocrx_word' id='word_1_347' title='bbox 501 2237 624 2265; x_wconf 87' lang='lat' dir='ltr'>meant</span> <span class='ocrx_word' id='word_1_348' title='bbox 640 2233 749 2264; x_wconf 87' lang='lat' dir='ltr'>here:</span> <span class='ocrx_word' id='word_1_349' title='bbox 774 2243 852 2272; x_wconf 87' lang='lat' dir='ltr'>per·</span> <span class='ocrx_word' id='word_1_350' title='bbox 922 2233 1020 2264; x_wconf 82' lang='lat' dir='ltr'>tione</span> <span class='ocrx_word' id='word_1_351' title='bbox 1051 2232 1272 2273; x_wconf 86' lang='lat' dir='ltr'>theologica:</span> <span class='ocrx_word' id='word_1_352' title='bbox 1311 2232 1354 2264; x_wconf 85' lang='lat' dir='ltr'>cf.</span> <span class='ocrx_word' id='word_1_353' title='bbox 1383 2232 1470 2272; x_wconf 89' lang='lat' dir='ltr'>Epp.</span> <span class='ocrx_word' id='word_1_354' title='bbox 1508 2241 1600 2271; x_wconf 82' lang='lat'><strong>1173.</strong></span> <span class='ocrx_word' id='word_1_355' title='bbox 1637 2241 1690 2270; x_wconf 85' lang='lat'>25,</span> 
     </span>
     <span class='ocr_line' id='line_1_38' title="bbox 84 2277 1133 2318; baseline -0.003 -9"><span class='ocrx_word' id='word_1_356' title='bbox 84 2279 173 2318; x_wconf 83' lang='lat' dir='ltr'>haps</span> <span class='ocrx_word' id='word_1_357' title='bbox 190 2278 340 2309; x_wconf 88' lang='lat' dir='ltr'>Eustace</span> <span class='ocrx_word' id='word_1_358' title='bbox 358 2278 396 2309; x_wconf 84' lang='lat' dir='ltr'>of</span> <span class='ocrx_word' id='word_1_359' title='bbox 409 2278 553 2309; x_wconf 86' lang='lat' dir='ltr'>Sichem</span> <span class='ocrx_word' id='word_1_360' title='bbox 564 2277 625 2318; x_wconf 89' lang='lat' dir='ltr'>(de</span> <span class='ocrx_word' id='word_1_361' title='bbox 641 2277 772 2317; x_wconf 84' lang='lat' dir='ltr'>Jongh,</span> <span class='ocrx_word' id='word_1_362' title='bbox 791 2286 849 2316; x_wconf 90' lang='lat' dir='ltr'>pp.</span> <span class='ocrx_word' id='word_1_363' title='bbox 925 2287 1018 2316; x_wconf 88' lang='lat'>1192.</span> <span class='ocrx_word' id='word_1_364' title='bbox 1038 2277 1133 2315; x_wconf 89' lang='lat'><strong>48-9.</strong></span> 
     </span>
    </p>
   </div>
   <div class='ocr_carea' id='block_1_6' title="bbox 84 2318 1694 2668">
    <p class='ocr_par' dir='ltr' id='par_1_9' title="bbox 84 2318 1691 2406">
     <span class='ocr_line' id='line_1_39' title="bbox 86 2318 1691 2360; baseline -0.001 -8"><span class='ocrx_word' id='word_1_365' title='bbox 86 2322 239 2360; x_wconf 86' lang='lat' dir='ltr'><strong>167—7o)‚</strong></span> <span class='ocrx_word' id='word_1_366' title='bbox 253 2322 336 2352; x_wconf 82' lang='lat' dir='ltr'>who</span> <span class='ocrx_word' id='word_1_367' title='bbox 346 2331 420 2352; x_wconf 81' lang='lat' dir='ltr'>was</span> <span class='ocrx_word' id='word_1_368' title='bbox 433 2323 471 2352; x_wconf 78' lang='lat' dir='ltr'>at</span> <span class='ocrx_word' id='word_1_369' title='bbox 482 2331 578 2353; x_wconf 84' lang='lat' dir='ltr'>some</span> <span class='ocrx_word' id='word_1_370' title='bbox 590 2322 679 2352; x_wconf 90' lang='lat' dir='ltr'>time</span> <span class='ocrx_word' id='word_1_371' title='bbox 697 2321 798 2351; x_wconf 87' lang='lat' dir='ltr'>Prior</span> <span class='ocrx_word' id='word_1_372' title='bbox 815 2323 852 2350; x_wconf 84' lang='lat' dir='ltr'>at</span> <span class='ocrx_word' id='word_1_373' title='bbox 966 2330 1018 2359; x_wconf 85' lang='lat'><strong>57.</strong></span> <span class='ocrx_word' id='word_1_374' title='bbox 1044 2318 1194 2359; x_wconf 72' lang='lat' dir='ltr'>Paulus]</span> <span class='ocrx_word' id='word_1_375' title='bbox 1228 2319 1279 2350; x_wconf 85' lang='lat' dir='ltr'><strong>Cf.</strong></span> <span class='ocrx_word' id='word_1_376' title='bbox 1307 2319 1395 2360; x_wconf 87' lang='lat' dir='ltr'>Epp.</span> <span class='ocrx_word' id='word_1_377' title='bbox 1426 2329 1519 2359; x_wconf 84' lang='lat'><strong>1173.</strong></span> <span class='ocrx_word' id='word_1_378' title='bbox 1550 2328 1691 2359; x_wconf 90' lang='lat' dir='ltr'>119—2o‚</span> 
     </span>
     <span class='ocr_line' id='line_1_40' title="bbox 84 2363 1341 2406; baseline -0.003 -9"><span class='ocrx_word' id='word_1_379' title='bbox 84 2365 243 2397; x_wconf 87' lang='lat' dir='ltr'>Louvain</span> <span class='ocrx_word' id='word_1_380' title='bbox 262 2366 318 2405; x_wconf 89' lang='lat' dir='ltr'><strong>(B.</strong></span> <span class='ocrx_word' id='word_1_381' title='bbox 333 2366 376 2397; x_wconf 91' lang='lat' dir='ltr'>de</span> <span class='ocrx_word' id='word_1_382' title='bbox 391 2366 413 2396; x_wconf 85' lang='lat' dir='ltr'>J</span> <span class='ocrx_word' id='word_1_383' title='bbox 416 2366 541 2406; x_wconf 82' lang='lat' dir='ltr'>onghe‚</span> <span class='ocrx_word' id='word_1_384' title='bbox 555 2368 696 2403; x_wconf 63' lang='lat' dir='ltr'>Belgium</span> <span class='ocrx_word' id='word_1_385' title='bbox 711 2367 852 2395; x_wconf 77' lang='lat' dir='ltr'>Domini·</span> <span class='ocrx_word' id='word_1_386' title='bbox 924 2374 937 2394; x_wconf 93' lang='lat'><strong>1</strong></span> <span class='ocrx_word' id='word_1_387' title='bbox 948 2374 1017 2403; x_wconf 87' lang='lat'><strong>192.</strong></span> <span class='ocrx_word' id='word_1_388' title='bbox 1037 2374 1090 2404; x_wconf 87' lang='lat'>49,</span> <span class='ocrx_word' id='word_1_389' title='bbox 1110 2364 1202 2403; x_wconf 75' lang='lat'><strong>1196.</strong></span> <span class='ocrx_word' id='word_1_390' title='bbox 1222 2363 1341 2402; x_wconf 86' lang='lat'><strong>584—6.</strong></span> 
     </span>
    </p>

    <p class='ocr_par' dir='ltr' id='par_1_10' title="bbox 84 2406 1694 2668">
     <span class='ocr_line' id='line_1_41' title="bbox 85 2406 1612 2451; baseline -0.001 -11"><span class='ocrx_word' id='word_1_391' title='bbox 85 2419 210 2448; x_wconf 81' lang='lat' dir='ltr'>canum,</span> <span class='ocrx_word' id='word_1_392' title='bbox 247 2418 340 2451; x_wconf 89' lang='lat'>1719,</span> <span class='ocrx_word' id='word_1_393' title='bbox 368 2419 402 2450; x_wconf 84' lang='lat' dir='ltr'>p.</span> <span class='ocrx_word' id='word_1_394' title='bbox 435 2409 524 2449; x_wconf 74' lang='lat'><strong>151),</strong></span> <span class='ocrx_word' id='word_1_395' title='bbox 554 2409 626 2440; x_wconf 83' lang='lat' dir='ltr'>and</span> <span class='ocrx_word' id='word_1_396' title='bbox 657 2409 801 2439; x_wconf 79' lang='lat' dir='ltr'>became</span> <span class='ocrx_word' id='word_1_397' title='bbox 832 2418 853 2438; x_wconf 89' lang='lat' dir='ltr'>a</span> <span class='ocrx_word' id='word_1_398' title='bbox 966 2409 1019 2440; x_wconf 88' lang='lat'>62.</span> <span class='ocrx_word' id='word_1_399' title='bbox 1046 2407 1261 2448; x_wconf 87' lang='lat' dir='ltr'>licentioris]</span> <span class='ocrx_word' id='word_1_400' title='bbox 1288 2406 1339 2438; x_wconf 92' lang='lat' dir='ltr'><strong>Cf.</strong></span> <span class='ocrx_word' id='word_1_401' title='bbox 1360 2406 1423 2447; x_wconf 91' lang='lat' dir='ltr'>Ep.</span> <span class='ocrx_word' id='word_1_402' title='bbox 1441 2408 1519 2447; x_wconf 88' lang='lat'>967.</span> <span class='ocrx_word' id='word_1_403' title='bbox 1541 2407 1612 2438; x_wconf 83' lang='lat'><strong>182.</strong></span> 
     </span>
     <span class='ocr_line' id='line_1_42' title="bbox 84 2449 1669 2492; baseline -0.001 -9"><span class='ocrx_word' id='word_1_404' title='bbox 84 2454 193 2483; x_wconf 85' lang='lat' dir='ltr'>bitter</span> <span class='ocrx_word' id='word_1_405' title='bbox 209 2456 392 2492; x_wconf 90' lang='lat' dir='ltr'>opponent</span> <span class='ocrx_word' id='word_1_406' title='bbox 408 2454 447 2484; x_wconf 86' lang='lat' dir='ltr'>of</span> <span class='ocrx_word' id='word_1_407' title='bbox 466 2453 647 2484; x_wconf 79' lang='lat' dir='ltr'>Erasmus.</span> <span class='ocrx_word' id='word_1_408' title='bbox 697 2453 761 2484; x_wconf 85' lang='lat' dir='ltr'>See</span> <span class='ocrx_word' id='word_1_409' title='bbox 777 2453 852 2483; x_wconf 85' lang='lat' dir='ltr'>also</span> <span class='ocrx_word' id='word_1_410' title='bbox 965 2453 1017 2483; x_wconf 89' lang='lat'>66.</span> <span class='ocrx_word' id='word_1_411' title='bbox 1045 2449 1288 2491; x_wconf 89' lang='lat' dir='ltr'>Turenhouti]</span> <span class='ocrx_word' id='word_1_412' title='bbox 1307 2450 1370 2482; x_wconf 82' lang='lat' dir='ltr'>See</span> <span class='ocrx_word' id='word_1_413' title='bbox 1388 2451 1451 2491; x_wconf 89' lang='lat' dir='ltr'>Ep.</span> <span class='ocrx_word' id='word_1_414' title='bbox 1477 2452 1570 2490; x_wconf 83' lang='lat'><strong>1163.</strong></span> <span class='ocrx_word' id='word_1_415' title='bbox 1593 2460 1669 2482; x_wconf 74' lang='lat' dir='ltr'>ion.</span> 
     </span>
     <span class='ocr_line' id='line_1_43' title="bbox 86 2494 1639 2537; baseline -0.001 -10"><span class='ocrx_word' id='word_1_416' title='bbox 86 2496 174 2536; x_wconf 88' lang='lat' dir='ltr'>Epp.</span> <span class='ocrx_word' id='word_1_417' title='bbox 198 2506 288 2535; x_wconf 85' lang='lat'><strong>1144.</strong></span> <span class='ocrx_word' id='word_1_418' title='bbox 316 2507 396 2536; x_wconf 84' lang='lat' dir='ltr'>34n,</span> <span class='ocrx_word' id='word_1_419' title='bbox 424 2506 517 2536; x_wconf 81' lang='lat'><strong>1147.</strong></span> <span class='ocrx_word' id='word_1_420' title='bbox 544 2506 596 2537; x_wconf 90' lang='lat'>91,</span> <span class='ocrx_word' id='word_1_421' title='bbox 630 2497 722 2527; x_wconf 90' lang='lat'>1166.</span> <span class='ocrx_word' id='word_1_422' title='bbox 752 2506 847 2535; x_wconf 92' lang='lat'><strong>47-9.</strong></span> <span class='ocrx_word' id='word_1_423' title='bbox 965 2496 1016 2534; x_wconf 90' lang='lat'>67.</span> <span class='ocrx_word' id='word_1_424' title='bbox 1042 2494 1294 2535; x_wconf 83' lang='lat' dir='ltr'>exurerentur]</span> <span class='ocrx_word' id='word_1_425' title='bbox 1311 2494 1361 2525; x_wconf 88' lang='lat' dir='ltr'>Cf.</span> <span class='ocrx_word' id='word_1_426' title='bbox 1384 2495 1446 2534; x_wconf 87' lang='lat' dir='ltr'>Ep.</span> <span class='ocrx_word' id='word_1_427' title='bbox 1470 2504 1560 2534; x_wconf 86' lang='lat'><strong>1157.</strong></span> <span class='ocrx_word' id='word_1_428' title='bbox 1581 2496 1639 2525; x_wconf 90' lang='lat' dir='ltr'><strong>6n.</strong></span> 
     </span>
     <span class='ocr_line' id='line_1_44' title="bbox 87 2537 1657 2580; baseline -0.001 -9"><span class='ocrx_word' id='word_1_429' title='bbox 87 2540 133 2571; x_wconf 89' lang='lat' dir='ltr'>Or</span> <span class='ocrx_word' id='word_1_430' title='bbox 146 2539 320 2580; x_wconf 82' lang='lat' dir='ltr'>Aegidius</span> <span class='ocrx_word' id='word_1_431' title='bbox 343 2541 498 2579; x_wconf 85' lang='lat' dir='ltr'>Poorter,</span> <span class='ocrx_word' id='word_1_432' title='bbox 518 2540 651 2578; x_wconf 86' lang='lat' dir='ltr'><strong>s.T.B.‚</strong></span> <span class='ocrx_word' id='word_1_433' title='bbox 671 2540 752 2570; x_wconf 83' lang='lat' dir='ltr'>who</span> <span class='ocrx_word' id='word_1_434' title='bbox 769 2540 853 2570; x_wconf 88' lang='lat' dir='ltr'>died</span> <span class='ocrx_word' id='word_1_435' title='bbox 966 2549 1016 2578; x_wconf 87' lang='lat'>70.</span> <span class='ocrx_word' id='word_1_436' title='bbox 1043 2537 1289 2580; x_wconf 80' lang='lat' dir='ltr'>Lutheranus]</span> <span class='ocrx_word' id='word_1_437' title='bbox 1307 2538 1359 2569; x_wconf 83' lang='lat' dir='ltr'><strong>Cf.</strong></span> <span class='ocrx_word' id='word_1_438' title='bbox 1378 2538 1443 2578; x_wconf 89' lang='lat' dir='ltr'>Ep.</span> <span class='ocrx_word' id='word_1_439' title='bbox 1466 2540 1559 2569; x_wconf 89' lang='lat'><strong>1166.</strong></span> <span class='ocrx_word' id='word_1_440' title='bbox 1576 2548 1657 2578; x_wconf 89' lang='lat' dir='ltr'>9on.</span> 
     </span>
     <span class='ocr_line' id='line_1_45' title="bbox 86 2581 1694 2624; baseline -0.001 -9"><span class='ocrx_word' id='word_1_441' title='bbox 86 2594 124 2615; x_wconf 83' lang='lat' dir='ltr'>as</span> <span class='ocrx_word' id='word_1_442' title='bbox 145 2584 257 2622; x_wconf 87' lang='lat' dir='ltr'>Prior,</span> <span class='ocrx_word' id='word_1_443' title='bbox 287 2594 327 2624; x_wconf 92' lang='lat'>19</span> <span class='ocrx_word' id='word_1_444' title='bbox 351 2585 431 2615; x_wconf 91' lang='lat' dir='ltr'>Feb.</span> <span class='ocrx_word' id='word_1_445' title='bbox 459 2592 566 2624; x_wconf 85' lang='lat'><strong>1523:</strong></span> <span class='ocrx_word' id='word_1_446' title='bbox 593 2594 649 2615; x_wconf 87' lang='lat' dir='ltr'>see</span> <span class='ocrx_word' id='word_1_447' title='bbox 674 2584 849 2621; x_wconf 78' lang='lat' dir='ltr'>Molanus,</span> <span class='ocrx_word' id='word_1_448' title='bbox 968 2592 1019 2621; x_wconf 84' lang='lat'><strong>73.</strong></span> <span class='ocrx_word' id='word_1_449' title='bbox 1044 2581 1322 2623; x_wconf 82' lang='lat' dir='ltr'>Hollandicum]</span> <span class='ocrx_word' id='word_1_450' title='bbox 1348 2582 1415 2613; x_wconf 87' lang='lat' dir='ltr'>For</span> <span class='ocrx_word' id='word_1_451' title='bbox 1438 2581 1513 2613; x_wconf 85' lang='lat' dir='ltr'>this</span> <span class='ocrx_word' id='word_1_452' title='bbox 1530 2582 1694 2613; x_wconf 85' lang='lat' dir='ltr'>incident</span> 
     </span>
     <span class='ocr_line' id='line_1_46' title="bbox 85 2626 1692 2668; baseline -0.001 -10"><span class='ocrx_word' id='word_1_453' title='bbox 85 2638 118 2668; x_wconf 89' lang='lat' dir='ltr'>p.</span> <span class='ocrx_word' id='word_1_454' title='bbox 138 2637 211 2665; x_wconf 84' lang='lat'><strong>242.</strong></span> <span class='ocrx_word' id='word_1_455' title='bbox 922 2630 959 2657; x_wconf 86' lang='lat' dir='ltr'>at</span> <span class='ocrx_word' id='word_1_456' title='bbox 977 2626 1179 2657; x_wconf 81' lang='lat' dir='ltr'>Dordrecht</span> <span class='ocrx_word' id='word_1_457' title='bbox 1204 2635 1260 2656; x_wconf 86' lang='lat' dir='ltr'>see</span> <span class='ocrx_word' id='word_1_458' title='bbox 1283 2626 1358 2657; x_wconf 80' lang='lat' dir='ltr'>also</span> <span class='ocrx_word' id='word_1_459' title='bbox 1375 2626 1464 2666; x_wconf 90' lang='lat' dir='ltr'>Epp.</span> <span class='ocrx_word' id='word_1_460' title='bbox 1482 2627 1573 2665; x_wconf 89' lang='lat'><strong>1165.</strong></span> <span class='ocrx_word' id='word_1_461' title='bbox 1595 2627 1692 2665; x_wconf 89' lang='lat'><strong>6-10,</strong></span> 
     </span>
    </p>
   </div>
   <div class='ocr_carea' id='block_1_7' title="bbox 129 2670 1303 2712">
    <p class='ocr_par' dir='ltr' id='par_1_11' title="bbox 129 2670 1303 2712">
     <span class='ocr_line' id='line_1_47' title="bbox 129 2670 1303 2712; baseline -0.002 -10"><span class='ocrx_word' id='word_1_462' title='bbox 129 2680 180 2711; x_wconf 84' lang='lat'><strong>53.</strong></span> <span class='ocrx_word' id='word_1_463' title='bbox 207 2670 436 2712; x_wconf 79' lang='lat' dir='ltr'>catherinae]</span> <span class='ocrx_word' id='word_1_464' title='bbox 454 2680 496 2711; x_wconf 87' lang='lat'>25</span> <span class='ocrx_word' id='word_1_465' title='bbox 513 2671 615 2710; x_wconf 85' lang='lat' dir='ltr'>Nov.,</span> <span class='ocrx_word' id='word_1_466' title='bbox 629 2670 786 2711; x_wconf 85' lang='lat' dir='ltr'>Sunday.</span> <span class='ocrx_word' id='word_1_467' title='bbox 927 2670 1021 2701; x_wconf 90' lang='lat'><strong>1186.</strong></span> <span class='ocrx_word' id='word_1_468' title='bbox 1045 2680 1093 2710; x_wconf 83' lang='lat'>17,</span> <span class='ocrx_word' id='word_1_469' title='bbox 1116 2670 1210 2709; x_wconf 91' lang='lat'><strong>1196.</strong></span> <span class='ocrx_word' id='word_1_470' title='bbox 1232 2679 1303 2710; x_wconf 87' lang='lat'><strong>145.</strong></span> 
     </span>
    </p>
   </div>
  </div>
 </body>
</html>
