1990 3353
309 107 390 146 560
771 105 1026 145 LETTERS
1065 104 1134 144 OF
1171 103 1439 144 ERASMUS
1785 100 1825 156 [1
1835 114 1856 151 5
1865 116 1882 140 2
1893 116 1908 140 1

310 215 387 253 tim
414 215 591 266 discerpi
618 214 755 264 potius
776 226 900 263 quam
927 214 1067 252 fouere
1093 213 1365 261 discordiam3
1399 213 1641 263 praesertim
1668 214 1712 252 in
1742 212 1910 263 negocio

310 269 419 308 fidei.

365 325 570 362 Occinunt
597 323 703 361 mihi
723 323 795 373 qui
820 323 963 361 fauent
983 322 1178 371 Luthero,
1206 322 1311 360 illud
1338 321 1651 371 Euangelicum,
1677 323 1686 341 ‘
1701 321 1795 360 Non
1814 322 1910 360 veni

310 378 476 417 mittere
505 391 663 428 pacem,
683 377 755 416 sed
783 377 968 427 gladium
984 377 1004 415 ⁹.
1064 376 1270 426 Equidem
1290 378 1336 414 vt
1365 376 1473 414 mihi
1492 376 1631 415 videre
1650 376 1793 415 videor
1822 390 1910 415 esse

230 451 290 484 190
310 433 510 483 quaedam
530 433 575 470 in
595 432 777 470 Ecclesia
797 434 960 481 recepta
979 444 1083 481 quae
1104 444 1256 480 magno
1277 430 1535 469 Christianae
1563 430 1776 480 religionis
1802 431 1911 470 bono

310 489 583 534 mutarentur,
608 486 667 524 ita
687 485 793 524 nihil
813 485 945 535 placet
964 486 1072 535 quod
1094 484 1335 523 huiusmodi
1361 485 1615 523 tumultibus
1640 484 1806 535 geritur.
1868 486 1912 525 Si

311 541 617 579 communicato
647 541 756 579 inter
783 540 896 589 ipsos
922 539 1096 578 consilio
1125 539 1234 578 docti
1263 538 1417 577 libellis
1445 539 1675 589 obsignatis
1693 539 1909 590 vtriusque

311 595 483 634 ditionis
521 608 709 645 proceres
746 594 1064 633 admonuissent
1102 607 1206 644 quae
1251 593 1500 632 iudicassent
1548 593 1599 631 ad
1638 593 1910 643 Euangelicae

310 650 517 688 doctrinae
546 650 842 698 synceritatem
870 648 1058 696 attinere,
1089 648 1276 686 fortassis
1305 650 1346 686 et
1379 648 1469 697 ipse
1498 647 1674 686 fuissem
1702 660 1810 686 vnus
1839 649 1911 699 qui

231 721 289 753 195
311 704 455 743 sedulo
487 704 598 754 quod
633 704 862 753 potuissem
896 702 1209 741 consuluissem.
1269 702 1391 740 Nunc
1426 702 1524 751 quid
1558 702 1756 740 furiosius
1786 716 1910 752 quam

311 771 396 796 rem
420 761 580 798 tantam
600 758 813 797 maledicis
833 757 985 796 libellis
1000 760 1041 796 et
1060 757 1219 795 insanis
1240 755 1487 795 clamoribus
1507 757 1607 805 agi?
1641 756 1730 804 Qua
1745 757 1909 807 quidem

312 813 355 851 in
387 826 431 851 re
465 813 651 862 primum
680 813 878 863 vtrinque
912 814 1125 861 peccatum
1157 812 1231 858 est,
1268 824 1360 849 mea
1393 811 1615 858 sententia,
1645 810 1906 861 nimiumque

311 867 455 906 calidis
488 867 673 905 consiliis
705 867 803 905 hinc
836 869 959 916 atque
990 866 1088 904 hinc
1121 878 1185 904 res
1215 867 1329 915 gesta
1364 867 1441 903 est.
1500 864 1643 914 Nuper
1671 865 1773 903 exiit
1806 865 1910 904 liber

312 921 531 960 reuerendi
557 922 718 960 domini
741 920 963 959 cardinalis
992 921 1125 958 sancti
1145 919 1264 967 Sixti,
1288 920 1334 958 in
1362 921 1499 958 totum
1529 919 1746 958 abstinens
1773 934 1797 959 a
1825 933 1910 969 per-

230 995 292 1017 200
311 977 436 1021 sonis,
457 989 481 1014 a
500 976 700 1015 conuiciis
721 976 917 1014 omnibus
944 977 1193 1025 temperans,
1216 974 1342 1013 nudis
1366 973 1623 1023 argumentis
1648 976 1690 1012 et
1716 975 1912 1014 autorum

312 1030 562 1069 testimoniis
582 1043 668 1069 rem
688 1043 825 1080 agens,
848 1043 934 1068 non
962 1030 1122 1067 minore
1143 1042 1241 1067 cura
1261 1042 1388 1079 quam
1411 1028 1592 1077 ingenio.
1653 1027 1912 1068 Huiusmodi

312 1084 501 1123 volebam
514 1084 581 1123 vel
602 1086 814 1122 sexcentos
834 1083 959 1122 scribi
978 1084 1180 1122 aduersus
1196 1083 1453 1122 Lutherum:
1482 1082 1554 1133 qui
1573 1095 1664 1120 rem
1684 1082 1910 1130 illustrant,

312 1152 396 1177 non
429 1139 614 1178 excitant
647 1139 865 1177 tumultus.
925 1138 1079 1176 Nullus
1116 1138 1230 1176 enim
1268 1139 1332 1176 est
1361 1137 1433 1187 qui
1471 1150 1556 1175 non
1595 1137 1730 1186 cupiat
1765 1137 1912 1177 doceri.

312 1193 428 1241 Quod
450 1194 485 1231 si
506 1206 599 1243 pars
619 1193 785 1232 diuersa
803 1205 951 1242 parum
971 1192 1167 1231 meminit
1187 1191 1426 1239 modestiae,
1450 1194 1641 1230 nostrum
1667 1194 1805 1230 tamen
1826 1195 1914 1231 erat

230 1262 290 1293 205
314 1247 562 1287 meminisse.
635 1248 728 1287 Imo
762 1248 839 1285 hoc
872 1249 960 1285 erat
991 1260 1076 1285 non
1106 1246 1344 1294 modestiae,
1378 1246 1447 1284 sed
1482 1245 1737 1296 prudentiae,
1770 1259 1915 1285 cauere

312 1302 420 1352 quod
459 1304 645 1340 nostram
685 1315 851 1340 causam
890 1301 1081 1349 laederet,
1121 1301 1454 1339 aduersariorum
1492 1300 1720 1338 adiuuaret.
1789 1300 1840 1339 Id
1878 1301 1915 1341 si

312 1356 458 1395 fuisset
492 1356 615 1395 initio
648 1357 816 1403 factum,
848 1357 919 1394 aut
947 1369 1021 1406 ego
1050 1355 1182 1404 fallor,
1218 1357 1290 1394 aut
1323 1368 1388 1393 res
1421 1367 1508 1393 non
1541 1355 1807 1404 processisset
1834 1355 1916 1394 huc

313 1411 534 1449 tumultus.
595 1411 680 1449 Nec
709 1410 822 1449 aliud
851 1412 1026 1460 possunt
1054 1410 1263 1460 imputare
1292 1410 1482 1457 Erasmo,
1510 1408 1594 1447 nisi
1616 1409 1724 1459 quod
1753 1408 1915 1459 primus

312 1465 564 1515 improbauit
583 1465 834 1504 clamoribus
859 1465 1067 1504 seditiosis
1092 1464 1240 1515 impeti
1258 1464 1506 1510 Lutherum,
1532 1463 1776 1513 praesertim
1805 1464 1913 1514 apud

232 1535 293 1557 210
312 1520 535 1569 populum:
565 1520 636 1558 sed
657 1520 716 1558 ita
735 1521 876 1558 tamen
895 1519 1195 1569 improbabam,
1211 1521 1257 1558 vt
1276 1518 1363 1557 illis
1382 1520 1490 1557 esset
1509 1517 1689 1556 liberum
1709 1522 1914 1567 quantum

312 1574 470 1613 vellent
500 1574 730 1613 vociferari.
789 1573 895 1612 Cum
928 1574 1106 1612 eruditis
1142 1573 1302 1624 aliquot
1340 1572 1412 1622 qui
1451 1585 1562 1610 nunc
1599 1572 1793 1610 feruntur
1830 1586 1913 1611 non

313 1629 486 1667 omnino
506 1628 631 1667 alieni
659 1641 682 1666 a
702 1628 897 1675 Luthero,
921 1627 1005 1666 iam
1033 1627 1139 1666 mihi
1164 1628 1451 1666 intercesserat
1479 1627 1712 1665 studiorum
1742 1628 1914 1666 nomine

313 1685 523 1722 contracta
542 1682 813 1730 necessitudo,
837 1683 1079 1732 priusquam
1100 1683 1212 1721 orbis
1232 1682 1416 1720 audisset
1439 1681 1614 1719 Lutheri
1633 1694 1800 1719 nomen.

367 1737 512 1785 Porro,
536 1738 644 1787 quod
669 1737 821 1775 dicitur
841 1737 1027 1775 hausisse
1047 1737 1247 1786 quaedam
1268 1750 1289 1774 e
1310 1736 1431 1774 libris
1451 1735 1567 1783 meis,
1590 1735 1697 1773 mihi
1715 1734 1759 1772 in
1786 1748 1915 1774 manu

233 1808 292 1837 215
314 1805 398 1829 non
431 1793 519 1830 erat
550 1794 756 1841 praestare
788 1805 839 1829 ne
871 1791 964 1841 quis
996 1791 1041 1829 in
1071 1792 1285 1841 posterum
1319 1787 1483 1840 scriptis
1516 1790 1621 1828 meis
1658 1789 1916 1838 abuteretur,

314 1846 479 1895 quando
516 1846 593 1884 hoc
633 1859 707 1883 nec
746 1845 1038 1894 Euangelistae
1072 1858 1147 1884 nec
1184 1844 1378 1895 Apostoli
1415 1846 1623 1894 praestare
1672 1845 1912 1894 potuerunt.

313 1901 466 1950 Scripsi
495 1913 542 1938 eo
572 1900 709 1938 seculo
739 1913 843 1949 quae
871 1903 963 1938 tum
987 1899 1235 1938 videbantur
1262 1899 1314 1938 ad
1342 1899 1473 1937 bonos
1502 1911 1639 1937 mores
1668 1897 1916 1939 conducere:

313 1955 488 1993 fortasse
516 1955 717 2004 quaedam
746 1953 978 2003 scripturus
1004 1953 1352 2003 circumspectius,
1376 1953 1411 1991 si
1440 1952 1707 2002 praescissem
1737 1953 1914 1991 exoritu-

314 2022 408 2047 rum
427 2009 504 2047 hoc
525 2008 711 2047 seculum
741 2009 964 2058 plusquam
992 2008 1207 2058 tragicum.
1268 2007 1366 2046 Loci
1396 2019 1637 2045 communes
1658 2006 1810 2056 quibus
1829 2007 1912 2045 fere

234 2077 295 2099 220
315 2062 608 2111 declamabam,
638 2063 797 2101 faciunt
826 2063 1026 2101 aduersus
1057 2075 1126 2101 eos
1158 2061 1229 2112 qui
1261 2061 1462 2111 neglectis
1489 2061 1675 2100 fontibus
1705 2074 1915 2100 sacrorum

314 2117 593 2162 voluminum,
641 2117 860 2155 inhaerent
906 2117 1088 2155 nimium
1133 2116 1459 2167 quaestiunculis
1504 2115 1740 2166 sophisticis
1779 2115 1920 2155 verius

315 2184 439 2222 quam
470 2171 738 2221 theologicis:
769 2172 841 2220 qui
874 2171 1074 2221 neglectis
1107 2171 1175 2210 his
1203 2184 1306 2221 quae
1333 2172 1433 2209 sunt
1461 2183 1581 2209 verae
1608 2169 1788 2219 pietatis,
1821 2170 1915 2219 plus

362 2258 433 2288 188.
458 2258 552 2288 mihi
569 2269 588 2287 a
606 2269 614 2289 :
638 2259 745 2289 multi
762 2261 797 2289 F.
956 2258 1116 2289 Luthero
1132 2259 1258 2289 fauent
1273 2260 1309 2288 F.
1494 2266 1565 2295 190.
1590 2253 1765 2293 quaedam
1783 2256 1856 2284 add.
1876 2257 1915 2284 F.

319 2311 389 2340 191.
415 2301 575 2332 tumultu
586 2304 620 2332 F.
723 2304 793 2340 196.
821 2302 958 2332 insanis
972 2312 1030 2333 om.
1043 2304 1078 2333 F.
1169 2301 1244 2341 Qua
1258 2324 1266 2331 .
1282 2325 1290 2333 .
1302 2324 1310 2332 .
1329 2309 1400 2339 197.
1427 2310 1463 2330 re
1475 2311 1496 2329 α
1511 2310 1519 2330 :
1544 2299 1618 2338 Quo
1635 2321 1644 2330 .
1663 2322 1671 2330 .
1689 2320 1697 2328 .
1713 2298 1857 2337 negocio
1868 2300 1909 2327 H.

319 2355 387 2383 197.
416 2345 643 2384 nimiumque
660 2357 680 2374 α
695 2356 703 2375 :
728 2346 885 2375 nimium
902 2348 939 2376 F.
1119 2355 1190 2385 199.
1216 2344 1404 2375 reuerendi
1422 2343 1562 2374 domini
1579 2340 1775 2373 cardinalis
1798 2343 1913 2372 sancti

316 2389 408 2419 sixti
422 2400 441 2418 a
456 2401 462 2419 :
486 2389 524 2419 R.
543 2388 585 2419 D.
604 2388 707 2420 Card.
723 2389 756 2420 S.
774 2389 867 2419 Sixti
880 2392 931 2420 F:
953 2389 1110 2420 Thomae
1127 2389 1230 2421 Card.
1252 2388 1413 2419 Caietaui
1425 2389 1465 2418 H.
1559 2395 1633 2425 203.
1661 2384 1859 2416 tumultum
1876 2387 1910 2416 F.

316 2443 389 2469 204.
416 2432 559 2462 diuersa
575 2442 658 2472 pars
673 2436 710 2464 F.
824 2435 901 2463 erat
918 2444 938 2462 α
956 2436 984 2463 F
995 2435 1109 2471 Corriq.
1125 2444 1133 2464 :
1157 2434 1226 2463 erit
1242 2434 1281 2462 F.
1415 2431 1489 2462 208.
1513 2431 1693 2469 imputare
1710 2430 1860 2468 possunt
1876 2430 1914 2459 F..

318 2477 474 2514 primum
491 2478 527 2506 F.
690 2486 763 2514 209.
789 2476 969 2507 seditiosis
985 2476 1198 2507 clamoribus
1214 2479 1249 2506 F.
1407 2484 1480 2513 214.
1505 2472 1678 2513 quaedam
1695 2472 1856 2502 hausisse
1872 2474 1911 2502 N.

316 2529 390 2558 215.
419 2519 560 2558 scriptis
575 2520 663 2550 meis
678 2521 715 2549 in
728 2521 911 2559 posterum
921 2523 956 2552 F.
1048 2521 1124 2552 218.
1148 2519 1306 2551 fortassis
1319 2521 1359 2550 N.
1450 2527 1524 2549 221.
1552 2517 1706 2548 nimium
1724 2516 1913 2546 inhaerent

320 2566 350 2593 [ν’.
441 2564 560 2593 verius
577 2566 650 2593 add.
670 2566 705 2593 F.
841 2573 914 2594 222.
939 2564 997 2594 his
1013 2574 1054 2593 a:
1080 2565 1125 2594 iis
1140 2567 1177 2595 F.

362 2669 434 2700 188.
460 2669 736 2710 Euangelicum]
757 2670 856 2702 Matt.
880 2679 928 2700 10.
947 2679 1000 2709 34.
1149 2679 1191 2700 22
1208 2669 1329 2700 March
1350 2678 1428 2708 1521
1452 2679 1460 2700 :
1488 2678 1545 2699 see
1569 2668 1605 2698 F.
1626 2668 1814 2706 Lauehert,
1837 2669 1912 2698 Ital.

363 2723 434 2752 192.
462 2712 672 2754 obsignatis]
719 2714 846 2752 scaled,
892 2713 964 2744 and
1004 2713 1089 2744 thus
1150 2716 1266 2751 Geqner
1281 2714 1419 2750 Luthers,
1444 2722 1500 2752 pp.
1522 2721 1659 2751 142-55.
1710 2711 1914 2751 Foravery

317 2757 478 2796 private3
518 2758 560 2787 cf.
592 2757 679 2796 Epp.
706 2766 782 2795 435.
812 2757 864 2796 87,
897 2757 973 2788 810.
1003 2759 1078 2796 346,
1150 2756 1320 2787 different
1337 2756 1519 2788 character
1536 2756 1574 2786 of
1591 2755 1761 2786 Caietano
1778 2764 1834 2785 see
1850 2754 1917 2794 Ep.

323 2809 413 2840 1153.
437 2801 507 2838 162,
532 2801 624 2838 1167.
645 2810 781 2840 114-15,
806 2811 899 2839 1217.
917 2810 967 2832 21.
1153 2800 1246 2831 1188.
1266 2809 1363 2838 23—4.

406 2844 609 2884 vtriusque]
635 2844 776 2875 (jhurch
794 2844 866 2875 and
883 2846 992 2875 State.
1187 2854 1260 2874 211.
1287 2841 1456 2882 eruditis]
1496 2842 1591 2873 Such
1629 2852 1668 2874 as
1706 2840 1914 2882 Spalatinus

366 2887 436 2927 198.
464 2886 570 2926 liber]
589 2890 630 2917 De
646 2890 762 2918 diuina
778 2890 968 2918 institutione
979 2890 1083 2924 pomi-
1143 2888 1215 2918 and
1228 2887 1413 2918 Mutianus
1425 2886 1505 2926 (Ep.
1522 2895 1583 2926 501
1599 2886 1733 2917 introd.
1748 2885 1820 2916 and
1837 2885 1913 2924 811).

311 2933 427 2967 βοαί-ωε
443 2933 577 2961 Romani
593 2933 750 2967 Pontz'ficis
766 2941 859 2969 super
877 2935 968 2962 lolam
985 2933 1082 2961 Eccle-
1187 2940 1260 2969 214.
1285 2929 1461 2971 hausisse]
1488 2930 1538 2961 Cf.
1567 2930 1630 2969 Ep.
1660 2938 1752 2969 1195.
1771 2930 1824 2968 62,
1843 2928 1919 2959 and.
1978 2941 1980 2972 g

317 2978 398 3005 siam
414 2984 434 3004 a
452 2977 568 3006 Christo
585 2977 618 3004 in
634 2976 728 3014 Petro,
749 2975 869 3014 Rome,
888 2974 933 3005 M.
954 2975 1081 3013 Silher,
1143 2974 1181 3005 ll.
1197 2983 1325 3013 337—41
1343 2975 1442 3011 infra.
1978 2978 1980 2990 ¹
