1990 3353
68 130 192 185 1021]
550 128 705 168 FROM
743 127 896 168 JOHN
937 127 1196 167 SLECHTA
1616 128 1668 166 83

63 242 324 293 praesidebat
344 240 562 285 Ecclesiae,
584 239 717 278 literis
737 239 853 289 (quas
872 240 1023 277 vocant
1050 237 1396 287 exequutoriales)
1422 236 1671 275 confirman-

64 297 117 336 da
141 299 184 336 et
211 295 476 341 ratificanda3
509 294 581 344 qui
611 294 708 332 huic
736 293 922 333 Concilio
950 293 1162 342 imprimis
1189 291 1459 330 autoritatem
1487 290 1666 329 dederat.

62 351 216 390 Postea
234 364 333 390 vero
354 348 578 388 intellectis
598 348 722 387 certis
741 347 917 386 decretis
936 347 980 385 in
1005 346 1150 385 eodem
1177 345 1365 384 Concilio
1388 346 1532 383 contra
1557 358 1600 383 se
1630 346 1670 383 et

61 405 224 444 futuros
232 404 457 444 Pontifices
468 402 676 442 conclusis
688 404 728 441 et
741 401 1042 450 determinatis,
1053 400 1235 439 aboleuit
1246 402 1287 438 et
1299 399 1517 449 abrogauit
1530 398 1671 438 omnia

63 459 109 498 in
123 459 270 498 eodem
285 458 471 498 Concilio
484 457 678 496 conclusa
693 459 735 495 et
751 455 1048 495 determinata:
1079 468 1159 505 qua
1171 467 1293 493 causa
1306 466 1440 504 neque
1453 453 1552 492 haec
1566 466 1670 503 quae

63 513 266 553 Bohemis
284 513 329 551 in
349 512 494 551 eodem
515 511 700 551 Concilio
720 523 910 549 concessa
929 512 970 548 et
985 509 1208 559 approbata
1227 509 1409 556 fuerunt,
1428 507 1565 546 literis
1585 508 1671 546 suis

62 568 288 618 approbare
306 566 452 614 voluit,
474 579 527 604 ne
546 566 758 604 videretur
776 564 862 603 iam
883 564 1004 603 dictis
1023 564 1196 602 decretis
1212 563 1386 602 Concilii
1404 562 1672 601 autoritatem

66 622 173 662 dare.
235 622 324 671 Qua
345 634 464 660 causa
482 634 615 671 neque
639 620 716 658 hoc
740 619 791 658 ab
817 619 911 658 aliis
938 617 1218 657 Pontificibus
1241 617 1444 656 Romanis
1468 617 1672 655 hactenus

63 677 252 715 obtinere
272 676 498 726 potuerunt
516 690 525 714 :
556 674 628 725 qui
648 674 816 724 cognita
836 673 881 711 in
900 673 978 711 hac
996 674 1113 722 parte
1134 674 1222 710 tam
1242 671 1450 711 obstinata
1464 673 1505 710 et
1525 672 1671 710 immo—

64 731 141 770 bili
152 731 410 769 Pontificum
424 732 576 776 mente,
596 729 665 779 qui
686 742 733 767 ea
752 741 856 778 quae
875 727 1068 767 Christus
1083 726 1269 765 instituit
1284 727 1325 764 et
1341 725 1524 764 Ecclesia
1538 726 1673 776 prisca

64 786 201 824 tenuit
221 785 538 834 Conciliumque
556 783 813 833 approbanit‚
836 782 1083 820 confirmare
1104 781 1345 828 noluerunt,
1369 793 1444 818 nec
1464 780 1523 819 eis
1543 780 1672 819 etiam

64 839 230 878 obedire
259 852 333 878 nec
361 852 436 889 pro
465 838 576 878 veris
605 837 763 876 Christi
789 837 957 876 vicariis
981 839 1023 875 et
1049 834 1355 874 successoribus
1382 835 1501 873 Petri
1523 834 1673 873 habere

61 894 297 933 voluerunt.

119 948 175 987 Et
194 948 265 987 vbi
288 948 660 998 compromiserant
686 946 864 985 maiores
890 945 1071 992 illorum,
1094 944 1202 995 quod
1228 943 1459 983 sacerdotes
1479 943 1672 982 factionis

64 1004 252 1053 ipsorum
282 1001 633 1041 communicaturi
663 1001 866 1051 populum
899 1001 976 1039 sub
1006 1013 1089 1038 vna
1119 998 1188 1037 vel
1221 999 1299 1037 sub
1328 1001 1503 1048 vtraque
1537 998 1672 1048 specie

64 1057 322 1108 alloquuturi
348 1059 468 1095 erant
494 1056 697 1106 populum
716 1055 784 1094 his
803 1054 943 1094 verbis
963 1068 1067 1104 quae
1086 1056 1182 1093 ante
1201 1053 1378 1103 praefati
1405 1065 1562 1100 sumus,
1586 1053 1672 1091 iam

63 1111 139 1151 illa
155 1112 297 1150 omnia
313 1125 384 1150 ceu
399 1111 504 1150 falsa
519 1112 770 1156 abiecerunt,
790 1122 923 1159 neque
938 1109 1058 1147 aliter
1073 1108 1208 1147 vllum
1224 1121 1276 1146 ex
1290 1107 1505 1146 communi
1521 1107 1673 1157 populo

65 1180 190 1217 quam
210 1167 288 1204 sub
304 1168 477 1216 vtraque
496 1166 630 1215 specie
649 1164 954 1203 communicare
970 1163 1121 1202 volunt
1138 1177 1146 1210 ;
1174 1161 1518 1212 reprehendentes
1534 1162 1577 1200 in
1594 1162 1672 1200 hoc

63 1221 334 1260 vehementer
357 1220 534 1259 maiores
561 1233 658 1258 suos
681 1219 752 1269 qui
771 1219 822 1258 ad
843 1218 948 1257 illud
970 1217 1204 1258 Concilium
1226 1216 1345 1255 missi
1364 1216 1539 1263 fuerant,
1564 1216 1672 1266 quod

64 1278 154 1314 tam
175 1275 298 1314 stulti
317 1277 358 1313 et
379 1274 591 1313 temerarii
610 1275 790 1312 fuissent
810 1275 856 1311 vt
876 1276 962 1311 tam
982 1272 1099 1311 falsis
1119 1274 1162 1310 et
1183 1271 1341 1321 iniquis
1362 1270 1674 1309 conditionibus

66 1344 89 1369 a
108 1329 294 1369 Concilio
314 1328 465 1368 oblatis
476 1329 675 1367 assentire
692 1327 913 1375 voluerint,
930 1341 1026 1366 cum
1041 1327 1150 1376 apud
1166 1325 1355 1364 doctores
1369 1328 1530 1364 veteres
1547 1326 1671 1364 Grae-

66 1397 134 1423 cos
161 1386 203 1422 et
229 1384 400 1422 Latinos
425 1383 685 1433 apertissime
714 1382 957 1421 inueniatur
982 1381 1107 1420 aliam
1131 1380 1307 1431 gratiam
1328 1380 1418 1418 dari
1438 1379 1673 1428 accipienti·

67 1439 146 1477 bus
164 1451 312 1488 corpus
332 1438 499 1485 Christi,
517 1440 558 1476 et
577 1438 702 1476 aliam
730 1436 994 1475 sumentibus
1025 1435 1271 1485 sanguinem
1297 1434 1440 1484 ipsius.
1502 1434 1556 1472 Et
1577 1447 1672 1472 cum

66 1493 126 1533 ibi
145 1493 355 1531 donentur
374 1492 610 1531 differentes
629 1491 793 1542 gratiae,
817 1491 1025 1541 quomodo
1052 1490 1153 1528 haec
1179 1502 1278 1529 vera
1300 1501 1389 1526 esse
1417 1490 1604 1538 possunt,
1626 1490 1674 1526 vt

66 1548 342 1598 percipientes
364 1549 672 1585 sacramentum
698 1546 803 1584 illud
825 1545 903 1584 sub
922 1558 1005 1583 vna
1024 1544 1158 1594 specie
1180 1557 1265 1582 non
1284 1543 1427 1581 minus
1446 1544 1674 1592 gratiarum

67 1602 271 1652 accipiant
291 1614 416 1651 quam
435 1602 509 1652 qui
531 1601 608 1640 sub
628 1603 812 1651 vtraque‚
837 1613 970 1650 neque
991 1600 1063 1649 qui
1083 1599 1160 1637 sub
1179 1600 1357 1647 vtraque
1378 1600 1565 1646 sumunt,
1588 1610 1673 1635 non

67 1657 162 1706 plus
200 1658 369 1695 sumant
401 1669 527 1706 quam
558 1655 631 1705 qui
663 1655 741 1694 sub
772 1656 887 1693 vna?
955 1654 1069 1692 Haec
1107 1652 1346 1699 subdentes,
1382 1652 1418 1690 si
1452 1652 1533 1690 ista
1572 1665 1673 1702 quae

67 1713 391 1750 commemorata
410 1713 509 1749 sunt
528 1723 662 1760 neque
682 1710 763 1760 ipsi
782 1710 1025 1748 tractatores
1043 1707 1208 1757 antiqui
1228 1719 1437 1746 sacrarum
1456 1706 1674 1745 literarum

68 1766 315 1814 docuissent,
347 1768 491 1804 tamen
518 1778 604 1803 non
630 1768 716 1803 erat
743 1764 871 1803 altera
899 1777 995 1814 pars
1018 1762 1268 1801 sacramenti
1297 1761 1493 1800 salutaris
1522 1761 1674 1810 populo

68 1819 283 1859 communi
303 1833 429 1870 supra
447 1820 694 1858 institutum
719 1818 876 1858 Christi
895 1818 982 1856 vllo
1006 1817 1131 1856 modo
1157 1816 1455 1863 subtrahenda,
1475 1828 1573 1854 cum
1596 1816 1675 1854 hoc

68 1874 181 1913 aliud
209 1874 317 1913 nihil
343 1873 398 1912 sit
421 1887 546 1924 quam
574 1887 738 1912 merum
762 1872 1049 1923 sacrilegium:
1082 1884 1214 1922 neque
1240 1870 1335 1921 plus
1360 1883 1502 1920 sapere
1528 1869 1675 1908 debue-

69 1931 170 1968 runt
189 1942 312 1979 supra
338 1929 455 1967 illam
478 1929 659 1978 priscam
686 1930 729 1966 et
754 1930 942 1966 sanctam
968 1925 1210 1973 Ecclesiam,
1236 1938 1338 1975 quae
1365 1925 1443 1963 hoc
1469 1925 1520 1963 ad
1544 1937 1675 1962 annos
1718 1937 1733 1946 ’-

69 1997 196 2033 prope
215 1983 332 2022 mille
352 1986 393 2022 et
413 1983 612 2022 ducentos
630 1982 932 2021 inuiolabiliter
953 1980 1146 2019 seruauit.
1208 1980 1263 2017 Et
1289 1979 1361 2017 vbi
1385 1979 1518 2017 nostri
1545 1980 1675 2017 certas

70 2051 213 2076 causas
232 2040 274 2076 et
293 2037 475 2087 pericula
494 2037 696 2087 quaedam
715 2037 939 2082 adducunt,
962 2037 1130 2085 propter
1149 2047 1253 2084 quae
1273 2034 1402 2072 altera
1431 2046 1526 2083 pars
1544 2046 1676 2072 sacra-

70 2092 202 2131 menti
222 2091 438 2130 communi
456 2092 610 2142 populo
629 2092 825 2141 adempta
844 2093 918 2138 est,
944 2090 1089 2129 dicunt
1113 2090 1211 2128 inde
1240 2088 1345 2126 illud
1375 2087 1675 2126 inconueniens

71 2148 360 2196 sequuturum,
383 2149 430 2185 vt
447 2146 520 2185 isti
539 2146 809 2196 sapientiores
828 2145 920 2195 ipso
940 2144 1108 2183 Christo
1129 2156 1215 2183 esse
1236 2142 1383 2191 velint,
1403 2142 1474 2193 qui
1498 2141 1675 2180 nesciuit

70 2204 112 2239 et
133 2201 344 2251 ignorauit
361 2201 543 2251 pericula
567 2200 769 2250 quaedam
792 2200 933 2238 futura
959 2199 1066 2237 circa
1093 2198 1211 2237 illam
1237 2198 1398 2247 partem
1424 2196 1676 2236 sacramenti

71 2268 289 2303 emersura,
326 2268 429 2305 quae
459 2255 531 2294 isti
560 2255 814 2294 inuenerunt
844 2257 886 2293 et
918 2255 1214 2302 cognouerunt,
1247 2253 1289 2290 et
1318 2251 1429 2289 istud
1459 2252 1522 2289 est
1550 2263 1676 2300 supra

70 2309 287 2349 Christum
307 2309 410 2348 scire
429 2312 470 2348 et
495 2309 739 2360 intelligere.
800 2308 914 2347 Haec
933 2311 976 2347 et
995 2307 1076 2345 alia
1095 2307 1219 2357 longe
1238 2306 1359 2356 plura
1374 2306 1418 2343 in
1431 2305 1677 2344 tractatibus

71 2377 214 2403 eorum
235 2366 378 2402 contra
396 2364 738 2403 communionem
761 2363 839 2402 sub
858 2376 940 2402 vna
963 2362 1097 2411 specie
1120 2360 1351 2410 conscripta
1374 2360 1675 2406 inueniuntur3

73 2431 183 2468 quae·
197 2431 520 2457 commemorare
540 2419 646 2458 sicut
665 2418 851 2468 longum,
874 2417 933 2455 ita
952 2420 993 2454 et
1014 2416 1223 2455 tediosum
1245 2417 1363 2453 esset.
1424 2414 1526 2463 Quis
1548 2413 1677 2464 igitur

73 2474 212 2511 tantae
232 2472 505 2511 dissensionis
524 2473 698 2511 idoneus
716 2473 826 2523 apud
848 2485 923 2510 nos
944 2471 1099 2509 arbiter
1117 2469 1389 2508 inuenietur?

127 2527 265 2566 Tertia
296 2529 409 2566 secta
437 2529 500 2565 est
532 2540 676 2566 eorum
711 2539 815 2577 quos
846 2527 996 2564 vocant
1027 2524 1282 2575 Pyghardos.
1345 2522 1405 2561 Hi
1437 2523 1676 2561 denomina-

121 2659 191 2688 181.
217 2657 438 2697 Pyghardos]
456 2656 658 2697 According
672 2660 707 2688 to
720 2657 751 2688 J.
766 2657 838 2688 Du·
908 2658 1089 2687 ancestors
1129 2655 1167 2686 of
1201 2655 1264 2686 the
1302 2657 1450 2694 present
1491 2654 1676 2685 Moravian

75 2702 231 2738 bravius,
251 2703 335 2732 Hist.
356 2703 523 2739 Boimnica,
541 2701 616 2732 bks.
641 2711 678 2739 14
695 2701 766 2732 and
783 2702 839 2739 26,
909 2699 1057 2731 church.
1097 2698 1196 2738 They
1206 2708 1300 2729 were
1316 2701 1353 2729 at
1369 2699 1444 2729 this
1460 2699 1548 2729 time
1560 2697 1676 2728 under

74 2745 130 2778 ed.
149 2744 264 2784 Basle,
283 2753 376 2784 1575,
390 2754 446 2784 pp.
465 2745 537 2784 126,
552 2754 626 2784 250,
640 2745 716 2775 this
732 2754 838 2775 name
908 2744 971 2774 the
998 2742 1203 2782 leadership
1228 2742 1267 2773 of
1291 2742 1389 2773 their
1406 2742 1546 2782 bishop,
1564 2741 1677 2772 Lucas

74 2798 147 2819 was
175 2789 252 2819 first
280 2788 422 2828 applied
449 2790 486 2819 to
507 2798 527 2818 a
543 2790 617 2819 sect
635 2788 753 2818 which
778 2797 839 2827 ap·
909 2787 948 2818 of
962 2786 1096 2826 Prague
1114 2786 1152 2828 (†
1165 2795 1199 2816 11
1217 2786 1301 2818 Dec.
1322 2785 1433 2826 1528).

74 2832 203 2872 peared
222 2833 260 2862 in
279 2831 452 2862 Bohemia
468 2832 506 2862 in
526 2832 603 2863 xiie.
653 2832 688 2862 It
712 2831 743 2862 is
765 2841 838 2862 em-
953 2830 1097 2861 Slechta
1122 2829 1293 2861 endorses
1317 2839 1338 2860 a
1367 2831 1516 2860 current
1540 2828 1675 2859 deriva—

76 2875 206 2915 ployed
226 2875 323 2913 here,
341 2875 530 2915 according
546 2877 584 2906 to
601 2875 662 2906 the
681 2885 788 2915 usage
805 2874 844 2905 of
908 2875 987 2905 tion
1005 2875 1043 2905 of
1063 2874 1160 2905 their
1183 2883 1288 2904 name
1311 2873 1404 2904 from
1420 2882 1441 2904 a
1456 2872 1579 2903 leader
1595 2872 1676 2902 who

76 2919 138 2950 the
154 2919 252 2957 time,
274 2919 329 2949 for
344 2919 406 2950 the
431 2918 632 2950 Bohemian
660 2919 839 2950 Brethren
909 2927 1006 2949 came
1034 2917 1127 2948 from
1154 2917 1333 2956 Picardy3
1367 2917 1431 2948 but
1457 2916 1520 2947 the
1552 2925 1676 2956 oppro-

79 2962 117 3004 (1.
157 2961 268 3003 95n);
314 2962 396 2993 who
434 2971 526 2992 were
563 2962 626 2993 the
672 2962 839 3003 spiritual
910 2962 1030 2993 brious
1058 2971 1158 2992 sense
1186 2960 1330 3000 usually
1353 2960 1523 2991 attached
1551 2961 1589 2990 to
1613 2960 1676 2990 the

74 3015 270 3038 successors
303 3005 341 3037 of
368 3005 430 3037 the
461 3006 645 3037 Taborites
675 3005 748 3038 and
778 3006 839 3037 the
908 3005 1005 3037 word
1036 3004 1209 3045 probably
1248 3003 1424 3035 indicates
1464 3003 1543 3034 that
1579 3003 1608 3033 it
1647 3003 1677 3032 is

836 3072 906 3099 02

1692 303 1753 335 140

1695 573 1753 605 145

1696 848 1756 879 150

1696 1379 1757 1410 160

1697 1651 1754 1692 165

1698 2206 1755 2239 175
