1990 3353
49 127 146 182 999]
545 126 618 165 TO
659 125 876 165 ULRICH
914 124 1151 164 HUTTEN
1601 125 1651 164 17

47 239 308 278 diuersorum
326 238 618 277 animantium.
660 237 839 276 Proinde
862 236 1027 274 nullum
1042 236 1127 273 fere
1146 247 1279 284 genus
1298 236 1359 272 est
1378 234 1521 271 auium
1542 234 1650 282 quod

48 293 162 332 domi
190 307 275 332 non
304 293 399 340 alat,
429 296 470 331 et
498 291 648 342 siquod
677 292 790 330 aliud
819 290 974 329 animal
1011 289 1132 339 vulgo
1163 301 1316 336 rarum,
1350 287 1483 326 veluti
1516 287 1648 333 simia,

47 347 204 398 vulpes,
228 348 404 394 viuerra,
426 346 606 385 mustela
625 348 666 384 et
686 346 752 384 his
771 343 1018 383 consimilia.
1057 344 1124 382 Ad
1146 343 1245 381 haec
1265 343 1302 381 si
1322 342 1420 392 quid
1441 341 1651 379 exoticum

47 403 120 440 aut
138 401 292 452 alioqui
310 401 581 451 spectandum
600 402 794 444 occurrat,
817 399 1059 437 auidissime
1086 398 1258 436 mercari
1282 397 1386 434 solet
1403 411 1411 442 ;
1442 398 1564 445 atque
1585 396 1652 433 his

47 456 170 494 rebus
190 455 373 506 vndique
394 455 567 494 domum
586 454 711 492 habet
730 455 989 499 instructam,
1010 454 1056 490 vt
1075 464 1283 501 nusquam
1303 464 1388 489 non
1408 450 1464 488 sit
1480 449 1652 488 obuium

48 510 156 560 quod
178 510 317 548 oculos
337 509 664 559 ingredientium
687 509 926 547 demoretur
943 521 952 554 3
981 520 1026 544 ac
1043 506 1163 545 toties
1178 506 1260 544 sibi
1280 507 1453 543 renouat
1468 504 1652 553 volupta-

46 565 147 611 tem,
167 564 328 615 quoties
349 564 452 602 alios
472 563 674 611 conspicit
699 562 907 601 oblectari.
966 561 1074 600 Cum
1100 562 1211 598 aetas
1230 559 1367 607 ferret,
1392 572 1478 597 non
1504 558 1650 597 abhor—

47 618 132 657 ruit
151 631 175 657 a
194 619 427 668 puellarum
442 617 665 664 amoribus,
688 617 758 655 se'd
780 617 881 655 citra
900 615 1126 662 infamiam,
1150 617 1192 652 et
1212 615 1271 652 sic
1285 616 1331 652 vt
1351 613 1500 652 oblatis
1519 612 1652 663 magis

48 673 253 711 frueretur
265 686 390 722 quam
405 672 589 722 captatis,
608 674 648 710 et
668 671 808 709 animo
827 672 974 709 mutuo
995 672 1207 719 caperetur
1226 669 1365 718 potius
1382 681 1506 718 quam
1527 668 1649 705 coitu.

101 726 242 765 Bonas
261 727 403 765 literas
423 739 446 764 a
464 727 612 776 primis
637 726 780 764 statim
804 726 923 763 annis
946 725 1151 762 hauserat.
1210 722 1384 761 quenis
1407 723 1457 760 ad
1481 723 1654 761 Graecas

47 780 189 819 literas
207 784 330 831 atque
350 781 636 830 philosophiae
655 780 841 818 studium
861 792 950 817 sese
969 778 1179 828 applicuit,
1202 777 1303 816 adeo
1323 790 1408 815 non
1423 777 1654 826 opitulante

46 838 177 885 patre,
198 835 286 873 viro
306 835 461 885 alioqui
485 835 680 885 prudenti
706 834 926 884 proboque,
953 837 1000 871 vt
1021 846 1066 870 ea
1090 835 1310 870 conantem
1331 832 1446 870 omni
1471 831 1654 869 subsidio

48 889 320 937 destitueret;
354 903 399 928 ac
428 902 532 939 pene
561 902 634 939 pro
663 888 852 928 abdicato
879 888 1109 934 haberetur,
1142 887 1251 936 quod
1277 900 1301 924 a
1329 886 1475 936 patriis
1505 885 1654 923 studiis

49 943 273 982 desciscere
304 944 538 982 videretur:
579 957 675 982 nam
708 944 745 981 is
779 941 1121 981 Britannicarum
1154 941 1295 990 legum
1334 940 1526 990 peritiam
1565 953 1652 986 pro-

48 998 201 1036 fitetur.
261 998 374 1046 Quae
404 998 604 1047 professio
636 1000 682 1036 vt
713 1000 774 1035 est
806 1010 830 1035 a
863 997 973 1036 veris
1001 996 1133 1034 literis
1161 995 1428 1041 alienissima,
1460 995 1517 1032 ita
1545 994 1654 1043 apud

49 1052 277 1091 Britannos
306 1066 402 1091 cum
430 1053 579 1102 primis
609 1052 814 1090 habentur
842 1051 982 1100 magni
1013 1050 1202 1100 clarique.
1226 1050 1297 1099 qui
1326 1050 1370 1087 in
1400 1049 1476 1087 hoc
1505 1062 1653 1098 genere

49 1106 130 1145 sibi
149 1109 348 1156 pararunt
366 1107 642 1145 autoritatem.
702 1106 786 1144 Nec
809 1103 998 1158 [temere]
1012 1105 1121 1155 apud
1136 1105 1232 1143 illos
1250 1104 1329 1142 alia
1344 1104 1411 1142 via
1425 1104 1475 1141 ad
1498 1117 1587 1141 rem
1608 1116 1653 1141 ac

49 1160 222 1210 gloriam
255 1162 483 1210 parandam
518 1161 650 1211 magis
683 1161 831 1199 idonea
849 1175 857 1208 ;
892 1160 1095 1210 siquidem
1131 1159 1357 1208 pleranque
1390 1158 1654 1196 nobilitatem

48 1214 164 1253 illius
184 1215 346 1254 insulae
365 1216 522 1265 peperit
543 1216 619 1253 hoc
639 1216 874 1254 studiorum
895 1228 1036 1265 genus.
1098 1213 1150 1251 In
1171 1227 1219 1251 eo
1238 1215 1392 1262 negant
1417 1225 1653 1262 quenquam

48 1269 213 1308 absolui
231 1283 350 1319 posse
369 1270 452 1308 nisi
470 1270 675 1320 plurimos
694 1283 826 1308 annos
846 1268 1061 1307 insudarit.
1120 1268 1189 1306 Ab
1209 1268 1285 1306 hoc
1304 1267 1433 1317 igitur
1453 1280 1547 1305 cum
1569 1280 1654 1305 non

48 1323 201 1363 iniuria
228 1324 468 1362 abhorreret
504 1324 778 1363 adolescentis
809 1323 1026 1374 ingenium
1056 1322 1301 1361 melioribus
1334 1322 1458 1360 rebus
1489 1324 1650 1369 *natum⁷

49 1380 189 1416 tamen
209 1380 304 1428 post
325 1379 563 1428 degustatae
583 1379 847 1417 scholasticas
867 1378 1107 1427 disciplinas
1131 1377 1188 1415 sic
1215 1377 1261 1415 in
1283 1377 1361 1414 hoc
1383 1378 1571 1414 versatus
1591 1380 1654 1414 est

48 1434 99 1485 vt,
112 1445 246 1482 neque
260 1433 522 1471 consulerent
543 1446 780 1483 quenquam
799 1433 999 1471 libentius
1017 1432 1259 1481 litigatores,
1278 1444 1412 1480 neque
1434 1437 1654 1480 quaestum

47 1486 280 1525 vberiorem
305 1487 456 1526 faceret
482 1489 701 1538 quisquam
725 1501 869 1526 eorum
893 1488 966 1536 qui
995 1486 1102 1524 nihil
1129 1486 1242 1524 aliud
1271 1486 1460 1535 agebant.
1521 1485 1654 1523 Tanta

47 1543 134 1579 erat
153 1541 218 1579 vis
239 1554 284 1580 ac
303 1542 492 1580 celeritas
511 1542 684 1592 ingenii.

103 1595 213 1643 Quin
233 1598 274 1634 et
293 1596 536 1635 euoluendis
551 1596 875 1635 orthodoxorum
891 1595 1180 1634 voluminibus
1200 1608 1283 1632 non
1300 1607 1469 1644 segnem
1485 1606 1653 1643 operam

48 1649 264 1700 impendit.
324 1651 553 1700 Augustini
584 1651 711 1689 libros
742 1651 804 1689 De
835 1650 1017 1689 Ciuitate
1050 1650 1125 1688 Dei
1155 1650 1319 1699 publice
1353 1649 1562 1698 professus
1592 1651 1654 1686 est

50 1704 184 1742 adhuc
204 1718 309 1754 pene
329 1705 566 1744 adolescens
589 1706 795 1744 auditorio
816 1705 1024 1754 frequenti
1042 1719 1050 1751 ;
1081 1718 1155 1742 1100
1178 1703 1327 1752 puduit
1348 1716 1422 1741 nec
1443 1702 1652 1752 poenituit

49 1759 276 1798 sacerdotes
296 1773 342 1798 ac
368 1773 487 1798 senes
513 1773 536 1798 a
561 1761 711 1799 iuuene
736 1760 948 1810 prophano
977 1772 1092 1797 sacra
1113 1760 1278 1796 discere.
1339 1758 1515 1796 Interim
1539 1759 1580 1795 et
1603 1757 1652 1795 ad

49 1812 217 1862 pietatis
245 1814 434 1853 studium
460 1816 598 1853 totum
627 1815 819 1853 animum
849 1814 1020 1864 appulit,
1052 1813 1225 1863 vigiliis,
1249 1813 1429 1859 ieiuniis,
1458 1812 1654 1862 precatio-

96 1910 166 1939 133.
181 1902 217 1931 et
229 1911 287 1934 om.
301 1905 335 1932 F.
409 1911 478 1941 134.
494 1901 637 1932 ENssLB:
654 1903 777 1932 viuera
789 1900 831 1932 Nl
844 1903 941 1930 Loncz.
1015 1909 1084 1938 135.
1110 1901 1219 1937 atque
1236 1901 1283 1930 F:
1306 1908 1397 1937 aque
1415 1902 1452 1929 E.
1525 1908 1596 1937 137.
1615 1908 1655 1928 ac

48 1945 98 1975 F:
113 1947 194 1975 atE.
266 1955 336 1984 142.
354 1946 514 1985 atqueE:
531 1955 570 1976 ac
584 1948 618 1976 F.
696 1955 768 1985 144.
793 1944 1050 1975 habereturE:
1073 1944 1220 1974 haberet
1237 1945 1268 1974 F.
1363 1952 1434 1981 149.
1460 1942 1655 1982 pleramque

49 1989 116 2019 MS.
129 1998 180 2026 ap.
200 1991 230 2019 E
246 1991 434 2028 Corriy.,1‹':
457 1990 638 2030 plerisque
654 1992 692 2021 E.

97 2107 168 2137 133.
187 2099 300 2141 domi]
328 2100 364 2130 It
388 2100 417 2131 is
434 2101 535 2140 quite
560 2098 714 2140 possible
736 2098 816 2129 that
885 2107 966 2127 ness
983 2095 1111 2127 caused
1130 2097 1174 2136 by
1193 2096 1256 2126 the
1272 2096 1439 2134 frequent
1451 2095 1607 2134 changes
1621 2095 1659 2125 of

51 2141 86 2172 at
105 2142 181 2173 this
205 2143 295 2173 time
313 2143 440 2174 More's
462 2144 567 2175 home
584 2153 658 2174 was
678 2143 755 2173 still
778 2143 817 2172 in
885 2140 1022 2179 subject
1039 2141 1079 2171 111
1095 2141 1170 2170 this
1187 2141 1369 2171 sentence.

50 2185 325 2226 Bucklersbury.
346 2187 392 2218 In
404 2187 469 2218 her
478 2186 817 2227 marriage-licence,
934 2185 1005 2222 148.
1034 2184 1105 2214 Nec
1123 2186 1275 2225 temere]
1299 2184 1331 2214 A
1350 2183 1543 2214 conflation
1561 2182 1655 2213 with

50 2238 69 2258 2
91 2228 179 2268 July
207 2239 301 2270 1521,
321 2231 499 2272 Margaret
516 2231 612 2262 More
630 2231 672 2271 (l.
692 2231 768 2269 174)
786 2231 817 2260 is
890 2230 898 2245 ‘
912 2229 983 2259 Nec
1005 2230 1141 2259 temere
1165 2228 1318 2260 habetur
1336 2227 1430 2267 apud
1444 2227 1525 2258 11105
1541 2236 1580 2257 03
1597 2228 1655 2257 via

51 2271 235 2304 described
273 2284 310 2304 as
348 2275 386 2306 of
428 2275 490 2306 the
528 2275 652 2315 pai-ish
691 2275 728 2305 of
764 2275 814 2305 St.
887 2297 894 2304 .
916 2296 922 2302 .
944 2296 950 2303 .
969 2273 1126 2302 maxime
1144 2272 1271 2303 idonea
1284 2272 1304 2300 ¹.

50 2315 249 2357 Stephen's‚
284 2317 497 2356 Walbrook;
529 2319 663 2349 within
696 2317 817 2348 which
933 2327 1005 2355 149.
1030 2315 1243 2356 pleramque]
1279 2314 1355 2345 The
1390 2314 1525 2345 editors
1558 2314 1597 2344 of
1627 2314 1655 2344 E

49 2361 130 2399 part
146 2361 182 2391 of
196 2361 464 2402 Bucklersbury
477 2362 554 2394 lies.
601 2362 705 2393 From
723 2363 816 2393 June
886 2359 999 2391 found
1027 2360 1091 2390 the
1117 2360 1266 2398 reading
1283 2358 1321 2389 of
1341 2359 1405 2389 the
1432 2368 1483 2389 MS.
1504 2358 1655 2389 diflicult

54 2412 136 2443 1523
153 2405 189 2435 to
205 2404 287 2437 Jan.
309 2414 390 2445 1524
409 2405 505 2437 More
522 2415 596 2437 was
611 2406 674 2437 the
695 2416 818 2436 owner
887 2404 958 2434 and
969 2404 1150 2434 corrected
1164 2404 1204 2441 it,
1221 2402 1411 2442 recor-<ling
1422 2403 1461 2441 it,
1477 2403 1654 2440 however,

51 2446 88 2478 of
101 2447 233 2487 Crosby
251 2449 354 2480 Place
371 2451 410 2481 in
424 2450 487 2481 the
504 2449 586 2489 City
597 2451 636 2481 of
649 2449 816 2487 Lond0n;
886 2448 925 2478 in
958 2448 1021 2478 the
1045 2447 1255 2485 corrigenda
1273 2458 1280 2477 :
1313 2447 1374 2477 the
1405 2447 1540 2477 editors
1563 2447 1602 2476 of
1629 2446 1656 2476 F·

51 2489 116 2522 but
128 2491 147 2522 I
158 2494 288 2524 cannot
306 2493 382 2524 find
398 2503 470 2532 any
483 2493 630 2525 definite
646 2493 817 2524 evidence
886 2491 1045 2522 restored
1062 2492 1101 2522 it.
1142 2491 1209 2522 For
1231 2491 1334 2521 other
1350 2491 1520 2521 citations
1538 2490 1575 2520 of
1589 2500 1654 2521 ms.

51 2535 88 2565 to
103 2538 254 2567 connect
271 2536 349 2567 him
360 2537 451 2568 with
464 2537 613 2568 Chelsea
625 2537 743 2568 before
761 2537 818 2567 his
886 2536 1059 2574 originale.
1090 2536 1130 2565 in
1160 2535 1186 2565 E
1219 2534 1354 2574 Corrig.
1386 2535 1428 2565 cf.
1455 2534 1543 2574 Epp.
1583 2543 1655 2572 123.

51 2578 242 2617 purchases
258 2580 297 2611 of
313 2580 399 2612 land
420 2581 522 2612 there
545 2581 585 2612 in
612 2591 709 2621 1524.
754 2581 818 2612 See
889 2589 967 2613 1211,
986 2579 1062 2618 987.
1083 2588 1223 2617 32,3nn.

54 2620 91 2653 P.
109 2621 279 2664 Norman,
297 2627 406 2662 Crosby
420 2627 518 2663 Place,
540 2626 636 2665 1908,
652 2635 686 2665 p.
705 2634 757 2656 21.
975 2622 1223 2662 nobilitatem]
1249 2621 1301 2653 Cf.
1328 2623 1390 2661 Ep.
1414 2631 1505 2660 1053.
1527 2631 1625 2660 130n.

138 2666 260 2708 simia]
285 2668 317 2699 A
335 2670 432 2707 story
453 2670 491 2699 of
509 2668 640 2699 More's
658 2678 723 2708 ape
745 2668 817 2699 and
935 2676 1006 2706 153.
1037 2667 1266 2697 scholasticas
1305 2664 1532 2705 disciplinas]
1572 2665 1655 2695 Pre-

53 2710 177 2741 weasel
195 2711 226 2740 is
241 2711 316 2742 told
332 2712 373 2742 in
393 2712 455 2744 the
468 2711 636 2752 colloquy
652 2714 817 2749 Amicitia,
886 2711 1051 2749 sumably
1068 2713 1104 2740 at
1122 2709 1254 2741 Oxford
1272 2721 1279 2740 :
1302 2709 1345 2741 cf.
1363 2710 1426 2748 Ep.
1445 2719 1537 2740 1002.
1557 2709 1654 2740 8-12.

53 2751 130 2784 first
144 2754 291 2793 printed
304 2755 343 2786 in
357 2755 452 2796 Sept.
470 2765 564 2796 1531.
592 2756 627 2787 P.
644 2756 731 2787 Falk
745 2756 819 2786 also
935 2754 1005 2794 158.
1033 2753 1243 2795 Augustini]
1269 2753 1355 2783 'l‘his
1379 2763 1501 2784 course
1523 2753 1562 2783 of
1590 2753 1655 2783 lec-

52 2793 235 2836 delighted
250 2799 287 2829 in
301 2808 346 2829 an
359 2808 423 2839 ape
437 2810 445 2838 ;
465 2810 522 2830 see
533 2800 597 2840 Ep.
610 2809 685 2839 450.
699 2800 816 2839 57-61.
887 2801 985 2828 tures
1008 2808 1079 2829 was
1102 2798 1255 2838 perhaps
1278 2797 1506 2827 undertaken
1531 2799 1567 2827 at
1593 2796 1655 2826 the

93 2849 164 2889 1¹44.
182 2841 448 2884 abdieato]'rhe
462 2843 643 2874 technical
658 2846 749 2874 term
763 2843 818 2874 for
887 2845 1030 2881 request
1048 2842 1086 2871 of
1099 2842 1230 2872 Grocin
1249 2852 1256 2879 3
1281 2841 1335 2871 for
1352 2840 1467 2880 Roper
1484 2842 1532 2880 (p.
1549 2850 1580 2879 3.
1600 2840 1655 2870 cd.

57 2881 260 2916 ‘disowned
271 2884 290 2925 ³,
311 2886 586 2918 ‘disinherited’
600 2898 608 2918 ι
631 2889 674 2919 cf.
696 2886 816 2927 Quint.
889 2886 1048 2924 Hem-ne)
1062 2887 1172 2916 states
1182 2886 1261 2915 that
1274 2885 1361 2923 they
1372 2894 1462 2915 were
1474 2883 1655 2915 delivered

54 2933 84 2964 7.
104 2936 130 2957 1.
153 2936 202 2966 14,
220 2939 250 2967 4.
274 2939 325 2961 11.
891 2931 899 2947 ‘
913 2930 950 2959 in
968 2929 1031 2960 the
1048 2928 1193 2959 Church
1212 2930 1249 2958 of
1269 2928 1318 2959 St.
1338 2929 1518 2959 Laui-enee
1537 2928 1574 2957 in
1594 2927 1657 2956 the

139 2970 351 3013 haberetur]
402 2973 478 3005 The
532 2974 667 3006 editors
711 2974 750 3005 of
792 2973 818 3004 F
888 2972 1110 3012 ouldJurye'
1128 2984 1135 3003 :
1158 2972 1276 3002 where
1289 2973 1422 3003 Grocin
1435 2982 1505 3002 was
1519 2971 1654 3002 Rector.

54 3013 181 3053 sought
204 3015 240 3046 to
264 3026 405 3049 remove
428 3027 525 3049 some
549 3018 587 3049 of
605 3018 668 3049 the
692 3018 818 3058 rough-
920 3017 1147 3057 161.pietatis
1157 3015 1335 3056 studium]
1347 3015 1524 3047 Gairdner
1536 3015 1658 3054 points

119 3079 198 3102 4584
841 3087 864 3114 c

1674 407 1733 439 135

1675 680 1736 711 140

1674 950 1734 982 145

1678 1500 1737 1532 155

1676 1761 1739 1793 160
