1990 3353
289 237 326 267 15

283 2416 321 2438 10

346 111 426 150 444
815 111 1069 150 LETTERS
1108 112 1176 150 OF
1214 112 1481 152 ERASMUS
1828 111 1949 165 [1521

346 221 426 270 ipsi
461 224 593 260 semet
627 222 808 272 produnt
849 235 895 260 ac
934 222 1158 261 traducunt
1203 223 1367 272 populo.
1426 223 1489 261 Ac
1527 223 1632 262 tales
1666 237 1707 262 se
1745 226 1955 273 praestant

347 276 501 325 quales.
532 277 567 314 si
596 290 669 326 ego
701 276 1019 325 descripsissem,
1042 276 1115 315 vix
1142 277 1363 326 quis‘quam
1391 277 1527 315 fuerat
1556 277 1774 316 habiturus
1802 278 1954 325 fidem;

346 344 457 370 nunc
490 330 571 380 ipsi
603 331 731 369 fidem
766 330 934 369 faciunt.
997 330 1052 369 Et
1084 333 1226 369 tamen
1258 333 1373 370 tanta
1405 333 1468 370 est
1501 331 1673 370 caecitas
1703 334 1749 371 vt
1778 333 1844 371 vel
1879 347 1953 372 suo

348 386 459 424 malo
480 385 642 423 laedere
664 385 844 435 cupiant.

400 439 611 478 Lutherus
645 440 826 478 maxima
859 438 1020 477 inuidia
1053 442 1198 489 grauat
1227 442 1268 478 et
1298 453 1373 478 nos
1402 441 1444 478 et
1474 439 1582 478 bona
1610 440 1760 479 studia.
1820 441 1954 480 Nemo

288 510 301 530 2
346 494 555 532 nesciebat
584 493 814 532 Ecclesiam
844 494 970 532 fuisse
999 496 1214 543 grauatam
1244 497 1285 532 et
1315 494 1536 544 tyrannide
1565 498 1606 532 et
1634 495 1878 533 ceremoniis
1911 498 1953 534 et

346 548 524 587 decretis
554 548 750 586 humanis
783 549 832 586 ad
863 550 1081 598 quaestum
1114 549 1301 598 repertis.
1360 548 1533 598 Iamque
1562 549 1688 587 multi
1720 549 1952 588 remedium

346 604 413 640 vel
444 602 642 653 optabant
672 603 738 641 vel
779 603 1113 650 meditabantur;
1157 603 1226 641 sed
1267 616 1385 652 saepe
1424 616 1574 652 parum
1613 603 1756 641 dextre
1795 606 1955 642 tentata

345 657 527 695 remedia
540 660 719 706 vergunt
742 658 788 695 in
809 658 936 706 peiUS,
955 658 1083 706 fitque
1099 659 1144 695 vt
1164 657 1267 695 dum
1287 671 1372 695 non
1393 657 1574 695 succedit
1594 657 1741 706 iugum
1759 661 1950 696 excutere

346 711 596 757 volentibus,
620 712 664 749 in
696 711 947 749 acerbiorem
978 712 1226 749 seruitutem
1256 712 1535 750 retrahantur.
1595 711 1770 750 Vtinam
1790 712 1854 751 vir
1883 713 1955 750 ille

288 783 324 803 2-
345 768 417 804 aut
438 779 607 815 prorsus
627 765 899 804 abstinuisset
918 768 989 803 aut
1015 779 1106 803 rem
1127 766 1381 804 moderatius
1408 765 1535 804 simul
1562 767 1602 803 et
1629 766 1953 816 circunspectius

347 821 570 859 tentasset!
629 820 691 858 De
713 820 898 858 Luthero
919 820 1026 858 nihil
1047 820 1199 868 laboro,
1224 821 1293 859 sed
1316 820 1469 858 Christi
1499 820 1652 869 gloriae
1680 821 1826 859 faueo:
1854 835 1953 859 nam

346 875 548 923 quosdam
578 875 636 913 sic
664 875 869 913 accinctos
896 874 1017 913 video
1047 877 1102 920 vt,
1135 875 1171 913 si
1200 875 1266 913 his
1299 876 1489 913 succedat
1525 887 1596 922 res,
1630 874 1740 914 nihil
1775 876 1955 924 supersit

349 929 431 966 nisi
451 932 497 968 vt
518 929 794 979 Euangelicae
815 929 1025 967 doctrinae
1046 929 1251 967 scribatur
1272 929 1497 978 epicedion.

400 982 516 1022 Bene
546 984 648 1031 vale,
682 984 857 1021 Beralde
888 983 1135 1022 doctissime,
1196 983 1338 1021 Saluta
1368 986 1563 1033 patronos
1593 998 1848 1032 communes,
1873 984 1953 1022 Ru-

290 1053 301 1063 *
346 1049 463 1076 seum
477 1040 518 1076 et
533 1038 759 1077 Deloinum
777 1052 785 1085 ;
807 1051 904 1076 nam
918 1037 1086 1076 Budaeo
1103 1037 1260 1087 scripsi.
1297 1038 1542 1077 Hermanno
1557 1039 1746 1089 Phrysi0‚
1763 1051 1953 1077 Summae

346 1093 432 1142 spei
451 1093 607 1139 iuueni,
633 1092 811 1130 multam
831 1105 880 1129 ex
902 1106 967 1130 me
988 1093 1167 1130 salutem
1188 1092 1325 1131 dicito.

401 1146 579 1185 Louanii
598 1147 698 1184 xiiii.
722 1146 806 1185 Cal.
831 1147 952 1185 Mart.
973 1159 1085 1184 ANNo
1105 1159 1284 1185 M.D.XX1.

751 1295 874 1335 1186.
936 1294 1000 1335 ΤΟ
1031 1293 1273 1336 NICHOLAS
1306 1294 1544 1337 EVERARD.

391 1391 445 1426 De
466 1391 539 1426 Vos
558 1403 626 1425 van
647 1390 847 1435 Steenwyk
868 1390 945 1426 MS.
1628 1389 1808 1426 Louvain.

1533 1459 1575 1494 25
1597 1449 1785 1494 February
1806 1458 1906 1494 1521.

389 1530 461 1570 [An
480 1530 633 1568 original
649 1530 767 1570 letter,
787 1530 985 1570 autograph
1002 1530 1239 1570 throughout:
1266 1531 1305 1560 in
1322 1540 1339 1560 a
1357 1531 1496 1570 private
1510 1529 1697 1560 collection
1710 1530 1903 1570 belonging
1916 1532 1951 1561 to

342 1573 461 1604 Bai-on
477 1573 521 1604 de
538 1574 608 1605 Vos
624 1584 693 1604 van
716 1574 921 1613 Steenwyk‚
943 1575 989 1614 by
1004 1575 1123 1605 whose
1148 1577 1314 1614 courtesy
1331 1575 1349 1605 ἶ
1370 1574 1606 1613 amallowed
1628 1576 1665 1604 to
1689 1574 1789 1613 print
1814 1575 1843 1603 it
1865 1574 1950 1604 here

340 1616 396 1647 for
413 1618 474 1647 the
493 1618 570 1648 first
588 1617 686 1648 time.
737 1618 755 1648 I
775 1628 833 1648 am
857 1618 1031 1649 indebted
1055 1618 1129 1648 also
1153 1619 1189 1648 to
1213 1618 1277 1648 the
1301 1618 1475 1648 kindness
1493 1618 1530 1648 of
1550 1627 1611 1657 my
1628 1619 1793 1648 constant
1816 1618 1949 1658 friend,

341 1661 400 1691 Dr.
422 1661 648 1700 Molhuysen,
678 1662 841 1692 Director
866 1662 904 1692 of
922 1662 984 1692 the
1010 1662 1121 1700 Royal
1146 1661 1298 1700 Library
1320 1664 1357 1692 at
1382 1662 1445 1691 the
1471 1662 1608 1700 Hagne,
1632 1662 1669 1691 in
1697 1662 1863 1701 bringing
1887 1662 1950 1692 the

340 1703 448 1734 letter
461 1708 497 1735 to
514 1715 573 1744 my
591 1706 708 1736 notice
725 1705 796 1736 and
812 1715 1007 1745 procuring
1022 1715 1079 1735 ine
1096 1715 1116 1735 a
1132 1706 1322 1745 rotograph
1340 1706 1377 1736 of
1390 1706 1428 1736 it.

383 1748 457 1778 The
475 1749 700 1788 manuscript
718 1749 900 1788 year-date
925 1759 1009 1788 may
1026 1750 1068 1779 be
1091 1750 1256 1788 accepted
1277 1750 1431 1779 without
1451 1749 1616 1787 question
1634 1760 1641 1788 ;
1667 1749 1720 1779 for
1740 1758 1819 1788 1521
1838 1749 1869 1780 is
1885 1748 1949 1779 the

340 1792 425 1831 only
442 1802 528 1831 year
544 1792 583 1823 in
600 1793 720 1823 which
738 1793 910 1823 Erasmus
931 1802 1005 1823 was
1025 1795 1061 1823 at
1086 1793 1247 1823 Louvain
1270 1794 1309 1823 in
1330 1792 1515 1832 February
1531 1793 1623 1824 after
1644 1793 1707 1823 the
1724 1792 1948 1832 publication

339 1835 377 1866 of
392 1836 453 1867 the
473 1839 646 1873 Captz'uitas
660 1839 846 1874 Babylonica
864 1837 904 1877 (l.
923 1836 986 1878 7).]

396 1913 435 1951 S.
459 1912 521 1962 P„
544 1914 608 1952 vir
627 1914 986 1953 excellentissime.
1030 1914 1206 1963 Quantis
1227 1914 1332 1952 odiis
1348 1915 1559 1953 Lutherus
1580 1917 1621 1953 et
1640 1914 1769 1953 bonas
1787 1914 1949 1953 litteras

340 1970 483 2005 onerat
502 1970 543 2006 et
563 1982 653 2007 rem
667 1969 972 2008 Christianam!
1014 1970 1170 2007 Omnes
1186 1969 1368 2007 inuoluit
1385 1970 1495 2019 quod
1516 1971 1653 2019 potest
1673 1983 1747 2008 suo
1763 1969 1943 2019 negocio,

339 2021 473 2060 Nemo
494 2036 578 2061 non
597 2023 805 2062 fatebatur
824 2037 912 2062 esse
932 2025 1147 2073 granatam
1169 2023 1398 2062 Ecclesiam
1425 2024 1648 2073 tyrannide
1668 2025 1947 2074 quorundam,

338 2088 383 2114 ac
413 2077 724 2116 meditabantur
754 2079 839 2115 iam
867 2079 992 2116 multi
1025 2078 1257 2116 remedium
1285 2078 1462 2128 aliquod.
1525 2078 1648 2116 Nunc
1679 2078 1746 2116 hic
1781 2082 1948 2117 exortus

339 2130 398 2168 ita
427 2132 620 2170 tractauit
650 2145 739 2170 rem
768 2134 814 2171 vt
842 2133 1004 2171 auxerit
1037 2132 1160 2170 nobis
1189 2132 1345 2182 iugum,
1379 2145 1512 2182 neque
1542 2133 1761 2183 quisquam
1791 2133 1845 2171 sit
1875 2133 1946 2182 qui

340 2185 407 2222 vel
435 2185 653 2224 benedicta
682 2187 797 2224 illius
820 2187 930 2225 ausit
957 2187 1076 2225 tueri.
1135 2187 1454 2225 Admonueram
1479 2189 1576 2225 ante
1601 2200 1766 2225 menses
1793 2200 1863 2225 sex
1893 2201 1945 2225 ne

340 2238 438 2288 quid
469 2240 636 2278 adderet
665 2241 758 2279 odii.
817 2241 1047 2291 Captiuitas
1077 2240 1332 2290 Babylonica
1360 2241 1516 2280 multos
1548 2242 1599 2280 ab
1628 2241 1701 2279 illo
1733 2241 1942 2289 alienauit,

339 2298 381 2330 et
410 2294 545 2332 indies
574 2294 746 2333 molitur
775 2296 977 2334 atrociora
1049 2295 1133 2334 Nec
1161 2295 1281 2333 video
1312 2308 1393 2345 qua
1421 2309 1491 2345 spe
1525 2296 1600 2334 hec
1634 2296 1829 2345 inceptet,
1862 2295 1945 2334 nisi

339 2347 514 2387 fortasse
552 2349 686 2388 fretus
726 2350 937 2400 Bohemis.
1015 2350 1103 2398 Ego
1141 2362 1285 2388 vereor
1322 2363 1374 2387 ne
1418 2351 1476 2388 sic
1513 2350 1724 2400 fugiamus
1769 2350 1944 2388 Lutheri

339 2401 522 2451 Scyllam
543 2406 587 2441 vt
617 2404 662 2441 in
690 2404 949 2454 Charybdim
977 2403 1222 2442 incidamus.
1282 2404 1461 2452 Quidam
1485 2404 1691 2443 vindictae
1721 2404 1945 2454 cupiditate

338 2468 452 2494 nunc
489 2458 694 2507 accipiunt
732 2458 880 2508 iugum
918 2460 960 2496 et
997 2459 1165 2496 frenum
1210 2457 1422 2496 bullarum
1459 2459 1791 2507 Pontificiarum,
1834 2458 1943 2508 quod

338 2509 511 2549 fortasse
541 2514 634 2561 post
666 2512 822 2551 frustra
853 2513 1022 2562 cupient
1050 2525 1293 2550 excussum:
1324 2512 1365 2549 id
1387 2513 1496 2562 quod
1517 2526 1593 2551 vsu
1613 2513 1730 2552 venit
1759 2526 1864 2563 equo
1893 2525 1943 2550 ex

337 2564 551 2614 Apologis.
613 2566 667 2604 Et
688 2567 900 2605 Lutherus
919 2567 1049 2605 veluti
1070 2579 1188 2616 caper
1207 2566 1280 2604 ille
1299 2566 1468 2604 demisit
1487 2580 1575 2606 sese
1594 2567 1637 2605 in
1658 2567 1833 2614 foueam,
1857 2579 1942 2605 non

339 2618 440 2656 satis
460 2622 675 2669 prospecto
696 2622 845 2660 reditu.

385 2728 479 2758 1185.
514 2737 564 2768 29.
604 2729 780 2770 Ruseum]
825 2729 890 2760 See
933 2730 996 2769 Ep.
1027 2739 1102 2769 493.
1175 2738 1250 2768 1511.

338 2781 439 2808 42011.
1216 2782 1243 2810 7.
1272 2772 1486 2815 Captiuitas]
1506 2773 1570 2804 See
1587 2773 1649 2813 Ep.
1671 2782 1765 2813 1153.
1787 2774 1885 2812 146n.

380 2824 432 2852 30.
461 2814 672 2856 Deloinum]
691 2816 753 2846 See
771 2815 833 2856 Ep.
852 2826 926 2855 494.
1213 2826 1243 2854 9.
1273 2816 1461 2858 Bohemis]
1489 2817 1558 2848 For
1579 2817 1746 2848 Luther’s
1769 2817 1940 2848 relations

425 2858 583 2899 Budaeo]
602 2859 664 2898 Ep.
689 2859 783 2898 1184.
1170 2860 1261 2890 with
1287 2861 1349 2890 the
1375 2860 1583 2900 Utraquists
1606 2871 1662 2892 see
1686 2870 1719 2901 p.
1743 2870 1832 2900 2923
1866 2860 1938 2891 and

424 2901 653 2943 Hermanno]
687 2903 750 2933 See
784 2903 872 2942 Epp.
910 2913 984 2943 903.
1025 2912 1103 2941 1211,
1169 2903 1211 2934 cf.
1231 2902 1314 2934 LE2.
1332 2912 1406 2942 397.

340 2954 432 2984 1131.
1217 2957 1264 2977 10.
1293 2946 1468 2987 Scyllam]
1486 2947 1638 2988 Cf.Epp.
1655 2957 1747 2986 1191.
1766 2949 1818 2987 36,
1841 2956 1936 2988 1195.

382 2988 476 3019 1186.
493 2989 523 3019 6.
549 2988 832 3030 Admonuerain]
852 2990 902 3021 Cf.
922 2990 985 3030 Ep.
1007 3000 1100 3028 1141.
1169 2991 1222 3031 85,
1245 3000 1338 3030 1205.
1360 2992 1412 3030 26,
1435 2991 1526 3021 1216.
1548 3001 1600 3031 79,
1621 2992 1714 3022 1228.
1734 3002 1787 3030 44.
