1990 3353
130 109 254 164 1183]
447 111 517 150 TO
560 111 888 162 (ARTLEBUS
921 111 990 150 OF
1030 111 1399 162 BOSKOWITZ>
1644 113 1724 152 439

125 221 332 271 ignotum,
371 220 489 258 cuius
527 219 687 258 nullam
726 217 903 256 faciebat
942 219 1201 259 mentionem
1244 220 1430 270 epistola.
1489 220 1544 258 Et
1581 223 1725 260 tamen

126 274 324 313 viaticum
345 276 433 312 erat
452 274 517 312 illi
537 287 560 312 a
578 287 644 312 me
664 272 938 320 sarciendam,
958 274 1065 323 quod
1081 287 1124 312 se
1143 275 1396 323 praedicaret
1410 287 1434 312 a
1447 274 1725 324 praedonibus

125 329 277 367 alicubi
306 329 542 379 spoliatum.
603 327 692 366 Has
719 327 773 365 ob
796 339 937 365 causas
958 340 1070 366 nunc
1090 328 1258 367 breuius
1278 328 1456 367 rescribo
1475 343 1484 376 ;
1515 329 1632 367 breui
1653 342 1725 378 per
1747 348 1763 377 5

126 383 304 421 Fucaros
329 383 559 431 scripturus
588 381 804 432 copiosius,
828 381 864 419 si
894 382 994 430 quid
1024 382 1191 421 dabitur
1216 383 1306 431 ocii,
1329 385 1400 421 aut
1426 383 1462 421 si
1482 383 1524 421 id
1552 386 1592 421 te
1618 384 1725 422 velle

123 450 303 476 sensero.
361 437 535 475 Librum
556 437 639 474 iam
654 438 750 473 ante
766 448 837 474 sex
857 448 1019 474 menses
1037 449 1270 486 acceperam
1290 450 1364 487 per
1382 437 1486 476 duos
1503 437 1724 485 Bohemos,

123 492 294 530 tametsi
314 491 503 529 nondum
524 490 688 529 vacauit
709 490 941 538 perlegere3
971 503 1016 528 ac
1036 491 1085 529 de
1106 491 1279 530 dissidio
1299 491 1404 529 mihi
1424 494 1487 530 sat
1505 491 1726 542 diligenter

124 546 343 595 scripserat
371 545 550 583 Ioannes
580 544 757 583 Slechta.
820 544 929 591 Quae
959 557 1056 582 sane
1086 558 1151 583 res
1179 559 1267 583 non
1295 545 1558 585 mediocriter
1586 559 1723 584 excru-

122 599 248 639 ciauit
267 600 456 638 animum
476 612 629 646 meum,
649 600 720 648 qui
741 594 903 648 semper
921 598 1098 637 fauerim
1119 613 1214 638 cum
1230 601 1346 638 omni
1360 601 1450 650 paci
1470 601 1724 639 concordiae·
1747 617 1786 639 10

123 667 202 704 que
240 655 350 692 inter
392 653 591 692 mortales
638 653 810 701 omneis,
862 653 898 690 si
936 652 1028 691 fieri
1072 654 1214 703 possit,
1259 656 1352 692 tum
1393 655 1575 693 maxime
1614 655 1725 693 inter

122 708 392 747 Christianos.
443 707 581 756 Quum
601 708 714 746 enim
730 707 843 745 Deus
862 707 978 745 iuxta
998 707 1232 757 Prophetae
1250 708 1537 747 testimonium
1552 722 1724 759 regnare

122 763 295 812 gaudeat
317 763 361 801 in
381 762 606 801 latitudine
624 762 779 812 populi,
802 774 978 812 cumque
993 762 1211 800 videamus
1231 763 1489 802 Christianae
1512 764 1725 813 religionis

121 817 333 866 pomoeria
370 830 501 866 vsque
538 816 639 855 adeo
679 818 889 854 contracta
918 817 963 854 in
997 819 1171 862 arctum,
1209 817 1302 867 quis
1334 831 1418 856 non
1453 818 1723 856 discrucietur

120 871 261 909 animo
290 871 366 910 hoc
395 871 535 920 ipsum
566 871 675 921 quod
703 871 902 920 superest,
927 873 989 909 tot
1013 871 1260 920 opinionum
1283 871 1453 919 morbis,
1476 873 1538 910 tot
1557 885 1722 911 morum
1746 895 1781 916 1:

120 925 364 974 corruptelis
383 938 471 964 esse
490 925 700 973 viciatum,
723 927 786 963 tot
806 925 928 963 sectis
955 925 1139 964 diuisum
1165 928 1287 976 atque
1309 926 1587 965 distractum?
1644 926 1723 976 Egi

119 993 244 1030 super
262 981 339 1019 hac
358 993 401 1018 re
420 979 618 1018 nonnihil
642 992 738 1018 cum
758 979 977 1018 Cardinale
1003 980 1235 1030 Campegio,
1258 981 1348 1019 viro
1368 993 1444 1019 nec
1464 980 1631 1019 indocto
1647 995 1722 1019 nec

119 1035 364 1081 inhumano,
387 1047 482 1072 cum
502 1034 611 1083 apud
632 1047 709 1073 nos
733 1035 850 1081 esset,
875 1047 921 1072 ac
946 1036 1041 1084 post
1068 1048 1162 1073 cum
1189 1035 1343 1073 nuncio
1371 1035 1551 1085 quodam
1578 1035 1721 1074 Ponti-

119 1088 223 1127 ficio.
292 1089 475 1139 Vterque
522 1091 587 1127 sat
633 1089 810 1138 benigne
859 1089 1086 1138 respondit,
1133 1089 1286 1128 bonam
1333 1103 1452 1139 spem
1499 1091 1722 1128 ostendens

118 1144 353 1181 sarciendae
374 1143 624 1181 concordiae.
684 1143 790 1181 Mihi
806 1144 1007 1182 maiorem
1027 1144 1153 1182 etiam
1169 1157 1287 1194 spem
1306 1144 1406 1182 facit
1426 1144 1551 1182 huius
1571 1144 1722 1183 Leonis
1742 1163 1783 1184 20

119 1197 252 1236 nost-ri
271 1198 454 1236 clemens
474 1210 519 1235 ac
539 1198 651 1247 pacis
673 1197 993 1247 cupidissimum
1021 1198 1251 1247 ingenium,
1275 1198 1313 1237 si
1332 1198 1456 1237 modo
1482 1212 1557 1237 suo
1578 1199 1721 1237 mallet

119 1253 180 1290 vti
205 1252 375 1301 ingenio
401 1265 526 1302 quam
552 1253 813 1302 quorundam
833 1252 1049 1291 affectibus
1070 1253 1395 1303 obsequundare,
1420 1253 1491 1303 qui
1510 1266 1585 1291 nec
1605 1253 1722 1292 illius

118 1307 315 1356 dignitati
336 1320 428 1345 mea
455 1307 661 1345 sententia
689 1307 924 1353 consulunt,
947 1310 987 1345 et
1016 1307 1228 1357 publicam
1258 1308 1367 1346 orbis
1387 1307 1612 1346 vtilitatem
1634 1308 1722 1346 suis

116 1361 291 1410 priuatis
311 1361 541 1399 commodis
560 1361 822 1411 posthabent.

171 1415 301 1453 Porro
334 1416 443 1465 quod
473 1428 497 1454 a
527 1429 594 1453 me
629 1429 701 1454 ceu
736 1415 922 1465 regulam
957 1416 1166 1466 quandam
1197 1416 1316 1466 petis,
1350 1416 1417 1454 cui
1447 1416 1595 1455 scribis
1624 1415 1720 1466 plus
1742 1430 1780 1461 25

114 1469 352 1508 autoritatis
379 1470 466 1508 fore
494 1469 602 1520 apud
632 1472 728 1508 tuos
757 1483 882 1520 quam
913 1470 947 1508 si
971 1470 1185 1509 Romanus
1211 1470 1404 1509 Pontifex
1429 1471 1619 1509 obuibret
1645 1484 1720 1509 sua

115 1523 306 1572 fulmina,
330 1537 398 1562 me
427 1524 511 1563 iam
538 1524 697 1562 dudum
723 1524 1015 1563 abhorrentem
1046 1538 1068 1563 a
1097 1525 1279 1574 negocio,
1303 1525 1370 1563 cui
1399 1538 1473 1563 nec
1502 1525 1719 1564 autoritate

114 1591 188 1628 par
208 1578 290 1617 sim
311 1591 386 1616 nec
404 1579 649 1626 eruditione,
672 1579 806 1628 magis
826 1579 954 1617 etiam
975 1578 1165 1618 deterret.
1227 1580 1282 1617 Et
1310 1579 1423 1617 haud
1449 1579 1533 1618 scio
1560 1593 1613 1618 an
1634 1580 1720 1618 vllo

114 1646 238 1682 queas
256 1636 507 1682 argumento
526 1646 594 1671 me
614 1634 748 1683 magis
766 1633 947 1672 alienare
977 1633 1028 1671 ab
1056 1647 1103 1672 eo
1130 1634 1181 1672 ad
1202 1633 1312 1683 quod
1338 1635 1498 1672 conaris
1527 1634 1716 1672 inuitare.

115 1687 217 1735 Quis
255 1688 369 1725 enim
400 1701 474 1737 ego
507 1701 603 1727 sum
636 1690 680 1725 vt
712 1688 763 1726 de
793 1687 930 1727 aliena
964 1688 1045 1726 fide
1078 1688 1364 1738 pronunciem,
1397 1691 1469 1727 aut
1501 1688 1719 1727 decernam
1739 1701 1782 1730 30

113 1741 270 1792 aliquid
304 1744 465 1791 praeter
495 1742 537 1780 id
572 1743 681 1793 quod
720 1742 904 1781 decreuit
942 1755 987 1780 ac
1026 1742 1215 1793 sequitur
1252 1742 1436 1781 Ecclesia
1474 1743 1720 1782 Catholica'?

114 1796 231 1843 Quod
251 1796 288 1835 si
314 1796 421 1834 mihi
447 1798 655 1835 constaret
678 1810 893 1847 perperam
919 1796 1078 1846 aliquid
1104 1798 1315 1836 decretum
1341 1810 1430 1835 esse
1460 1798 1510 1835 ab
1535 1797 1720 1836 Ecclesia

113 1851 319 1899 Romana,
352 1851 526 1890 fortasse
556 1864 744 1902 rogarem
775 1853 849 1890 aut
882 1854 1121 1890 reuerenter
1158 1851 1439 1899 admonerem,
1477 1852 1513 1890 si
1551 1852 1720 1890 daretur

113 1905 269 1943 occasio
284 1920 292 1944 ε
322 1905 432 1943 absit
451 1908 592 1944 autem
613 1907 658 1944 vt
676 1905 782 1944 mihi
802 1907 1024 1956 quicquam
1041 1906 1290 1944 decernendi
1304 1906 1502 1944 fiduciam
1518 1919 1714 1956 arrogem.

112 1959 200 2008 Ego
221 1959 373 1998 studiis
392 1960 498 1999 meis
517 1960 627 1998 nihil
647 1959 761 1999 aliud
783 1963 958 1999 conatus
977 1973 1072 1999 sum
1090 1973 1217 2010 quam
1238 1963 1283 1999 vt
1302 1960 1432 1999 bonas
1452 1961 1594 1999 literas
1613 1974 1717 2010 pene
1738 1968 1776 2000 35

112 2014 296 2064 sepultas
323 2016 431 2064 apud
463 2017 670 2053 nostrates
703 2014 955 2062 excitarem3
999 2015 1151 2053 deinde
1182 2016 1226 2053 vt
1255 2015 1462 2054 mundum
1491 2015 1586 2064 plus
1616 2016 1718 2054 satis

112 2068 365 2106 tribuentem
405 2068 587 2107 Iudaicis
625 2069 870 2107 ceremoniis
909 2069 960 2108 ad
998 2082 1121 2107 verae
1160 2071 1200 2107 et
1239 2069 1513 2119 Euangelicae
1551 2070 1717 2118 pietatis

111 2123 300 2161 studium
322 2123 679 2173 expergefacerem
698 2126 947 2173 {postremo
968 2126 1014 2162 vt
1041 2124 1178 2162 studia
1201 2123 1434 2173 theologiae
1455 2124 1712 2172 scholastica,

112 2177 292 2215 nimium
312 2177 501 2227 prolapsa
519 2178 571 2216 ad
600 2178 791 2216 inanium
818 2177 1231 2228 quaestiuncularum
1257 2178 1453 2228 argutias,
1477 2178 1527 2216 ad
1549 2178 1716 2216 diuinae

111 2231 348 2282 Scripturae
373 2231 511 2270 fontes
534 2245 782 2271 reuocarem.
845 2232 963 2270 Nihil
982 2245 1168 2282 vnquam
1197 2233 1447 2280 asseueraui,
1471 2245 1716 2282 semperque
1743 2242 1775 2271 ³0

110 2285 199 2336 fugi
228 2285 502 2335 dogmatistae
529 2300 763 2337 personam,
787 2287 1030 2337 praesertim
1050 2288 1094 2324 in
1124 2286 1175 2325 iis
1201 2300 1307 2337 quae
1335 2288 1418 2325 iam
1442 2291 1579 2325 essent
1608 2287 1716 2325 inter

110 2340 306 2379 articulos
340 2343 505 2379 nostrae
542 2341 756 2391 religionis
788 2343 971 2391 recepta:
1012 2342 1183 2380 tametsi
1218 2341 1350 2380 fateor
1384 2341 1586 2391 quaedam
1627 2354 1714 2380 esse

110 2394 281 2433 definita
299 2408 374 2444 per
393 2395 605 2445 theologos
625 2396 836 2445 quosdam,
861 2408 965 2446 quae
985 2409 1079 2434 mea
1103 2396 1272 2445 quidem
1292 2397 1501 2434 sententia
1521 2398 1713 2444 poterant

108 2448 262 2498 absque
281 2450 436 2488 iactura
454 2449 622 2499 pietatis
642 2450 915 2500 Euangelicae
934 2450 1113 2500 relinqui
1133 2450 1177 2488 in
1197 2449 1346 2489 medio.

623 2561 672 2591 17.
698 2552 888 2593 Campegio
905 2556 935 2583 H
954 2565 960 2583 :
985 2553 1139 2593 quodam
1158 2556 1191 2584 F.

152 2665 182 2693 4.
208 2654 460 2695 praedonibus]
479 2654 532 2686 Cf.
548 2653 612 2694 Ep.
635 2664 725 2685 1021.
743 2665 862 2694 59-72.
945 2664 1037 2694 1025.
1057 2666 1114 2693 411.

153 2708 181 2738 7.
207 2698 370 2738 Librum)
391 2698 442 2729 Cf.
461 2697 524 2738 Ep.
544 2707 634 2737 1154.
653 2699 710 2729 8n.
989 2701 1038 2730 18.
1065 2698 1212 2740 nuncio]
1231 2699 1388 2738 Perhaps
1405 2699 1614 2739 Chieregato
1631 2699 1708 2741 (Ep.

195 2741 282 2772 duos
317 2741 509 2782 Bohemosj
548 2741 769 2773 Claudianus
800 2742 873 2773 and
941 2744 1023 2782 639)
1044 2743 1073 2773 is
1097 2742 1282 2774 intended.
1332 2743 1394 2782 Ep.
1419 2753 1500 2781 1144
1525 2743 1555 2773 is
1579 2752 1624 2773 on
1649 2743 1711 2773 the

107 2785 268 2816 Voticius
284 2784 484 2826 (Woticky)
502 2796 509 2815 :
533 2794 589 2816 see
606 2795 638 2825 p.
660 2795 734 2824 291.
940 2788 1060 2817 theme
1079 2786 1273 2818 indicated.

149 2838 181 2868 9.
209 2828 368 2869 Slechta]
386 2828 450 2868 Ep.
472 2838 563 2859 1021.
984 2831 1037 2869 38.
1063 2830 1183 2860 studia
1194 2829 1406 2870 theologiae]
1420 2829 1472 2860 Cf.
1487 2830 1625 2860 Faber-’s
1638 2832 1713 2861 Cun-

155 2881 204 2902 12.
229 2871 442 2912 Prophetae]
460 2872 511 2903 Cf.
534 2872 620 2903 Hos.
639 2883 669 2911 4.
694 2874 742 2904 16.
940 2876 1048 2904 silium
1075 2874 1146 2914 (see
1172 2883 1204 2913 p.
1221 2875 1321 2913 357):
1358 2873 1535 2904 ‘mundus
1566 2874 1710 2903 videtur

155 2925 204 2954 17.
231 2915 435 2956 Campegio]
469 2915 534 2947 See
558 2916 621 2955 Ep.
652 2918 755 2949 1062:
786 2917 870 2955 and,
942 2918 1072 2948 veteris
1088 2926 1127 2948 ac
1144 2917 1300 2948 nimium
1317 2916 1361 2947 ad
1384 2917 1594 2957 sophisticas
1610 2926 1710 2949 amu-

107 2959 161 2990 for
187 2959 284 2990 their
307 2959 525 2990 intercourse
549 2959 658 2990 while
682 2961 872 3001 Campegio
941 2961 1010 2992 tias
1020 2961 1202 3000 prolapsae
1213 2961 1411 3000 theologiae
1422 2962 1594 3001 pertesus,
1608 2961 1708 2991 sitne

107 3012 179 3033 was
203 3003 241 3033 in
268 3002 445 3043 England,
472 3003 558 3043 Epp.
586 3003 663 3041 961.
690 3013 764 3043 995,
793 3004 870 3044 996,
942 3004 1058 3035 fontes
1075 3004 1310 3044 Euangelicae
1328 3005 1546 3035 doctrinae‘.
