1990 3353
284 128 365 166 594
747 128 999 167 LETTERS
1039 128 1108 167 OF
1146 129 1414 169 ERASMUS
1762 130 1882 184 [1521

281 238 382 276 alios
412 251 495 276 non
525 237 712 283 laedam;
742 238 811 276 sed
842 237 877 275 si
907 238 1001 287 quis
1024 238 1082 276 sic
1109 238 1325 277 hominem
1352 239 1527 288 impetat
1547 241 1592 277 vt
1618 252 1736 278 suam
1756 240 1885 279 vitam

282 293 390 330 tueri
409 305 493 330 non
515 292 643 340 possit
664 292 746 331 nisi
765 291 897 330 vitam
917 292 1073 330 adimat
1092 292 1322 342 impetenti,
1343 292 1454 342 leges
1483 293 1559 331 hoc
1584 293 1648 331 illi
1675 294 1885 344 imputant

283 347 354 396 qui
376 359 541 385 causam
561 346 685 385 dedit.
746 346 878 395 Dices,
901 347 909 365 ⁴
926 346 978 385 In
1000 346 1064 385 ius
1079 360 1178 385 voca
1195 349 1215 385 ⁷.
1276 347 1364 394 Quo
1379 347 1547 386 tandem
1561 349 1581 386 r?
1638 348 1721 386 Nec
1737 348 1884 396 princi-

200 416 263 439 110
281 414 375 450 pem
404 414 478 439 nec
505 400 743 450 episcopum
767 403 997 450 agnoscunt
1022 401 1210 439 iudicem.
1271 401 1482 450 Theologi,
1506 415 1682 451 quorum
1708 402 1883 441 libidine

282 468 345 493 res
366 457 664 504 temperantur.
688 454 746 493 sic
765 468 808 493 se
825 457 975 503 gerunt
987 457 1033 493 vt
1050 455 1100 493 ab
1116 455 1182 493 his
1198 455 1414 494 subornari
1428 456 1656 494 videantur.
1718 456 1883 495 Priores

280 511 351 547 aut
378 509 521 547 fauent
550 511 621 547 aut
649 509 691 547 in
723 509 798 547 hos
827 509 892 548 ius
922 522 1007 548 non
1037 509 1206 548 habent.
1264 509 1530 558 Quaerendus
1558 510 1688 560 igitur
1715 511 1883 549 illorum

280 563 478 610 Vicarius.
514 565 561 601 vt
594 565 755 602 vocant.
814 565 955 613 Atque
984 564 1154 602 interim
1187 564 1223 602 is
1255 564 1328 613 qui
1362 565 1484 602 hodie
1517 564 1788 604 debacchatus
1820 568 1880 604 est

279 618 387 667 apud
408 617 623 668 populum,
648 617 748 656 alibi
768 618 1002 667 prandebit.
1062 618 1245 656 Proinde
1265 618 1330 657 his
1342 618 1465 657 rebus
1478 619 1576 657 freti
1595 632 1756 657 scurrae
1773 619 1879 657 nihil

201 689 258 721 115
280 685 363 710 non
383 672 549 711 audent.
608 672 691 710 Vix
711 672 853 711 credas
866 686 990 722 quam
1011 672 1076 710 his
1095 672 1216 711 factis
1236 673 1324 711 suis
1343 673 1526 711 alienant
1545 687 1568 711 a
1585 686 1628 712 se
1649 673 1879 712 multitudi-

278 740 375 764 nem
401 739 580 767 omnem.
613 727 683 765 sed
712 726 929 776 praecipue
958 726 1176 777 primarios
1206 727 1475 778 cordatosque
1503 727 1626 766 viros.
1687 727 1779 766 Hoc
1809 728 1882 767 vbi

277 781 477 829 sentiunt,
499 781 605 819 mihi
624 780 814 820 videlicet
834 781 1044 831 imputant
1065 781 1224 819 malum
1245 782 1353 831 quod
1375 781 1454 831 ipsi
1479 781 1559 820 sibi
1585 795 1660 820 suo
1690 782 1877 821 iumento

276 836 565 874 accersierunt.
623 836 712 885 Ego
745 835 951 874 tumultus
988 835 1164 874 istorum
1202 836 1269 874 vel
1307 836 1437 874 ridere
1476 849 1671 885 possum;
1710 839 1877 875 tantum

278 890 394 928 doleo
416 890 534 939 culpa
550 889 773 928 hominum
794 890 901 928 male
922 890 1063 928 audire
1090 889 1354 939 theologiam,
1378 890 1490 929 malo
1510 891 1714 929 fermento
1738 891 1877 930 vitiari

200 961 259 983 120
275 944 511 983 studiorum
550 944 823 991 dulcedinem,
864 957 909 982 ac
948 944 1132 994 publicos
1167 944 1282 982 infici
1321 958 1468 983 mores.
1528 945 1642 983 Bene
1673 945 1775 990 vale,
1813 945 1877 984 vir

278 998 553 1037 ornatissime.

330 1053 393 1091 Ex
415 1053 658 1097 Anderlaco,
682 1053 809 1090 Anno
830 1065 1008 1091 M.D.xxn

695 1223 818 1264 1239.
879 1222 942 1264 To
977 1222 1188 1264 GABRIEL
1223 1223 1422 1266 OFHurs.

323 1324 454 1360 Gouda
474 1326 550 1361 MS.
574 1337 675 1371 1324,
695 1327 720 1362 f.
742 1337 786 1371 50
803 1327 864 1368 (a).
1507 1326 1748 1362 Anderlecht.

321 1383 359 1419 F.
378 1384 422 1419 f).
440 1385 474 1419 <1⁶
492 1390 554 1421 v0:
583 1385 680 1421 HN:
708 1386 824 1421 Lond.
844 1387 869 1422 i.
889 1396 933 1430 3:
963 1386 1035 1421 LB.
1059 1388 1137 1431 538.
1429 1395 1470 1428 14
1489 1384 1652 1421 October
1666 1383 1827 1431 (1521).

317 1473 407 1516 [The
425 1474 529 1506 value
545 1474 583 1506 of
596 1476 657 1507 the
674 1478 895 1516 manuscript
915 1477 944 1506 is
961 1476 1143 1506 discussed
1162 1476 1199 1506 in
1217 1476 1419 1506 connexion
1443 1475 1534 1507 with
1553 1476 1640 1516 Epp.
1662 1477 1756 1513 1206,
1781 1486 1870 1515 1225.

274 1519 343 1549 For
358 1519 498 1558 thuys
515 1528 572 1550 see
586 1520 648 1560 Ep.
667 1522 732 1559 692
749 1521 880 1552 introd.
899 1531 907 1559 3
932 1520 1013 1559 and,
1034 1519 1089 1549 for
1106 1520 1287 1550 Erasmus'
1307 1520 1446 1559 respect
1462 1519 1517 1550 for
1540 1520 1601 1550 the
1628 1520 1874 1551 Carthusians.

274 1563 598 1646 Εῆὴῐοῐζῗεὲῃΐῗὲἓέθ
622 1607 735 1638 added
762 1608 799 1638 in
818 1608 853 1637 H
871 1607 934 1638 has
960 1608 1065 1643 again
1090 1617 1136 1637 no
1160 1605 1288 1642 value,
1315 1606 1369 1636 for
1385 1616 1429 1636 on
1451 1616 1489 1644 14
1507 1607 1581 1638 Oct.
1607 1617 1689 1646 1520
1706 1607 1876 1639 Erasmus

271 1660 343 1680 was
367 1652 402 1681 at
426 1650 602 1690 Antwerp
626 1651 704 1691 (Ep.
727 1661 818 1690 1153.
840 1651 909 1690 90).
962 1651 1030 1682 His
1054 1650 1233 1681 residence
1251 1652 1286 1680 at
1304 1650 1525 1681 Anderlecht
1549 1650 1621 1681 and
1638 1651 1699 1682 the
1717 1652 1873 1691 position

273 1694 310 1724 of
326 1694 398 1724 this
414 1693 521 1724 letter
533 1696 570 1725 at
588 1695 650 1725 the
669 1695 740 1726 end
756 1695 793 1725 of
806 1695 868 1725 the
887 1695 974 1725 final
992 1694 1093 1725 sheet
1110 1693 1148 1724 of
1162 1694 1188 1724 F
1204 1694 1337 1732 clearly
1352 1694 1509 1724 indicate
1523 1694 1642 1734 ·1521.]

272 1804 479 1834 ERASMvs
500 1804 834 1835 RO‘PERODAMVS
856 1804 900 1833 D.
924 1802 1145 1833 GABRIELI
1169 1802 1364 1833 OFHVSIO
1393 1803 1737 1834 CARTHVSIENSI
1773 1806 1806 1835 S.
1831 1807 1873 1835 D.

325 1885 364 1922 A
385 1897 548 1923 srvnns
568 1887 609 1923 et
630 1884 812 1934 negociis
832 1885 903 1923 vix
923 1888 1010 1924 erat
1031 1886 1166 1924 ocium
1189 1886 1432 1935 scalpendis,
1456 1888 1502 1924 vt
1523 1887 1653 1929 aiunt,
1677 1887 1874 1926 auribus:

269 1940 409 1976 tamen
444 1939 567 1977 mitto
600 1939 679 1977 tibi
712 1941 806 1977 tuos
838 1940 1073 1987 versiculos,
1108 1953 1160 1978 ne
1195 1941 1311 1990 queri
1347 1941 1481 1990 possis
1512 1941 1597 1979 vlla
1632 1942 1676 1979 in
1710 1955 1751 1980 re
1788 1955 1871 1980 non

270 1993 522 2042 morigerum
543 1994 683 2032 animo
703 1995 776 2031 tuo
796 1994 924 2032 fuisse
946 1994 1181 2042 Erasmum,
1206 2008 1300 2033 vere
1325 1997 1445 2034 tuum
1472 1996 1516 2034 in
1538 1995 1718 2035 Christo.
1778 1996 1871 2034 Scio

269 2061 393 2096 quam
414 2047 546 2085 multa
567 2048 673 2086 mala
694 2047 835 2086 doceat
856 2049 1002 2087 ocium.
1064 2048 1244 2087 Proinde
1265 2049 1375 2087 malo
1395 2051 1436 2087 te
1461 2049 1698 2089 istiusmodi
1725 2050 1871 2100 opellis

231 2111 246 2141 5
269 2102 552 2140 transmittere
581 2104 748 2151 tempus
777 2102 885 2152 quod
916 2103 1037 2141 datur
1065 2117 1088 2140 a
1117 2116 1326 2142 sacrorum
1356 2105 1496 2153 pensis
1526 2117 1716 2151 vacuum,
1748 2118 1871 2152 quam

269 2156 317 2193 ad
359 2155 561 2194 deteriora
599 2156 768 2205 prolabi.
828 2157 1030 2195 Attamen
1069 2157 1189 2206 longe
1228 2158 1357 2196 satius
1395 2160 1481 2196 erat
1520 2172 1542 2196 e
1582 2158 1710 2197 sacris
1751 2158 1871 2197 libris

269 2209 424 2248 Christi
453 2210 656 2261 Paulique
684 2211 909 2261 imaginem
935 2211 1076 2249 viuam
1106 2214 1147 2250 et
1176 2212 1378 2250 efficacem
1408 2212 1565 2261 pectori
1593 2215 1667 2251 tuo
1688 2212 1870 2261 penitius

267 2265 519 2313 imprimere,
544 2278 669 2314 quam
689 2264 873 2314 plumbo,
897 2278 988 2303 aere
1018 2265 1253 2315 chartisque
1281 2266 1527 2315 exprimere.
1586 2267 1702 2315 Quod
1730 2267 1870 2316 ipsum

267 2319 444 2356 arbitror
463 2321 505 2356 te
522 2320 664 2363 facere,
688 2319 747 2356 mi
769 2319 946 2366 Gabriel,
974 2333 1048 2357 nec
1068 2319 1192 2358 istam
1218 2320 1467 2359 industriam
1495 2323 1611 2360 tuam
1640 2321 1752 2360 aliud
1782 2334 1870 2359 esse

212 2385 250 2406 10
268 2386 392 2422 quam
412 2373 543 2411 felicis
562 2373 720 2423 ingenii
740 2373 973 2411 luxuriem:
1005 2387 1129 2424 quam
1149 2374 1192 2412 in
1220 2387 1295 2412 suo
1317 2375 1549 2425 Nepotiane
1580 2375 1719 2414 laudat
1746 2375 1869 2414 etiam

270 2426 567 2477 Hieronymus.
646 2427 740 2465 Non
779 2428 957 2466 arbitror
995 2442 1017 2466 a
1056 2428 1222 2467 Christo
1262 2430 1359 2467 nato
1400 2430 1586 2468 seculum
1627 2429 1753 2468 fuisse
1793 2429 1869 2467 hoc

314 2537 408 2567 1238.
430 2546 498 2567 110.
529 2536 697 2576 Theologi
721 2540 767 2567 F:
804 2536 1108 2567 Pseudomonachi
1136 2539 1177 2566 H.
1331 2547 1399 2567 122.
1432 2539 1539 2568 Anno
1563 2547 1701 2568 M.1›.xxt
1724 2540 1796 2568 add.
1824 2540 1865 2567 H.

271 2580 368 2611 1239.
394 2589 456 2610 TIT.
488 2589 708 2611 CARTvsnstx
726 2584 760 2611 F.
871 2590 897 2610 1.
922 2582 957 2610 et
974 2592 993 2610 α
1011 2591 1017 2609 :
1041 2591 1079 2611 ac
1098 2584 1131 2611 Γ.
1241 2590 1268 2618 7.
1296 2582 1441 2620 penitus
1458 2584 1492 2611 F.
1583 2582 1611 2612 8.
1637 2581 1817 2612 chartisuc
1835 2584 1869 2611 F.

272 2633 320 2653 11.
347 2623 412 2653 hoc
430 2624 538 2654 fuisso
556 2626 584 2653 F
598 2624 682 2661 (hoc
698 2635 755 2654 om.
774 2626 831 2662 N).

314 2734 405 2763 1238.
416 2743 485 2764 110.
501 2733 1032 2773 Theologi]'I'hevariantintro—
1103 2734 1208 2764 friars
1223 2734 1260 2764 in
1277 2735 1339 2773 Ep.
1357 2735 1438 2773 1582
1456 2736 1616 2774 suggests
1633 2734 1713 2765 that
1730 2735 1773 2765 he
1787 2744 1869 2775 may

267 2776 380 2807 (luced
394 2777 432 2807 in
448 2777 483 2808 H
498 2778 650 2816 perhaps
661 2787 783 2807 means
800 2778 881 2808 that
898 2777 936 2807 in
950 2786 1034 2816 1529
1103 2778 1192 2807 have
1225 2780 1232 2793 ⁴
1246 2778 1482 2816 precipitated
1496 2778 1503 2789 '
1536 2778 1599 2808 the
1623 2778 1758 2818 change
1787 2779 1869 2809 here

266 2820 436 2851 Erasmus
452 2820 660 2851 considered
672 2821 732 2851 the
746 2820 921 2851 orthodox
935 2820 1031 2851 theo·
1104 2821 1413 2861 withoutreading
1425 2831 1508 2852 over
1518 2821 1580 2852 the
1588 2821 1702 2852 whole
1716 2831 1870 2861 passage.

266 2863 402 2899 lozians
427 2865 464 2894 to
492 2864 581 2894 have
606 2864 820 2903 completely
844 2863 1032 2894 identified
1150 2874 1219 2901 117.
1246 2864 1424 2905 iumento]
1451 2865 1500 2896 Cf.
1521 2865 1583 2905 Ep.
1603 2875 1677 2904 595.
1695 2875 1751 2896 211.

264 2907 482 2938 themselves
505 2908 597 2937 with
622 2908 683 2938 the
711 2908 886 2938 monastic
918 2909 1030 2946 party,
1152 2908 1242 2938 1239.
1266 2918 1291 2938 1.
1322 2908 1491 2948 negociis]
1510 2909 1548 2939 iu
1565 2909 1763 2939 connexion
1777 2909 1868 2939 with

263 2950 335 2981 and
367 2951 452 2982 thus
478 2953 514 2981 to
542 2951 583 2981 be
613 2951 758 2982 ‘monks
782 2952 821 2981 in
844 2950 1028 2986 disguise'.
1102 2951 1160 2982 his
1176 2951 1389 2991 impending
1405 2952 1594 2991 departure
1611 2954 1648 2982 to
1664 2952 1779 2983 Basle.

267 2994 338 3024 But
363 2994 421 3026 his
448 3004 510 3026 use
541 2994 578 3025 of
608 2997 862 3032 pseudomonachi
891 2988 942 3025 for
970 2994 1031 3025 the
1148 3004 1197 3026 11.
1227 2995 1484 3035 Hieronymus]
1512 2995 1561 3026 Cf.
1583 2998 1642 3033 Ep.
1661 2998 1712 3026 60.
1735 3005 1782 3026 12.
