<?xml version="1.0" encoding="UTF-8"?>
<!DOCTYPE html PUBLIC "-//W3C//DTD XHTML 1.0 Transitional//EN"
    "http://www.w3.org/TR/xhtml1/DTD/xhtml1-transitional.dtd">
<html xmlns="http://www.w3.org/1999/xhtml" xml:lang="en" lang="en">
 <head>
  <title>
</title>
<meta http-equiv="Content-Type" content="text/html;charset=utf-8" />
  <meta name='ocr-system' content='tesseract 3.04.00' />
  <meta name='ocr-capabilities' content='ocr_page ocr_carea ocr_par ocr_line ocrx_word'/>
</head>
<body>
  <div class='ocr_page' id='page_1' title='image "./opusepistolarumd04erasuoft_0226.png"; bbox 0 0 1990 3353; ppageno 0'>
   <div class='ocr_carea' id='block_1_1' title="bbox 234 497 276 528">
    <p class='ocr_par' dir='ltr' id='par_1_1' title="bbox 234 497 276 528">
     <span class='ocr_line' id='line_1_1' title="bbox 234 497 276 528; baseline 0 -10"><span class='ocrx_word' id='word_1_1' title='bbox 234 497 276 528; x_wconf 74' lang='grc'>50</span> 
     </span>
    </p>
   </div>
   <div class='ocr_carea' id='block_1_2' title="bbox 234 769 273 800">
    <p class='ocr_par' dir='ltr' id='par_1_2' title="bbox 234 769 273 800">
     <span class='ocr_line' id='line_1_2' title="bbox 234 769 273 800; baseline -0.026 0"><span class='ocrx_word' id='word_1_2' title='bbox 234 769 273 800; x_wconf 79' lang='lat'>55</span> 
     </span>
    </p>
   </div>
   <div class='ocr_carea' id='block_1_3' title="bbox 234 1031 276 1063">
    <p class='ocr_par' dir='ltr' id='par_1_3' title="bbox 234 1031 276 1063">
     <span class='ocr_line' id='line_1_3' title="bbox 234 1031 276 1063; baseline 0.024 -1"><span class='ocrx_word' id='word_1_3' title='bbox 234 1031 276 1063; x_wconf 78' lang='lat'>00</span> 
     </span>
    </p>
   </div>
   <div class='ocr_carea' id='block_1_4' title="bbox 236 1853 274 1887">
    <p class='ocr_par' dir='ltr' id='par_1_4' title="bbox 236 1853 274 1887">
     <span class='ocr_line' id='line_1_4' title="bbox 236 1853 274 1887; baseline -0.026 0"><span class='ocrx_word' id='word_1_4' title='bbox 236 1853 274 1887; x_wconf 82' lang='lat'>75</span> 
     </span>
    </p>
   </div>
   <div class='ocr_carea' id='block_1_5' title="bbox 234 2117 277 2148">
    <p class='ocr_par' dir='ltr' id='par_1_5' title="bbox 234 2117 277 2148">
     <span class='ocr_line' id='line_1_5' title="bbox 234 2117 277 2148; baseline 0 0"><span class='ocrx_word' id='word_1_5' title='bbox 234 2117 277 2148; x_wconf 87' lang='lat'>80</span> 
     </span>
    </p>
   </div>
   <div class='ocr_carea' id='block_1_6' title="bbox 295 153 1891 208">
    <p class='ocr_par' dir='ltr' id='par_1_6' title="bbox 295 153 1891 208">
     <span class='ocr_line' id='line_1_6' title="bbox 295 153 1891 208; baseline 0.001 -16"><span class='ocrx_word' id='word_1_6' title='bbox 295 154 372 193; x_wconf 76' lang='lat'>182</span> <span class='ocrx_word' id='word_1_7' title='bbox 765 155 1017 193; x_wconf 81' lang='lat' dir='ltr'>LETTERS</span> <span class='ocrx_word' id='word_1_8' title='bbox 1056 155 1125 194; x_wconf 82' lang='lat' dir='ltr'>OF</span> <span class='ocrx_word' id='word_1_9' title='bbox 1164 154 1429 195; x_wconf 79' lang='lat' dir='ltr'>ERASMUS</span> <span class='ocrx_word' id='word_1_10' title='bbox 1765 153 1891 208; x_wconf 58' lang='grc' dir='ltr'>[15ὲὲ-</span> 
     </span>
    </p>
   </div>
   <div class='ocr_carea' id='block_1_7' title="bbox 292 263 1894 1290">
    <p class='ocr_par' dir='ltr' id='par_1_7' title="bbox 292 263 1894 1290">
     <span class='ocr_line' id='line_1_7' title="bbox 293 263 1890 314; baseline 0.001 -12"><span class='ocrx_word' id='word_1_11' title='bbox 293 263 423 302; x_wconf 87' lang='lat' dir='ltr'>altera</span> <span class='ocrx_word' id='word_1_12' title='bbox 450 278 544 314; x_wconf 89' lang='lat' dir='ltr'>pars</span> <span class='ocrx_word' id='word_1_13' title='bbox 573 264 754 303; x_wconf 90' lang='lat' dir='ltr'>nimium</span> <span class='ocrx_word' id='word_1_14' title='bbox 784 264 994 303; x_wconf 85' lang='lat' dir='ltr'>mordicus</span> <span class='ocrx_word' id='word_1_15' title='bbox 1022 266 1136 303; x_wconf 88' lang='lat' dir='ltr'>tenet</span> <span class='ocrx_word' id='word_1_16' title='bbox 1166 278 1213 302; x_wconf 89' lang='lat' dir='ltr'>ea</span> <span class='ocrx_word' id='word_1_17' title='bbox 1242 265 1393 314; x_wconf 87' lang='lat' dir='ltr'>quibus</span> <span class='ocrx_word' id='word_1_18' title='bbox 1421 265 1616 310; x_wconf 87' lang='lat' dir='ltr'>assueuit‚</span> <span class='ocrx_word' id='word_1_19' title='bbox 1649 265 1778 304; x_wconf 85' lang='lat' dir='ltr'>altera</span> <span class='ocrx_word' id='word_1_20' title='bbox 1803 265 1890 304; x_wconf 77' lang='lat' dir='ltr'>vio-</span> 
     </span>
     <span class='ocr_line' id='line_1_8' title="bbox 294 318 1891 369; baseline 0.001 -13"><span class='ocrx_word' id='word_1_21' title='bbox 294 318 451 357; x_wconf 89' lang='lat' dir='ltr'>lentius</span> <span class='ocrx_word' id='word_1_22' title='bbox 480 319 687 369; x_wconf 75' lang='lat' dir='ltr'>irrumpit,</span> <span class='ocrx_word' id='word_1_23' title='bbox 720 319 831 357; x_wconf 87' lang='lat' dir='ltr'>hosti</span> <span class='ocrx_word' id='word_1_24' title='bbox 854 332 981 368; x_wconf 89' lang='lat' dir='ltr'>quam</span> <span class='ocrx_word' id='word_1_25' title='bbox 1009 318 1167 369; x_wconf 77' lang='lat' dir='ltr'>hospiti</span> <span class='ocrx_word' id='word_1_26' title='bbox 1195 319 1383 357; x_wconf 82' lang='lat' dir='ltr'>similior.</span> <span class='ocrx_word' id='word_1_27' title='bbox 1441 319 1508 357; x_wconf 90' lang='lat' dir='ltr'>Ita</span> <span class='ocrx_word' id='word_1_28' title='bbox 1535 319 1751 368; x_wconf 89' lang='lat' dir='ltr'>vtriusque</span> <span class='ocrx_word' id='word_1_29' title='bbox 1780 320 1891 358; x_wconf 86' lang='lat' dir='ltr'>malo</span> 
     </span>
     <span class='ocr_line' id='line_1_9' title="bbox 293 373 1891 423; baseline 0.001 -12"><span class='ocrx_word' id='word_1_30' title='bbox 293 375 484 422; x_wconf 83' lang='lat' dir='ltr'>peccatur</span> <span class='ocrx_word' id='word_1_31' title='bbox 503 374 712 423; x_wconf 87' lang='lat' dir='ltr'>vtrinque.</span> <span class='ocrx_word' id='word_1_32' title='bbox 770 373 838 411; x_wconf 79' lang='lat' dir='ltr'>Sic</span> <span class='ocrx_word' id='word_1_33' title='bbox 862 373 963 411; x_wconf 91' lang='lat' dir='ltr'>olim</span> <span class='ocrx_word' id='word_1_34' title='bbox 985 373 1258 422; x_wconf 85' lang='lat' dir='ltr'>Euangelicae</span> <span class='ocrx_word' id='word_1_35' title='bbox 1287 373 1496 412; x_wconf 82' lang='lat' dir='ltr'>doctrinae</span> <span class='ocrx_word' id='word_1_36' title='bbox 1522 376 1708 412; x_wconf 89' lang='lat' dir='ltr'>mustum</span> <span class='ocrx_word' id='word_1_37' title='bbox 1734 386 1891 412; x_wconf 88' lang='lat' dir='ltr'>auersa-</span> 
     </span>
     <span class='ocr_line' id='line_1_10' title="bbox 294 427 1890 476; baseline 0.001 -12"><span class='ocrx_word' id='word_1_38' title='bbox 294 428 446 465; x_wconf 88' lang='lat' dir='ltr'>bantur</span> <span class='ocrx_word' id='word_1_39' title='bbox 479 427 633 474; x_wconf 89' lang='lat' dir='ltr'>Iudaei,</span> <span class='ocrx_word' id='word_1_40' title='bbox 664 428 794 466; x_wconf 88' lang='lat' dir='ltr'>veteri</span> <span class='ocrx_word' id='word_1_41' title='bbox 827 427 928 465; x_wconf 90' lang='lat' dir='ltr'>vino</span> <span class='ocrx_word' id='word_1_42' title='bbox 961 427 1160 465; x_wconf 84' lang='lat' dir='ltr'>Mosaicae</span> <span class='ocrx_word' id='word_1_43' title='bbox 1193 427 1296 476; x_wconf 89' lang='lat' dir='ltr'>legis</span> <span class='ocrx_word' id='word_1_44' title='bbox 1325 428 1490 473; x_wconf 84' lang='lat' dir='ltr'>assueti,</span> <span class='ocrx_word' id='word_1_45' title='bbox 1523 429 1564 465; x_wconf 90' lang='lat' dir='ltr'>et</span> <span class='ocrx_word' id='word_1_46' title='bbox 1595 427 1890 466; x_wconf 87' lang='lat' dir='ltr'>contumeliam</span> 
     </span>
     <span class='ocr_line' id='line_1_11' title="bbox 293 481 1891 531; baseline 0.001 -12"><span class='ocrx_word' id='word_1_47' title='bbox 293 481 677 531; x_wconf 78' lang='lat' dir='ltr'>interpretabantur</span> <span class='ocrx_word' id='word_1_48' title='bbox 697 495 779 531; x_wconf 93' lang='lat' dir='ltr'>quo</span> <span class='ocrx_word' id='word_1_49' title='bbox 798 482 910 531; x_wconf 91' lang='lat' dir='ltr'>prior</span> <span class='ocrx_word' id='word_1_50' title='bbox 928 481 1002 519; x_wconf 89' lang='lat' dir='ltr'>illa</span> <span class='ocrx_word' id='word_1_51' title='bbox 1027 481 1095 519; x_wconf 82' lang='lat' dir='ltr'>lex</span> <span class='ocrx_word' id='word_1_52' title='bbox 1121 483 1161 519; x_wconf 91' lang='lat' dir='ltr'>et</span> <span class='ocrx_word' id='word_1_53' title='bbox 1187 481 1475 531; x_wconf 85' lang='lat' dir='ltr'>perficiebatur</span> <span class='ocrx_word' id='word_1_54' title='bbox 1501 484 1542 519; x_wconf 90' lang='lat' dir='ltr'>et</span> <span class='ocrx_word' id='word_1_55' title='bbox 1569 482 1814 520; x_wconf 88' lang='lat' dir='ltr'>ornabatur:</span> <span class='ocrx_word' id='word_1_56' title='bbox 1844 495 1891 520; x_wconf 91' lang='lat' dir='ltr'>ac</span> 
     </span>
     <span class='ocr_line' id='line_1_12' title="bbox 294 535 1892 585; baseline 0.001 -12"><span class='ocrx_word' id='word_1_57' title='bbox 294 536 526 573; x_wconf 88' lang='lat' dir='ltr'>nouitatem</span> <span class='ocrx_word' id='word_1_58' title='bbox 560 535 767 574; x_wconf 82' lang='lat' dir='ltr'>habebant</span> <span class='ocrx_word' id='word_1_59' title='bbox 799 536 993 583; x_wconf 89' lang='lat' dir='ltr'>inuisam,</span> <span class='ocrx_word' id='word_1_60' title='bbox 1026 549 1121 573; x_wconf 89' lang='lat' dir='ltr'>cum</span> <span class='ocrx_word' id='word_1_61' title='bbox 1159 537 1298 585; x_wconf 90' lang='lat' dir='ltr'>potius</span> <span class='ocrx_word' id='word_1_62' title='bbox 1335 537 1385 574; x_wconf 91' lang='lat' dir='ltr'>ad</span> <span class='ocrx_word' id='word_1_63' title='bbox 1428 536 1605 585; x_wconf 75' lang='lat' dir='ltr'>priscam</span> <span class='ocrx_word' id='word_1_64' title='bbox 1639 538 1892 574; x_wconf 85' lang='lat' dir='ltr'>vetustatem</span> 
     </span>
     <span class='ocr_line' id='line_1_13' title="bbox 294 590 1888 639; baseline 0.001 -12"><span class='ocrx_word' id='word_1_65' title='bbox 294 592 596 628; x_wconf 88' lang='lat' dir='ltr'>reuocarentur.</span> <span class='ocrx_word' id='word_1_66' title='bbox 655 590 784 628; x_wconf 91' lang='lat' dir='ltr'>Porro</span> <span class='ocrx_word' id='word_1_67' title='bbox 814 590 874 629; x_wconf 90' lang='lat' dir='ltr'>sic</span> <span class='ocrx_word' id='word_1_68' title='bbox 904 590 1023 634; x_wconf 63' lang='lat' dir='ltr'>fit0vt</span> <span class='ocrx_word' id='word_1_69' title='bbox 1049 590 1297 628; x_wconf 86' lang='lat' dir='ltr'>beneficium</span> <span class='ocrx_word' id='word_1_70' title='bbox 1322 592 1509 628; x_wconf 84' lang='lat' dir='ltr'>vertatur</span> <span class='ocrx_word' id='word_1_71' title='bbox 1536 591 1579 628; x_wconf 91' lang='lat' dir='ltr'>in</span> <span class='ocrx_word' id='word_1_72' title='bbox 1610 590 1888 639; x_wconf 85' lang='lat' dir='ltr'>dispendium,</span> 
     </span>
     <span class='ocr_line' id='line_1_14' title="bbox 293 643 1889 693; baseline 0.001 -12"><span class='ocrx_word' id='word_1_73' title='bbox 293 656 389 681; x_wconf 85' lang='lat' dir='ltr'>cum</span> <span class='ocrx_word' id='word_1_74' title='bbox 408 646 449 681; x_wconf 92' lang='lat' dir='ltr'>et</span> <span class='ocrx_word' id='word_1_75' title='bbox 468 644 653 682; x_wconf 88' lang='lat' dir='ltr'>medicus</span> <span class='ocrx_word' id='word_1_76' title='bbox 681 643 955 682; x_wconf 79' lang='lat' dir='ltr'>inclementer</span> <span class='ocrx_word' id='word_1_77' title='bbox 981 646 1105 693; x_wconf 87' lang='lat' dir='ltr'>atque</span> <span class='ocrx_word' id='word_1_78' title='bbox 1132 644 1393 682; x_wconf 85' lang='lat' dir='ltr'>incommode</span> <span class='ocrx_word' id='word_1_79' title='bbox 1420 644 1618 683; x_wconf 87' lang='lat' dir='ltr'>admouet</span> <span class='ocrx_word' id='word_1_80' title='bbox 1646 644 1889 692; x_wconf 88' lang='lat' dir='ltr'>remedium,</span> 
     </span>
     <span class='ocr_line' id='line_1_15' title="bbox 293 698 1893 749; baseline 0.001 -14"><span class='ocrx_word' id='word_1_81' title='bbox 293 700 333 735; x_wconf 89' lang='lat' dir='ltr'>et</span> <span class='ocrx_word' id='word_1_82' title='bbox 354 701 545 748; x_wconf 86' lang='lat' dir='ltr'>aegrotus</span> <span class='ocrx_word' id='word_1_83' title='bbox 564 699 687 736; x_wconf 88' lang='lat' dir='ltr'>saluti</span> <span class='ocrx_word' id='word_1_84' title='bbox 714 698 1001 737; x_wconf 85' lang='lat' dir='ltr'>consulentem</span> <span class='ocrx_word' id='word_1_85' title='bbox 1027 712 1101 748; x_wconf 90' lang='lat' dir='ltr'>pro</span> <span class='ocrx_word' id='word_1_86' title='bbox 1122 699 1240 736; x_wconf 90' lang='lat' dir='ltr'>hoste</span> <span class='ocrx_word' id='word_1_87' title='bbox 1265 699 1390 736; x_wconf 89' lang='lat' dir='ltr'>ducit.</span> <span class='ocrx_word' id='word_1_88' title='bbox 1450 699 1734 738; x_wconf 84' lang='lat' dir='ltr'>Conueniebat</span> <span class='ocrx_word' id='word_1_89' title='bbox 1757 699 1893 749; x_wconf 86' lang='lat' dir='ltr'>magis</span> 
     </span>
     <span class='ocr_line' id='line_1_16' title="bbox 292 752 1887 802; baseline 0.001 -12"><span class='ocrx_word' id='word_1_90' title='bbox 292 754 338 790; x_wconf 76' lang='lat' dir='ltr'>vt</span> <span class='ocrx_word' id='word_1_91' title='bbox 359 752 430 802; x_wconf 90' lang='lat' dir='ltr'>qui</span> <span class='ocrx_word' id='word_1_92' title='bbox 450 753 700 801; x_wconf 89' lang='lat' dir='ltr'>profitentur</span> <span class='ocrx_word' id='word_1_93' title='bbox 722 753 797 790; x_wconf 90' lang='lat' dir='ltr'>has</span> <span class='ocrx_word' id='word_1_94' title='bbox 823 752 973 798; x_wconf 82' lang='lat' dir='ltr'>literas,</span> <span class='ocrx_word' id='word_1_95' title='bbox 997 766 1098 802; x_wconf 87' lang='lat' dir='ltr'>quae</span> <span class='ocrx_word' id='word_1_96' title='bbox 1118 753 1243 802; x_wconf 88' lang='lat' dir='ltr'>vulgo</span> <span class='ocrx_word' id='word_1_97' title='bbox 1270 753 1462 791; x_wconf 86' lang='lat' dir='ltr'>laborant</span> <span class='ocrx_word' id='word_1_98' title='bbox 1487 753 1646 791; x_wconf 87' lang='lat' dir='ltr'>inuidia</span> <span class='ocrx_word' id='word_1_99' title='bbox 1675 753 1887 801; x_wconf 87' lang='lat' dir='ltr'>nouitatis,</span> 
     </span>
     <span class='ocr_line' id='line_1_17' title="bbox 293 806 1893 857; baseline 0.001 -13"><span class='ocrx_word' id='word_1_100' title='bbox 293 819 389 844; x_wconf 88' lang='lat' dir='ltr'>cum</span> <span class='ocrx_word' id='word_1_101' title='bbox 418 806 502 844; x_wconf 89' lang='lat' dir='ltr'>sint</span> <span class='ocrx_word' id='word_1_102' title='bbox 529 807 855 857; x_wconf 82' lang='lat' dir='ltr'>antiquissimae,</span> <span class='ocrx_word' id='word_1_103' title='bbox 889 807 1071 845; x_wconf 88' lang='lat' dir='ltr'>ciuiliter</span> <span class='ocrx_word' id='word_1_104' title='bbox 1097 807 1326 856; x_wconf 88' lang='lat' dir='ltr'>irreperent</span> <span class='ocrx_word' id='word_1_105' title='bbox 1359 807 1499 856; x_wconf 88' lang='lat' dir='ltr'>potius</span> <span class='ocrx_word' id='word_1_106' title='bbox 1528 820 1654 856; x_wconf 89' lang='lat' dir='ltr'>quam</span> <span class='ocrx_word' id='word_1_107' title='bbox 1685 807 1893 845; x_wconf 85' lang='lat' dir='ltr'>hostiliter</span> 
     </span>
     <span class='ocr_line' id='line_1_18' title="bbox 293 861 1888 911; baseline 0.001 -13"><span class='ocrx_word' id='word_1_108' title='bbox 293 861 571 910; x_wconf 87' lang='lat' dir='ltr'>irrumperent</span> <span class='ocrx_word' id='word_1_109' title='bbox 588 876 598 909; x_wconf 75' lang='lat'><em>3</em></span> <span class='ocrx_word' id='word_1_110' title='bbox 628 875 760 911; x_wconf 90' lang='lat' dir='ltr'>neque</span> <span class='ocrx_word' id='word_1_111' title='bbox 779 862 921 900; x_wconf 87' lang='lat' dir='ltr'>statim</span> <span class='ocrx_word' id='word_1_112' title='bbox 937 861 1070 900; x_wconf 88' lang='lat' dir='ltr'>veluti</span> <span class='ocrx_word' id='word_1_113' title='bbox 1095 861 1377 910; x_wconf 80' lang='lat' dir='ltr'>sexagenarios</span> <span class='ocrx_word' id='word_1_114' title='bbox 1397 862 1447 899; x_wconf 91' lang='lat' dir='ltr'>de</span> <span class='ocrx_word' id='word_1_115' title='bbox 1474 865 1602 910; x_wconf 87' lang='lat' dir='ltr'>ponte</span> <span class='ocrx_word' id='word_1_116' title='bbox 1622 861 1888 910; x_wconf 78' lang='lat' dir='ltr'>depellerent,</span> 
     </span>
     <span class='ocr_line' id='line_1_19' title="bbox 293 915 1888 965; baseline 0 -12"><span class='ocrx_word' id='word_1_117' title='bbox 293 915 364 953; x_wconf 85' lang='lat' dir='ltr'>sed</span> <span class='ocrx_word' id='word_1_118' title='bbox 403 915 602 965; x_wconf 83' lang='lat' dir='ltr'>paulatim</span> <span class='ocrx_word' id='word_1_119' title='bbox 645 915 920 954; x_wconf 86' lang='lat' dir='ltr'>coalescerent</span> <span class='ocrx_word' id='word_1_120' title='bbox 958 915 1058 953; x_wconf 90' lang='lat' dir='ltr'>noui</span> <span class='ocrx_word' id='word_1_121' title='bbox 1096 915 1281 964; x_wconf 87' lang='lat' dir='ltr'>hospites</span> <span class='ocrx_word' id='word_1_122' title='bbox 1327 928 1423 953; x_wconf 88' lang='lat' dir='ltr'>cum</span> <span class='ocrx_word' id='word_1_123' title='bbox 1461 915 1673 954; x_wconf 88' lang='lat' dir='ltr'>veteribus</span> <span class='ocrx_word' id='word_1_124' title='bbox 1720 916 1888 954; x_wconf 87' lang='lat' dir='ltr'>colonis.</span> 
     </span>
     <span class='ocr_line' id='line_1_20' title="bbox 294 969 1892 1019; baseline 0 -12"><span class='ocrx_word' id='word_1_125' title='bbox 294 969 438 1019; x_wconf 88' lang='lat' dir='ltr'>Neque</span> <span class='ocrx_word' id='word_1_126' title='bbox 458 970 572 1007; x_wconf 90' lang='lat' dir='ltr'>enim</span> <span class='ocrx_word' id='word_1_127' title='bbox 592 970 637 1007; x_wconf 91' lang='lat' dir='ltr'>in</span> <span class='ocrx_word' id='word_1_128' title='bbox 664 970 742 1008; x_wconf 88' lang='lat' dir='ltr'>hoc</span> <span class='ocrx_word' id='word_1_129' title='bbox 767 970 1019 1009; x_wconf 89' lang='lat' dir='ltr'>adhibentur</span> <span class='ocrx_word' id='word_1_130' title='bbox 1038 970 1181 1007; x_wconf 89' lang='lat' dir='ltr'>literae</span> <span class='ocrx_word' id='word_1_131' title='bbox 1202 969 1424 1019; x_wconf 84' lang='lat' dir='ltr'>politiores,</span> <span class='ocrx_word' id='word_1_132' title='bbox 1447 972 1493 1008; x_wconf 85' lang='lat' dir='ltr'>vt</span> <span class='ocrx_word' id='word_1_133' title='bbox 1512 970 1756 1008; x_wconf 88' lang='lat' dir='ltr'>aboleantur</span> <span class='ocrx_word' id='word_1_134' title='bbox 1774 970 1892 1008; x_wconf 82' lang='lat' dir='ltr'>disci-</span> 
     </span>
     <span class='ocr_line' id='line_1_21' title="bbox 292 1023 1893 1073; baseline 0.001 -13"><span class='ocrx_word' id='word_1_135' title='bbox 292 1023 441 1072; x_wconf 86' lang='lat' dir='ltr'>plinae,</span> <span class='ocrx_word' id='word_1_136' title='bbox 466 1037 568 1073; x_wconf 89' lang='lat' dir='ltr'>quae</span> <span class='ocrx_word' id='word_1_137' title='bbox 589 1037 683 1062; x_wconf 88' lang='lat' dir='ltr'>cum</span> <span class='ocrx_word' id='word_1_138' title='bbox 704 1024 885 1062; x_wconf 85' lang='lat' dir='ltr'>maximo</span> <span class='ocrx_word' id='word_1_139' title='bbox 905 1024 1068 1073; x_wconf 86' lang='lat' dir='ltr'>generis</span> <span class='ocrx_word' id='word_1_140' title='bbox 1088 1024 1263 1062; x_wconf 88' lang='lat' dir='ltr'>humani</span> <span class='ocrx_word' id='word_1_141' title='bbox 1283 1024 1393 1062; x_wconf 89' lang='lat' dir='ltr'>bono</span> <span class='ocrx_word' id='word_1_142' title='bbox 1413 1023 1637 1062; x_wconf 87' lang='lat' dir='ltr'>traduntur</span> <span class='ocrx_word' id='word_1_143' title='bbox 1654 1024 1698 1061; x_wconf 92' lang='lat' dir='ltr'>in</span> <span class='ocrx_word' id='word_1_144' title='bbox 1714 1024 1893 1073; x_wconf 87' lang='lat' dir='ltr'>publicis</span> 
     </span>
     <span class='ocr_line' id='line_1_22' title="bbox 293 1077 1894 1128; baseline 0.001 -12"><span class='ocrx_word' id='word_1_145' title='bbox 293 1077 473 1125; x_wconf 87' lang='lat' dir='ltr'>scholis;</span> <span class='ocrx_word' id='word_1_146' title='bbox 516 1079 585 1116; x_wconf 89' lang='lat' dir='ltr'>sed</span> <span class='ocrx_word' id='word_1_147' title='bbox 615 1081 661 1116; x_wconf 89' lang='lat' dir='ltr'>vt</span> <span class='ocrx_word' id='word_1_148' title='bbox 694 1079 954 1128; x_wconf 83' lang='lat' dir='ltr'>purgatiores</span> <span class='ocrx_word' id='word_1_149' title='bbox 984 1078 1068 1116; x_wconf 88' lang='lat' dir='ltr'>sint</span> <span class='ocrx_word' id='word_1_150' title='bbox 1098 1078 1310 1128; x_wconf 85' lang='lat' dir='ltr'>magisque</span> <span class='ocrx_word' id='word_1_151' title='bbox 1343 1078 1500 1116; x_wconf 84' lang='lat' dir='ltr'>sobriae</span> <span class='ocrx_word' id='word_1_152' title='bbox 1533 1091 1659 1127; x_wconf 90' lang='lat' dir='ltr'>quam</span> <span class='ocrx_word' id='word_1_153' title='bbox 1692 1079 1894 1117; x_wconf 88' lang='lat' dir='ltr'>hactenus</span> 
     </span>
     <span class='ocr_line' id='line_1_23' title="bbox 294 1132 1893 1183; baseline 0.001 -14"><span class='ocrx_word' id='word_1_154' title='bbox 294 1132 450 1170; x_wconf 83' lang='lat' dir='ltr'>fuerint</span> <span class='ocrx_word' id='word_1_155' title='bbox 474 1133 582 1181; x_wconf 83' lang='lat' dir='ltr'>apud</span> <span class='ocrx_word' id='word_1_156' title='bbox 605 1133 818 1182; x_wconf 88' lang='lat' dir='ltr'>quosdam.</span> <span class='ocrx_word' id='word_1_157' title='bbox 880 1133 942 1170; x_wconf 77' lang='lat' dir='ltr'>Sit</span> <span class='ocrx_word' id='word_1_158' title='bbox 973 1145 1070 1170; x_wconf 84' lang='lat' dir='ltr'>sane</span> <span class='ocrx_word' id='word_1_159' title='bbox 1099 1133 1241 1181; x_wconf 87' lang='lat' dir='ltr'>regina</span> <span class='ocrx_word' id='word_1_160' title='bbox 1266 1132 1484 1181; x_wconf 85' lang='lat' dir='ltr'>theologia,</span> <span class='ocrx_word' id='word_1_161' title='bbox 1507 1132 1578 1170; x_wconf 89' lang='lat' dir='ltr'>sed</span> <span class='ocrx_word' id='word_1_162' title='bbox 1607 1132 1724 1170; x_wconf 86' lang='lat' dir='ltr'>nulla</span> <span class='ocrx_word' id='word_1_163' title='bbox 1754 1132 1893 1183; x_wconf 86' lang='lat' dir='ltr'>regina</span> 
     </span>
     <span class='ocr_line' id='line_1_24' title="bbox 293 1186 1893 1236; baseline 0.001 -13"><span class='ocrx_word' id='word_1_164' title='bbox 293 1188 381 1224; x_wconf 85' lang='lat' dir='ltr'>tam</span> <span class='ocrx_word' id='word_1_165' title='bbox 400 1188 549 1235; x_wconf 90' lang='lat' dir='ltr'>potens</span> <span class='ocrx_word' id='word_1_166' title='bbox 568 1200 672 1236; x_wconf 87' lang='lat' dir='ltr'>quae</span> <span class='ocrx_word' id='word_1_167' title='bbox 692 1187 1032 1236; x_wconf 86' lang='lat' dir='ltr'>pedissequarum</span> <span class='ocrx_word' id='word_1_168' title='bbox 1053 1190 1212 1225; x_wconf 90' lang='lat' dir='ltr'>recuset</span> <span class='ocrx_word' id='word_1_169' title='bbox 1233 1186 1426 1225; x_wconf 85' lang='lat' dir='ltr'>officium.</span> <span class='ocrx_word' id='word_1_170' title='bbox 1476 1187 1544 1224; x_wconf 93' lang='lat' dir='ltr'>Ab</span> <span class='ocrx_word' id='word_1_171' title='bbox 1566 1186 1659 1225; x_wconf 87' lang='lat' dir='ltr'>aliis</span> <span class='ocrx_word' id='word_1_172' title='bbox 1680 1187 1893 1225; x_wconf 84' lang='lat' dir='ltr'>admoneri</span> 
     </span>
     <span class='ocr_line' id='line_1_25' title="bbox 293 1241 1893 1290; baseline 0.001 -12"><span class='ocrx_word' id='word_1_173' title='bbox 293 1254 335 1278; x_wconf 86' lang='lat' dir='ltr'>se</span> <span class='ocrx_word' id='word_1_174' title='bbox 364 1241 534 1290; x_wconf 85' lang='lat' dir='ltr'>patitur,</span> <span class='ocrx_word' id='word_1_175' title='bbox 566 1241 618 1279; x_wconf 88' lang='lat' dir='ltr'>ab</span> <span class='ocrx_word' id='word_1_176' title='bbox 647 1241 740 1279; x_wconf 88' lang='lat' dir='ltr'>aliis</span> <span class='ocrx_word' id='word_1_177' title='bbox 768 1242 902 1288; x_wconf 76' lang='lat' dir='ltr'>comi3</span> <span class='ocrx_word' id='word_1_178' title='bbox 937 1244 975 1279; x_wconf 84' lang='lat' dir='ltr'>et</span> <span class='ocrx_word' id='word_1_179' title='bbox 1005 1241 1055 1279; x_wconf 92' lang='lat' dir='ltr'>ad</span> <span class='ocrx_word' id='word_1_180' title='bbox 1087 1254 1206 1279; x_wconf 89' lang='lat' dir='ltr'>suam</span> <span class='ocrx_word' id='word_1_181' title='bbox 1235 1241 1410 1290; x_wconf 89' lang='lat' dir='ltr'>gloriam</span> <span class='ocrx_word' id='word_1_182' title='bbox 1441 1241 1646 1290; x_wconf 89' lang='lat' dir='ltr'>pertinere</span> <span class='ocrx_word' id='word_1_183' title='bbox 1680 1241 1822 1288; x_wconf 88' lang='lat' dir='ltr'>credit,</span> <span class='ocrx_word' id='word_1_184' title='bbox 1855 1241 1893 1280; x_wconf 92' lang='lat' dir='ltr'>si</span> 
     </span>
    </p>
   </div>
   <div class='ocr_carea' id='block_1_8' title="bbox 257 1295 1127 1345">
    <p class='ocr_par' dir='ltr' id='par_1_8' title="bbox 257 1295 1127 1345">
     <span class='ocr_line' id='line_1_26' title="bbox 257 1295 1127 1345; baseline 0.001 -13"><span class='ocrx_word' id='word_1_185' title='bbox 257 1308 272 1338; x_wconf 78' lang='lat'>5</span> <span class='ocrx_word' id='word_1_186' title='bbox 292 1295 470 1333; x_wconf 85' lang='lat' dir='ltr'>famulas</span> <span class='ocrx_word' id='word_1_187' title='bbox 490 1295 639 1333; x_wconf 89' lang='lat' dir='ltr'>habeat</span> <span class='ocrx_word' id='word_1_188' title='bbox 658 1309 782 1345; x_wconf 86' lang='lat' dir='ltr'>quam</span> <span class='ocrx_word' id='word_1_189' title='bbox 802 1295 1127 1334; x_wconf 88' lang='lat' dir='ltr'>honestissimas.</span> 
     </span>
    </p>
   </div>
   <div class='ocr_carea' id='block_1_9' title="bbox 293 1348 1896 2376">
    <p class='ocr_par' dir='ltr' id='par_1_9' title="bbox 293 1348 1896 2376">
     <span class='ocr_line' id='line_1_27' title="bbox 348 1348 1893 1399; baseline 0 -12"><span class='ocrx_word' id='word_1_190' title='bbox 348 1349 465 1397; x_wconf 78' lang='lat' dir='ltr'>Quod</span> <span class='ocrx_word' id='word_1_191' title='bbox 500 1350 537 1387; x_wconf 88' lang='lat' dir='ltr'>si</span> <span class='ocrx_word' id='word_1_192' title='bbox 568 1350 640 1399; x_wconf 87' lang='lat' dir='ltr'>qui</span> <span class='ocrx_word' id='word_1_193' title='bbox 672 1350 876 1388; x_wconf 86' lang='lat' dir='ltr'>bonarum</span> <span class='ocrx_word' id='word_1_194' title='bbox 907 1350 1124 1388; x_wconf 90' lang='lat' dir='ltr'>literarum</span> <span class='ocrx_word' id='word_1_195' title='bbox 1162 1348 1365 1399; x_wconf 88' lang='lat' dir='ltr'>praesidio</span> <span class='ocrx_word' id='word_1_196' title='bbox 1398 1351 1583 1387; x_wconf 87' lang='lat' dir='ltr'>veterem</span> <span class='ocrx_word' id='word_1_197' title='bbox 1615 1349 1893 1388; x_wconf 88' lang='lat' dir='ltr'>eruditionem</span> 
     </span>
     <span class='ocr_line' id='line_1_28' title="bbox 293 1403 1894 1453; baseline 0.001 -12"><span class='ocrx_word' id='word_1_198' title='bbox 293 1404 462 1442; x_wconf 84' lang='lat' dir='ltr'>student</span> <span class='ocrx_word' id='word_1_199' title='bbox 493 1417 651 1450; x_wconf 88' lang='lat' dir='ltr'>ornare,</span> <span class='ocrx_word' id='word_1_200' title='bbox 683 1404 856 1442; x_wconf 86' lang='lat' dir='ltr'>comiter</span> <span class='ocrx_word' id='word_1_201' title='bbox 883 1406 925 1442; x_wconf 90' lang='lat' dir='ltr'>et</span> <span class='ocrx_word' id='word_1_202' title='bbox 952 1404 1110 1453; x_wconf 86' lang='lat' dir='ltr'>placide</span> <span class='ocrx_word' id='word_1_203' title='bbox 1139 1416 1262 1442; x_wconf 85' lang='lat' dir='ltr'>suum</span> <span class='ocrx_word' id='word_1_204' title='bbox 1291 1403 1535 1441; x_wconf 87' lang='lat' dir='ltr'>adhiberent</span> <span class='ocrx_word' id='word_1_205' title='bbox 1565 1403 1757 1451; x_wconf 71' lang='lat' dir='ltr'>officium,</span> <span class='ocrx_word' id='word_1_206' title='bbox 1790 1406 1830 1442; x_wconf 85' lang='lat' dir='ltr'>et</span> <span class='ocrx_word' id='word_1_207' title='bbox 1864 1404 1894 1442; x_wconf 87' lang='lat' dir='ltr'>ii</span> 
     </span>
     <span class='ocr_line' id='line_1_29' title="bbox 295 1457 1894 1508; baseline 0 -13"><span class='ocrx_word' id='word_1_208' title='bbox 295 1457 367 1506; x_wconf 84' lang='lat' dir='ltr'>qui</span> <span class='ocrx_word' id='word_1_209' title='bbox 395 1458 440 1495; x_wconf 90' lang='lat' dir='ltr'>in</span> <span class='ocrx_word' id='word_1_210' title='bbox 469 1458 658 1508; x_wconf 88' lang='lat' dir='ltr'>pristinis</span> <span class='ocrx_word' id='word_1_211' title='bbox 686 1458 836 1496; x_wconf 85' lang='lat' dir='ltr'>studiis</span> <span class='ocrx_word' id='word_1_212' title='bbox 865 1460 1186 1503; x_wconf 89' lang='lat' dir='ltr'>consenuerunt,</span> <span class='ocrx_word' id='word_1_213' title='bbox 1210 1471 1284 1496; x_wconf 91' lang='lat' dir='ltr'>nec</span> <span class='ocrx_word' id='word_1_214' title='bbox 1313 1458 1393 1496; x_wconf 86' lang='lat' dir='ltr'>sibi</span> <span class='ocrx_word' id='word_1_215' title='bbox 1422 1471 1498 1496; x_wconf 91' lang='lat' dir='ltr'>nec</span> <span class='ocrx_word' id='word_1_216' title='bbox 1526 1457 1759 1496; x_wconf 90' lang='lat' dir='ltr'>iunioribus</span> <span class='ocrx_word' id='word_1_217' title='bbox 1788 1458 1894 1496; x_wconf 89' lang='lat' dir='ltr'>inui-</span> 
     </span>
     <span class='ocr_line' id='line_1_30' title="bbox 294 1512 1896 1556; baseline 0.001 -7"><span class='ocrx_word' id='word_1_218' title='bbox 294 1513 447 1556; x_wconf 73' lang='lat' dir='ltr'>derent,</span> <span class='ocrx_word' id='word_1_219' title='bbox 481 1513 551 1551; x_wconf 89' lang='lat' dir='ltr'>sed</span> <span class='ocrx_word' id='word_1_220' title='bbox 581 1525 712 1551; x_wconf 90' lang='lat' dir='ltr'>nouos</span> <span class='ocrx_word' id='word_1_221' title='bbox 741 1513 922 1550; x_wconf 88' lang='lat' dir='ltr'>aduenas</span> <span class='ocrx_word' id='word_1_222' title='bbox 951 1513 996 1550; x_wconf 91' lang='lat' dir='ltr'>in</span> <span class='ocrx_word' id='word_1_223' title='bbox 1030 1512 1212 1550; x_wconf 86' lang='lat' dir='ltr'>ciuitatis</span> <span class='ocrx_word' id='word_1_224' title='bbox 1243 1525 1341 1550; x_wconf 89' lang='lat' dir='ltr'>suae</span> <span class='ocrx_word' id='word_1_225' title='bbox 1372 1512 1625 1550; x_wconf 87' lang='lat' dir='ltr'>consortium</span> <span class='ocrx_word' id='word_1_226' title='bbox 1655 1512 1896 1551; x_wconf 85' lang='lat' dir='ltr'>humaniter</span> 
     </span>
     <span class='ocr_line' id='line_1_31' title="bbox 295 1566 1895 1616; baseline 0.001 -12"><span class='ocrx_word' id='word_1_227' title='bbox 295 1566 548 1616; x_wconf 79' lang='lat' dir='ltr'>reciperent3</span> <span class='ocrx_word' id='word_1_228' title='bbox 578 1567 769 1605; x_wconf 87' lang='lat' dir='ltr'>futurum</span> <span class='ocrx_word' id='word_1_229' title='bbox 797 1570 903 1605; x_wconf 90' lang='lat' dir='ltr'>esset</span> <span class='ocrx_word' id='word_1_230' title='bbox 930 1569 976 1605; x_wconf 87' lang='lat' dir='ltr'>vt</span> <span class='ocrx_word' id='word_1_231' title='bbox 1001 1570 1175 1616; x_wconf 87' lang='lat' dir='ltr'>vtraque</span> <span class='ocrx_word' id='word_1_232' title='bbox 1204 1579 1268 1604; x_wconf 88' lang='lat' dir='ltr'>res</span> <span class='ocrx_word' id='word_1_233' title='bbox 1299 1566 1417 1604; x_wconf 86' lang='lat' dir='ltr'>alteri</span> <span class='ocrx_word' id='word_1_234' title='bbox 1445 1566 1501 1604; x_wconf 82' lang='lat' dir='ltr'>sit</span> <span class='ocrx_word' id='word_1_235' title='bbox 1528 1568 1621 1604; x_wconf 88' lang='lat' dir='ltr'>tum</span> <span class='ocrx_word' id='word_1_236' title='bbox 1650 1569 1895 1605; x_wconf 88' lang='lat' dir='ltr'>ornamento</span> 
     </span>
     <span class='ocr_line' id='line_1_32' title="bbox 295 1620 1896 1670; baseline 0.001 -12"><span class='ocrx_word' id='word_1_237' title='bbox 295 1623 386 1658; x_wconf 92' lang='lat' dir='ltr'>tum</span> <span class='ocrx_word' id='word_1_238' title='bbox 424 1621 517 1658; x_wconf 82' lang='lat' dir='ltr'>vsui</span> <span class='ocrx_word' id='word_1_239' title='bbox 554 1621 704 1668; x_wconf 85' lang='lat' dir='ltr'>futura,</span> <span class='ocrx_word' id='word_1_240' title='bbox 744 1621 946 1659; x_wconf 86' lang='lat' dir='ltr'>nimirum</span> <span class='ocrx_word' id='word_1_241' title='bbox 985 1620 1193 1670; x_wconf 90' lang='lat' dir='ltr'>duplicato</span> <span class='ocrx_word' id='word_1_242' title='bbox 1231 1621 1344 1659; x_wconf 85' lang='lat' dir='ltr'>lucro</span> <span class='ocrx_word' id='word_1_243' title='bbox 1383 1623 1529 1658; x_wconf 86' lang='lat' dir='ltr'>mutua</span> <span class='ocrx_word' id='word_1_244' title='bbox 1564 1621 1896 1659; x_wconf 87' lang='lat' dir='ltr'>commutatione</span> 
     </span>
     <span class='ocr_line' id='line_1_33' title="bbox 295 1674 1894 1724; baseline 0 -11"><span class='ocrx_word' id='word_1_245' title='bbox 295 1675 513 1713; x_wconf 86' lang='lat' dir='ltr'>bonorum.</span> <span class='ocrx_word' id='word_1_246' title='bbox 573 1675 694 1713; x_wconf 82' lang='lat' dir='ltr'>Nunc</span> <span class='ocrx_word' id='word_1_247' title='bbox 724 1676 826 1713; x_wconf 88' lang='lat' dir='ltr'>dum</span> <span class='ocrx_word' id='word_1_248' title='bbox 860 1689 937 1713; x_wconf 87' lang='lat' dir='ltr'>nos</span> <span class='ocrx_word' id='word_1_249' title='bbox 968 1675 1151 1713; x_wconf 85' lang='lat' dir='ltr'>inuicem</span> <span class='ocrx_word' id='word_1_250' title='bbox 1188 1675 1277 1713; x_wconf 89' lang='lat' dir='ltr'>luto</span> <span class='ocrx_word' id='word_1_251' title='bbox 1309 1674 1633 1724; x_wconf 83' lang='lat' dir='ltr'>conspergimus,</span> <span class='ocrx_word' id='word_1_252' title='bbox 1669 1676 1753 1713; x_wconf 89' lang='lat' dir='ltr'>imo</span> <span class='ocrx_word' id='word_1_253' title='bbox 1791 1676 1894 1714; x_wconf 85' lang='lat' dir='ltr'>dum</span> 
     </span>
     <span class='ocr_line' id='line_1_34' title="bbox 294 1728 1895 1779; baseline 0.001 -13"><span class='ocrx_word' id='word_1_254' title='bbox 294 1729 479 1767; x_wconf 88' lang='lat' dir='ltr'>inuicem</span> <span class='ocrx_word' id='word_1_255' title='bbox 510 1743 587 1768; x_wconf 91' lang='lat' dir='ltr'>nos</span> <span class='ocrx_word' id='word_1_256' title='bbox 614 1729 859 1779; x_wconf 85' lang='lat' dir='ltr'>lapidamus,</span> <span class='ocrx_word' id='word_1_257' title='bbox 882 1729 989 1779; x_wconf 88' lang='lat' dir='ltr'>perit</span> <span class='ocrx_word' id='word_1_258' title='bbox 1008 1729 1192 1779; x_wconf 87' lang='lat' dir='ltr'>vtrisque</span> <span class='ocrx_word' id='word_1_259' title='bbox 1219 1742 1319 1767; x_wconf 88' lang='lat' dir='ltr'>suus</span> <span class='ocrx_word' id='word_1_260' title='bbox 1346 1728 1520 1776; x_wconf 85' lang='lat' dir='ltr'>fructus,</span> <span class='ocrx_word' id='word_1_261' title='bbox 1539 1731 1579 1766; x_wconf 91' lang='lat' dir='ltr'>et</span> <span class='ocrx_word' id='word_1_262' title='bbox 1599 1731 1769 1779; x_wconf 86' lang='lat' dir='ltr'>vtraque</span> <span class='ocrx_word' id='word_1_263' title='bbox 1799 1742 1895 1779; x_wconf 88' lang='lat' dir='ltr'>pars</span> 
     </span>
     <span class='ocr_line' id='line_1_35' title="bbox 295 1783 1892 1833; baseline 0.001 -12"><span class='ocrx_word' id='word_1_264' title='bbox 295 1796 445 1833; x_wconf 87' lang='lat' dir='ltr'>magno</span> <span class='ocrx_word' id='word_1_265' title='bbox 467 1797 562 1822; x_wconf 88' lang='lat' dir='ltr'>cum</span> <span class='ocrx_word' id='word_1_266' title='bbox 583 1784 694 1821; x_wconf 87' lang='lat' dir='ltr'>malo</span> <span class='ocrx_word' id='word_1_267' title='bbox 716 1784 900 1822; x_wconf 89' lang='lat' dir='ltr'>discedit.</span> <span class='ocrx_word' id='word_1_268' title='bbox 957 1784 1009 1822; x_wconf 91' lang='lat' dir='ltr'>In</span> <span class='ocrx_word' id='word_1_269' title='bbox 1030 1783 1196 1830; x_wconf 85' lang='lat' dir='ltr'>libellis,</span> <span class='ocrx_word' id='word_1_270' title='bbox 1219 1783 1371 1832; x_wconf 86' lang='lat' dir='ltr'>quibus</span> <span class='ocrx_word' id='word_1_271' title='bbox 1388 1783 1539 1821; x_wconf 86' lang='lat' dir='ltr'>alteros</span> <span class='ocrx_word' id='word_1_272' title='bbox 1557 1783 1678 1822; x_wconf 87' lang='lat' dir='ltr'>alteri</span> <span class='ocrx_word' id='word_1_273' title='bbox 1698 1784 1892 1831; x_wconf 86' lang='lat' dir='ltr'>lacerant,</span> 
     </span>
     <span class='ocr_line' id='line_1_36' title="bbox 295 1837 1896 1888; baseline 0.001 -13"><span class='ocrx_word' id='word_1_274' title='bbox 295 1837 389 1887; x_wconf 90' lang='lat' dir='ltr'>plus</span> <span class='ocrx_word' id='word_1_275' title='bbox 409 1840 471 1876; x_wconf 89' lang='lat' dir='ltr'>est</span> <span class='ocrx_word' id='word_1_276' title='bbox 490 1838 770 1876; x_wconf 87' lang='lat' dir='ltr'>conuiciorum</span> <span class='ocrx_word' id='word_1_277' title='bbox 792 1851 916 1888; x_wconf 88' lang='lat' dir='ltr'>quam</span> <span class='ocrx_word' id='word_1_278' title='bbox 935 1840 1291 1886; x_wconf 87' lang='lat' dir='ltr'>argumentorum.</span> <span class='ocrx_word' id='word_1_279' title='bbox 1352 1838 1403 1875; x_wconf 92' lang='lat' dir='ltr'>In</span> <span class='ocrx_word' id='word_1_280' title='bbox 1430 1837 1687 1876; x_wconf 86' lang='lat' dir='ltr'>scholasticis</span> <span class='ocrx_word' id='word_1_281' title='bbox 1706 1838 1896 1877; x_wconf 87' lang='lat' dir='ltr'>diatribis</span> 
     </span>
     <span class='ocr_line' id='line_1_37' title="bbox 295 1891 1895 1943; baseline 0.001 -14"><span class='ocrx_word' id='word_1_282' title='bbox 295 1892 390 1940; x_wconf 91' lang='lat' dir='ltr'>plus</span> <span class='ocrx_word' id='word_1_283' title='bbox 423 1894 484 1930; x_wconf 87' lang='lat' dir='ltr'>est</span> <span class='ocrx_word' id='word_1_284' title='bbox 517 1892 655 1930; x_wconf 88' lang='lat' dir='ltr'>dentis</span> <span class='ocrx_word' id='word_1_285' title='bbox 684 1906 807 1943; x_wconf 85' lang='lat' dir='ltr'>quam</span> <span class='ocrx_word' id='word_1_286' title='bbox 836 1892 1093 1939; x_wconf 90' lang='lat' dir='ltr'>eruditionis,</span> <span class='ocrx_word' id='word_1_287' title='bbox 1126 1892 1220 1942; x_wconf 90' lang='lat' dir='ltr'>plus</span> <span class='ocrx_word' id='word_1_288' title='bbox 1248 1891 1425 1929; x_wconf 87' lang='lat' dir='ltr'>conuicii</span> <span class='ocrx_word' id='word_1_289' title='bbox 1455 1905 1579 1941; x_wconf 86' lang='lat' dir='ltr'>quam</span> <span class='ocrx_word' id='word_1_290' title='bbox 1613 1892 1765 1938; x_wconf 90' lang='lat' dir='ltr'>iudicii,</span> <span class='ocrx_word' id='word_1_291' title='bbox 1800 1892 1895 1942; x_wconf 87' lang='lat' dir='ltr'>plus</span> 
     </span>
     <span class='ocr_line' id='line_1_38' title="bbox 295 1946 1896 1996; baseline 0.001 -12"><span class='ocrx_word' id='word_1_292' title='bbox 295 1947 532 1984; x_wconf 88' lang='lat' dir='ltr'>studiorum</span> <span class='ocrx_word' id='word_1_293' title='bbox 567 1960 693 1996; x_wconf 86' lang='lat' dir='ltr'>quam</span> <span class='ocrx_word' id='word_1_294' title='bbox 727 1946 941 1985; x_wconf 88' lang='lat' dir='ltr'>libertatis.</span> <span class='ocrx_word' id='word_1_295' title='bbox 1000 1946 1053 1984; x_wconf 92' lang='lat' dir='ltr'>In</span> <span class='ocrx_word' id='word_1_296' title='bbox 1084 1946 1208 1985; x_wconf 85' lang='lat' dir='ltr'>sacris</span> <span class='ocrx_word' id='word_1_297' title='bbox 1242 1946 1511 1984; x_wconf 88' lang='lat' dir='ltr'>concionibus</span> <span class='ocrx_word' id='word_1_298' title='bbox 1541 1946 1793 1995; x_wconf 86' lang='lat' dir='ltr'>Euangelica</span> <span class='ocrx_word' id='word_1_299' title='bbox 1827 1947 1896 1985; x_wconf 90' lang='lat' dir='ltr'>do·</span> 
     </span>
     <span class='ocr_line' id='line_1_39' title="bbox 295 2000 1894 2051; baseline 0.001 -13"><span class='ocrx_word' id='word_1_300' title='bbox 295 2001 441 2043; x_wconf 83' lang='lat' dir='ltr'>ctrina,</span> <span class='ocrx_word' id='word_1_301' title='bbox 461 2014 584 2051; x_wconf 88' lang='lat' dir='ltr'>quam</span> <span class='ocrx_word' id='word_1_302' title='bbox 605 2001 819 2051; x_wconf 83' lang='lat' dir='ltr'>oportebat</span> <span class='ocrx_word' id='word_1_303' title='bbox 839 2014 926 2039; x_wconf 90' lang='lat' dir='ltr'>esse</span> <span class='ocrx_word' id='word_1_304' title='bbox 953 2001 1231 2049; x_wconf 87' lang='lat' dir='ltr'>purissimam,</span> <span class='ocrx_word' id='word_1_305' title='bbox 1253 2001 1449 2038; x_wconf 85' lang='lat' dir='ltr'>humanis</span> <span class='ocrx_word' id='word_1_306' title='bbox 1473 2000 1690 2038; x_wconf 82' lang='lat' dir='ltr'>affectibus</span> <span class='ocrx_word' id='word_1_307' title='bbox 1708 2000 1894 2039; x_wconf 83' lang='lat' dir='ltr'>vitiatur.</span> 
     </span>
     <span class='ocr_line' id='line_1_40' title="bbox 296 2054 1896 2104; baseline 0.001 -11"><span class='ocrx_word' id='word_1_308' title='bbox 296 2055 475 2093; x_wconf 84' lang='lat' dir='ltr'>Peccant</span> <span class='ocrx_word' id='word_1_309' title='bbox 506 2054 580 2104; x_wconf 88' lang='lat' dir='ltr'>qui</span> <span class='ocrx_word' id='word_1_310' title='bbox 614 2055 755 2093; x_wconf 90' lang='lat' dir='ltr'>odiose</span> <span class='ocrx_word' id='word_1_311' title='bbox 785 2055 1067 2093; x_wconf 88' lang='lat' dir='ltr'>vociferantur</span> <span class='ocrx_word' id='word_1_312' title='bbox 1104 2055 1149 2092; x_wconf 90' lang='lat' dir='ltr'>in</span> <span class='ocrx_word' id='word_1_313' title='bbox 1183 2055 1386 2092; x_wconf 87' lang='lat' dir='ltr'>hactenus</span> <span class='ocrx_word' id='word_1_314' title='bbox 1419 2057 1579 2103; x_wconf 87' lang='lat' dir='ltr'>recepta</span> <span class='ocrx_word' id='word_1_315' title='bbox 1616 2054 1762 2101; x_wconf 83' lang='lat' dir='ltr'>studia,</span> <span class='ocrx_word' id='word_1_316' title='bbox 1799 2054 1896 2094; x_wconf 79' lang='lat' dir='ltr'>licet</span> 
     </span>
     <span class='ocr_line' id='line_1_41' title="bbox 295 2109 1895 2159; baseline 0 -12"><span class='ocrx_word' id='word_1_317' title='bbox 295 2109 497 2147; x_wconf 87' lang='lat' dir='ltr'>infantia:</span> <span class='ocrx_word' id='word_1_318' title='bbox 540 2109 610 2147; x_wconf 90' lang='lat' dir='ltr'>sed</span> <span class='ocrx_word' id='word_1_319' title='bbox 642 2110 808 2159; x_wconf 88' lang='lat' dir='ltr'>grauius</span> <span class='ocrx_word' id='word_1_320' title='bbox 842 2111 1014 2158; x_wconf 86' lang='lat' dir='ltr'>peccant</span> <span class='ocrx_word' id='word_1_321' title='bbox 1042 2109 1114 2158; x_wconf 92' lang='lat' dir='ltr'>qui</span> <span class='ocrx_word' id='word_1_322' title='bbox 1147 2122 1371 2147; x_wconf 87' lang='lat' dir='ltr'>conscenso</span> <span class='ocrx_word' id='word_1_323' title='bbox 1403 2111 1613 2158; x_wconf 85' lang='lat' dir='ltr'>suggestu,</span> <span class='ocrx_word' id='word_1_324' title='bbox 1650 2109 1761 2147; x_wconf 84' lang='lat' dir='ltr'>vnde</span> <span class='ocrx_word' id='word_1_325' title='bbox 1790 2109 1895 2148; x_wconf 88' lang='lat' dir='ltr'>solet</span> 
     </span>
     <span class='ocr_line' id='line_1_42' title="bbox 296 2162 1893 2213; baseline 0.001 -13"><span class='ocrx_word' id='word_1_326' title='bbox 296 2163 431 2201; x_wconf 87' lang='lat' dir='ltr'>audiri</span> <span class='ocrx_word' id='word_1_327' title='bbox 450 2163 549 2201; x_wconf 85' lang='lat' dir='ltr'>tuba</span> <span class='ocrx_word' id='word_1_328' title='bbox 562 2163 812 2213; x_wconf 89' lang='lat' dir='ltr'>Euangelica</span> <span class='ocrx_word' id='word_1_329' title='bbox 828 2163 984 2202; x_wconf 86' lang='lat' dir='ltr'>Christi</span> <span class='ocrx_word' id='word_1_330' title='bbox 999 2163 1174 2212; x_wconf 89' lang='lat' dir='ltr'>gloriam</span> <span class='ocrx_word' id='word_1_331' title='bbox 1195 2175 1432 2212; x_wconf 87' lang='lat' dir='ltr'>personans,</span> <span class='ocrx_word' id='word_1_332' title='bbox 1451 2162 1644 2201; x_wconf 87' lang='lat' dir='ltr'>seditiose</span> <span class='ocrx_word' id='word_1_333' title='bbox 1663 2162 1893 2212; x_wconf 84' lang='lat' dir='ltr'>clamitant,</span> 
     </span>
     <span class='ocr_line' id='line_1_43' title="bbox 300 2217 1893 2265; baseline 0.001 -10"><span class='ocrx_word' id='word_1_334' title='bbox 300 2219 473 2255; x_wconf 81' lang='lat' dir='ltr'>‘Arc-ete</span> <span class='ocrx_word' id='word_1_335' title='bbox 505 2218 657 2256; x_wconf 84' lang='lat' dir='ltr'>liberos</span> <span class='ocrx_word' id='word_1_336' title='bbox 686 2220 847 2256; x_wconf 90' lang='lat' dir='ltr'>vestros</span> <span class='ocrx_word' id='word_1_337' title='bbox 879 2231 902 2255; x_wconf 92' lang='lat' dir='ltr'>a</span> <span class='ocrx_word' id='word_1_338' title='bbox 932 2218 1098 2256; x_wconf 86' lang='lat' dir='ltr'>Graecis</span> <span class='ocrx_word' id='word_1_339' title='bbox 1128 2217 1274 2265; x_wconf 81' lang='lat' dir='ltr'>literis,</span> <span class='ocrx_word' id='word_1_340' title='bbox 1306 2217 1402 2255; x_wconf 85' lang='lat' dir='ltr'>hinc</span> <span class='ocrx_word' id='word_1_341' title='bbox 1432 2218 1660 2254; x_wconf 89' lang='lat' dir='ltr'>nascuntur</span> <span class='ocrx_word' id='word_1_342' title='bbox 1692 2217 1893 2256; x_wconf 85' lang='lat' dir='ltr'>haereses.</span> 
     </span>
     <span class='ocr_line' id='line_1_44' title="bbox 299 2271 1895 2321; baseline 0.001 -13"><span class='ocrx_word' id='word_1_343' title='bbox 299 2271 360 2309; x_wconf 92' lang='lat' dir='ltr'>Ne</span> <span class='ocrx_word' id='word_1_344' title='bbox 387 2272 546 2321; x_wconf 87' lang='lat' dir='ltr'>tangite</span> <span class='ocrx_word' id='word_1_345' title='bbox 566 2272 697 2310; x_wconf 87' lang='lat' dir='ltr'>libros</span> <span class='ocrx_word' id='word_1_346' title='bbox 716 2272 831 2310; x_wconf 89' lang='lat' dir='ltr'>illius</span> <span class='ocrx_word' id='word_1_347' title='bbox 859 2274 900 2310; x_wconf 86' lang='lat' dir='ltr'>et</span> <span class='ocrx_word' id='word_1_348' title='bbox 921 2272 1262 2321; x_wconf 85' lang='lat' dir='ltr'>illius’,-—neque</span> <span class='ocrx_word' id='word_1_349' title='bbox 1285 2272 1398 2309; x_wconf 87' lang='lat' dir='ltr'>enim</span> <span class='ocrx_word' id='word_1_350' title='bbox 1425 2285 1448 2309; x_wconf 89' lang='lat' dir='ltr'>a</span> <span class='ocrx_word' id='word_1_351' title='bbox 1473 2271 1714 2309; x_wconf 85' lang='lat' dir='ltr'>nominibus</span> <span class='ocrx_word' id='word_1_352' title='bbox 1739 2274 1895 2321; x_wconf 88' lang='lat' dir='ltr'>tempe-</span> 
     </span>
     <span class='ocr_line' id='line_1_45' title="bbox 298 2325 1894 2376; baseline 0.001 -13"><span class='ocrx_word' id='word_1_353' title='bbox 298 2327 457 2364; x_wconf 81' lang='lat' dir='ltr'>rant—‘</span> <span class='ocrx_word' id='word_1_354' title='bbox 474 2326 545 2375; x_wconf 88' lang='lat' dir='ltr'>qui</span> <span class='ocrx_word' id='word_1_355' title='bbox 573 2327 742 2376; x_wconf 88' lang='lat' dir='ltr'>corrigit</span> <span class='ocrx_word' id='word_1_356' title='bbox 772 2326 1061 2365; x_wconf 88' lang='lat' dir='ltr'>Precationem</span> <span class='ocrx_word' id='word_1_357' title='bbox 1090 2325 1364 2373; x_wconf 82' lang='lat' dir='ltr'>Dominicam‚</span> <span class='ocrx_word' id='word_1_358' title='bbox 1388 2325 1459 2374; x_wconf 93' lang='lat' dir='ltr'>qui</span> <span class='ocrx_word' id='word_1_359' title='bbox 1487 2325 1662 2374; x_wconf 85' lang='lat' dir='ltr'>castigat</span> <span class='ocrx_word' id='word_1_360' title='bbox 1689 2326 1894 2364; x_wconf 84' lang='lat' dir='ltr'>canticum</span> 
     </span>
    </p>
   </div>
   <div class='ocr_carea' id='block_1_10' title="bbox 296 2409 1895 2974">
    <p class='ocr_par' dir='ltr' id='par_1_10' title="bbox 296 2409 1895 2974">
     <span class='ocr_line' id='line_1_46' title="bbox 340 2409 1894 2451; baseline -0.001 -8"><span class='ocrx_word' id='word_1_361' title='bbox 340 2415 392 2451; x_wconf 84' lang='lat'>46.</span> <span class='ocrx_word' id='word_1_362' title='bbox 412 2414 567 2444; x_wconf 89' lang='lat' dir='ltr'>nimium</span> <span class='ocrx_word' id='word_1_363' title='bbox 585 2424 642 2444; x_wconf 67' lang='lat' dir='ltr'>om.</span> <span class='ocrx_word' id='word_1_364' title='bbox 662 2425 692 2444; x_wconf 87' lang='grc' dir='ltr'>α.</span> <span class='ocrx_word' id='word_1_365' title='bbox 773 2413 969 2443; x_wconf 84' lang='lat' dir='ltr'>violentius</span> <span class='ocrx_word' id='word_1_366' title='bbox 983 2436 991 2443; x_wconf 88' lang='lat'>.</span> <span class='ocrx_word' id='word_1_367' title='bbox 1007 2436 1013 2441; x_wconf 91' lang='lat'>.</span> <span class='ocrx_word' id='word_1_368' title='bbox 1030 2435 1038 2442; x_wconf 93' lang='lat'>.</span> <span class='ocrx_word' id='word_1_369' title='bbox 1052 2412 1104 2450; x_wconf 86' lang='lat'>58.</span> <span class='ocrx_word' id='word_1_370' title='bbox 1122 2411 1258 2441; x_wconf 82' lang='lat' dir='ltr'>colonis</span> <span class='ocrx_word' id='word_1_371' title='bbox 1274 2411 1296 2444; x_wconf 86' lang='grc' dir='ltr'>β</span> <span class='ocrx_word' id='word_1_372' title='bbox 1315 2411 1383 2450; x_wconf 82' lang='lat'>(51.</span> <span class='ocrx_word' id='word_1_373' title='bbox 1399 2409 1517 2449; x_wconf 87' lang='lat' dir='ltr'>potius</span> <span class='ocrx_word' id='word_1_374' title='bbox 1533 2412 1606 2440; x_wconf 76' lang='lat' dir='ltr'>add.</span> <span class='ocrx_word' id='word_1_375' title='bbox 1626 2421 1650 2441; x_wconf 87' lang='grc' dir='ltr'>ε.</span> <span class='ocrx_word' id='word_1_376' title='bbox 1727 2420 1779 2450; x_wconf 88' lang='lat'>57.</span> <span class='ocrx_word' id='word_1_377' title='bbox 1794 2411 1894 2442; x_wconf 85' lang='lat' dir='ltr'>velut</span> 
     </span>
     <span class='ocr_line' id='line_1_47' title="bbox 296 2453 1894 2497; baseline -0.001 -10"><span class='ocrx_word' id='word_1_378' title='bbox 296 2458 329 2497; x_wconf 74' lang='grc' dir='ltr'>η)</span> <span class='ocrx_word' id='word_1_379' title='bbox 347 2469 353 2487; x_wconf 82' lang='lat'>2</span> <span class='ocrx_word' id='word_1_380' title='bbox 383 2457 523 2487; x_wconf 87' lang='lat' dir='ltr'>mauult</span> <span class='ocrx_word' id='word_1_381' title='bbox 540 2467 560 2486; x_wconf 83' lang='lat' dir='ltr'>a</span> <span class='ocrx_word' id='word_1_382' title='bbox 576 2457 720 2496; x_wconf 76' lang='lat' dir='ltr'>fastigio</span> <span class='ocrx_word' id='word_1_383' title='bbox 736 2457 845 2487; x_wconf 85' lang='lat' dir='ltr'>semel</span> <span class='ocrx_word' id='word_1_384' title='bbox 862 2456 1042 2496; x_wconf 88' lang='lat' dir='ltr'>depellere</span> <span class='ocrx_word' id='word_1_385' title='bbox 1060 2464 1167 2494; x_wconf 87' lang='lat' dir='ltr'>quam</span> <span class='ocrx_word' id='word_1_386' title='bbox 1186 2453 1361 2491; x_wconf 83' lang='lat' dir='ltr'>paulatim</span> <span class='ocrx_word' id='word_1_387' title='bbox 1378 2453 1552 2483; x_wconf 88' lang='lat' dir='ltr'>deducere</span> <span class='ocrx_word' id='word_1_388' title='bbox 1569 2465 1600 2484; x_wconf 87' lang='grc' dir='ltr'>α.</span> <span class='ocrx_word' id='word_1_389' title='bbox 1691 2463 1744 2493; x_wconf 87' lang='lat'>59.</span> <span class='ocrx_word' id='word_1_390' title='bbox 1771 2455 1810 2485; x_wconf 90' lang='lat' dir='ltr'>in</span> <span class='ocrx_word' id='word_1_391' title='bbox 1827 2455 1894 2485; x_wconf 87' lang='lat' dir='ltr'>hoc</span> 
     </span>
     <span class='ocr_line' id='line_1_48' title="bbox 297 2497 1895 2536; baseline -0.001 -6"><span class='ocrx_word' id='word_1_392' title='bbox 297 2500 548 2533; x_wconf 74' lang='lat' dir='ltr'>adhibenturss</span> <span class='ocrx_word' id='word_1_393' title='bbox 563 2512 570 2531; x_wconf 89' lang='lat'>:</span> <span class='ocrx_word' id='word_1_394' title='bbox 596 2502 646 2530; x_wconf 83' lang='lat' dir='ltr'>ita</span> <span class='ocrx_word' id='word_1_395' title='bbox 662 2503 747 2531; x_wconf 85' lang='lat' dir='ltr'>sunt</span> <span class='ocrx_word' id='word_1_396' title='bbox 763 2500 988 2531; x_wconf 81' lang='lat' dir='ltr'>adhibendae</span> <span class='ocrx_word' id='word_1_397' title='bbox 1004 2510 1035 2530; x_wconf 88' lang='grc' dir='ltr'>α.</span> <span class='ocrx_word' id='word_1_398' title='bbox 1125 2498 1357 2528; x_wconf 79' lang='lat' dir='ltr'>aboleantur.</span> <span class='ocrx_word' id='word_1_399' title='bbox 1372 2521 1379 2527; x_wconf 93' lang='lat'>.</span> <span class='ocrx_word' id='word_1_400' title='bbox 1392 2520 1399 2528; x_wconf 88' lang='lat'>.</span> <span class='ocrx_word' id='word_1_401' title='bbox 1418 2497 1470 2527; x_wconf 89' lang='lat'>61.</span> <span class='ocrx_word' id='word_1_402' title='bbox 1491 2497 1673 2536; x_wconf 78' lang='lat' dir='ltr'>magisque</span> <span class='ocrx_word' id='word_1_403' title='bbox 1686 2499 1709 2531; x_wconf 86' lang='grc' dir='ltr'>β</span> <span class='ocrx_word' id='word_1_404' title='bbox 1724 2509 1732 2528; x_wconf 87' lang='lat'><strong>:</strong></span> <span class='ocrx_word' id='word_1_405' title='bbox 1755 2498 1895 2529; x_wconf 85' lang='lat' dir='ltr'>abolea-</span> 
     </span>
     <span class='ocr_line' id='line_1_49' title="bbox 298 2541 1892 2583; baseline 0.001 -10"><span class='ocrx_word' id='word_1_406' title='bbox 298 2546 358 2573; x_wconf 86' lang='lat' dir='ltr'>tur</span> <span class='ocrx_word' id='word_1_407' title='bbox 374 2543 585 2574; x_wconf 82' lang='lat' dir='ltr'>scholastica</span> <span class='ocrx_word' id='word_1_408' title='bbox 600 2544 803 2583; x_wconf 81' lang='lat' dir='ltr'>disciplina,</span> <span class='ocrx_word' id='word_1_409' title='bbox 819 2544 880 2574; x_wconf 84' lang='lat' dir='ltr'>sed</span> <span class='ocrx_word' id='word_1_410' title='bbox 896 2545 936 2574; x_wconf 89' lang='lat' dir='ltr'>vt</span> <span class='ocrx_word' id='word_1_411' title='bbox 953 2542 1174 2583; x_wconf 84' lang='lat' dir='ltr'>purgatiores</span> <span class='ocrx_word' id='word_1_412' title='bbox 1191 2541 1267 2571; x_wconf 88' lang='lat' dir='ltr'>sint</span> <span class='ocrx_word' id='word_1_413' title='bbox 1284 2550 1323 2570; x_wconf 79' lang='lat' dir='ltr'>ac</span> <span class='ocrx_word' id='word_1_414' title='bbox 1342 2541 1454 2580; x_wconf 84' lang='lat' dir='ltr'>magis</span> <span class='ocrx_word' id='word_1_415' title='bbox 1468 2551 1499 2571; x_wconf 89' lang='grc' dir='ltr'>α.</span> <span class='ocrx_word' id='word_1_416' title='bbox 1589 2541 1640 2570; x_wconf 89' lang='lat'>62.</span> <span class='ocrx_word' id='word_1_417' title='bbox 1667 2541 1722 2571; x_wconf 83' lang='lat' dir='ltr'>Sit</span> <span class='ocrx_word' id='word_1_418' title='bbox 1739 2552 1823 2572; x_wconf 86' lang='lat' dir='ltr'>sane</span> <span class='ocrx_word' id='word_1_419' title='bbox 1837 2566 1844 2573; x_wconf 96' lang='lat'>.</span> <span class='ocrx_word' id='word_1_420' title='bbox 1858 2566 1866 2573; x_wconf 90' lang='lat'>.</span> <span class='ocrx_word' id='word_1_421' title='bbox 1883 2565 1892 2574; x_wconf 91' lang='lat'>.</span> 
     </span>
     <span class='ocr_line' id='line_1_50' title="bbox 298 2584 1894 2627; baseline -0.001 -10"><span class='ocrx_word' id='word_1_422' title='bbox 298 2597 349 2625; x_wconf 90' lang='lat'>72.</span> <span class='ocrx_word' id='word_1_423' title='bbox 367 2587 540 2617; x_wconf 82' lang='lat' dir='ltr'>bonorum</span> <span class='ocrx_word' id='word_1_424' title='bbox 553 2588 575 2620; x_wconf 82' lang='grc' dir='ltr'>β</span> <span class='ocrx_word' id='word_1_425' title='bbox 591 2588 658 2626; x_wconf 89' lang='lat'><strong>(67.</strong></span> <span class='ocrx_word' id='word_1_426' title='bbox 673 2588 697 2617; x_wconf 93' lang='lat' dir='ltr'>ii</span> <span class='ocrx_word' id='word_1_427' title='bbox 712 2589 734 2621; x_wconf 86' lang='grc' dir='ltr'>β</span> <span class='ocrx_word' id='word_1_428' title='bbox 747 2599 753 2618; x_wconf 90' lang='grc'>;</span> <span class='ocrx_word' id='word_1_429' title='bbox 779 2588 818 2618; x_wconf 90' lang='lat' dir='ltr'>hi</span> <span class='ocrx_word' id='word_1_430' title='bbox 832 2589 862 2627; x_wconf 88' lang='grc' dir='ltr'>δ)</span> <span class='ocrx_word' id='word_1_431' title='bbox 880 2599 886 2618; x_wconf 81' lang='lat'><em>2</em></span> <span class='ocrx_word' id='word_1_432' title='bbox 911 2587 1012 2627; x_wconf 81' lang='lat' dir='ltr'>Quod</span> <span class='ocrx_word' id='word_1_433' title='bbox 1024 2586 1054 2617; x_wconf 89' lang='lat' dir='ltr'>si</span> <span class='ocrx_word' id='word_1_434' title='bbox 1071 2585 1184 2624; x_wconf 88' lang='lat' dir='ltr'>quiin</span> <span class='ocrx_word' id='word_1_435' title='bbox 1199 2584 1273 2614; x_wconf 91' lang='lat' dir='ltr'>illis</span> <span class='ocrx_word' id='word_1_436' title='bbox 1287 2585 1563 2623; x_wconf 73' lang='lat' dir='ltr'>consenuerunt,</span> <span class='ocrx_word' id='word_1_437' title='bbox 1578 2594 1636 2614; x_wconf 82' lang='lat' dir='ltr'>eas</span> <span class='ocrx_word' id='word_1_438' title='bbox 1649 2584 1809 2616; x_wconf 88' lang='lat' dir='ltr'>ciuiliter</span> <span class='ocrx_word' id='word_1_439' title='bbox 1820 2595 1894 2616; x_wconf 85' lang='lat' dir='ltr'>am-</span> 
     </span>
     <span class='ocr_line' id='line_1_51' title="bbox 297 2627 1894 2670; baseline 0 -10"><span class='ocrx_word' id='word_1_440' title='bbox 297 2631 512 2670; x_wconf 78' lang='lat' dir='ltr'>plectantur,</span> <span class='ocrx_word' id='word_1_441' title='bbox 529 2632 636 2669; x_wconf 87' lang='lat' dir='ltr'>atque</span> <span class='ocrx_word' id='word_1_442' title='bbox 661 2631 791 2661; x_wconf 80' lang='lat' dir='ltr'>harum</span> <span class='ocrx_word' id='word_1_443' title='bbox 816 2631 1030 2670; x_wconf 84' lang='lat' dir='ltr'>professores</span> <span class='ocrx_word' id='word_1_444' title='bbox 1055 2629 1130 2660; x_wconf 90' lang='lat' dir='ltr'>illis</span> <span class='ocrx_word' id='word_1_445' title='bbox 1154 2637 1229 2659; x_wconf 83' lang='lat' dir='ltr'>sese</span> <span class='ocrx_word' id='word_1_446' title='bbox 1253 2627 1410 2657; x_wconf 75' lang='lat' dir='ltr'>vicissim</span> <span class='ocrx_word' id='word_1_447' title='bbox 1434 2628 1714 2668; x_wconf 79' lang='lat' dir='ltr'>accommodent,</span> <span class='ocrx_word' id='word_1_448' title='bbox 1731 2628 1894 2660; x_wconf 86' lang='lat' dir='ltr'>futurum</span> 
     </span>
     <span class='ocr_line' id='line_1_52' title="bbox 297 2671 1893 2712; baseline -0.001 -8"><span class='ocrx_word' id='word_1_449' title='bbox 297 2676 349 2705; x_wconf 80' lang='lat' dir='ltr'>est</span> <span class='ocrx_word' id='word_1_450' title='bbox 368 2676 406 2704; x_wconf 83' lang='lat' dir='ltr'>vt</span> <span class='ocrx_word' id='word_1_451' title='bbox 422 2676 572 2712; x_wconf 82' lang='lat' dir='ltr'>vtraque</span> <span class='ocrx_word' id='word_1_452' title='bbox 590 2684 644 2704; x_wconf 74' lang='lat' dir='ltr'>ros</span> <span class='ocrx_word' id='word_1_453' title='bbox 659 2674 764 2704; x_wconf 80' lang='lat' dir='ltr'>alteri</span> <span class='ocrx_word' id='word_1_454' title='bbox 782 2675 829 2705; x_wconf 81' lang='lat' dir='ltr'>sit</span> <span class='ocrx_word' id='word_1_455' title='bbox 846 2676 924 2705; x_wconf 88' lang='lat' dir='ltr'>turn</span> <span class='ocrx_word' id='word_1_456' title='bbox 938 2674 1018 2704; x_wconf 83' lang='lat' dir='ltr'>vsui</span> <span class='ocrx_word' id='word_1_457' title='bbox 1037 2675 1114 2703; x_wconf 89' lang='lat' dir='ltr'>tum</span> <span class='ocrx_word' id='word_1_458' title='bbox 1128 2672 1341 2702; x_wconf 85' lang='lat' dir='ltr'>ornamento</span> <span class='ocrx_word' id='word_1_459' title='bbox 1353 2682 1382 2702; x_wconf 89' lang='grc' dir='ltr'>α.</span> <span class='ocrx_word' id='word_1_460' title='bbox 1475 2680 1526 2709; x_wconf 85' lang='grc'>75.</span> <span class='ocrx_word' id='word_1_461' title='bbox 1550 2671 1773 2702; x_wconf 84' lang='lat' dir='ltr'>scholasticis</span> <span class='ocrx_word' id='word_1_462' title='bbox 1789 2682 1847 2703; x_wconf 81' lang='lat' dir='ltr'>om.</span> <span class='ocrx_word' id='word_1_463' title='bbox 1862 2684 1893 2703; x_wconf 85' lang='grc' dir='ltr'>α.</span> 
     </span>
     <span class='ocr_line' id='line_1_53' title="bbox 299 2714 1894 2757; baseline -0.001 -10"><span class='ocrx_word' id='word_1_464' title='bbox 299 2718 350 2756; x_wconf 88' lang='grc'>76.</span> <span class='ocrx_word' id='word_1_465' title='bbox 375 2717 454 2757; x_wconf 84' lang='lat' dir='ltr'>plus</span> <span class='ocrx_word' id='word_1_466' title='bbox 470 2718 672 2748; x_wconf 85' lang='lat' dir='ltr'>studiorum</span> <span class='ocrx_word' id='word_1_467' title='bbox 691 2728 797 2756; x_wconf 84' lang='lat' dir='ltr'>quam</span> <span class='ocrx_word' id='word_1_468' title='bbox 816 2718 994 2748; x_wconf 86' lang='lat' dir='ltr'>libertatis</span> <span class='ocrx_word' id='word_1_469' title='bbox 1009 2727 1067 2747; x_wconf 82' lang='lat' dir='ltr'>om.</span> <span class='ocrx_word' id='word_1_470' title='bbox 1086 2727 1116 2745; x_wconf 87' lang='grc' dir='ltr'>α.</span> <span class='ocrx_word' id='word_1_471' title='bbox 1210 2724 1259 2753; x_wconf 88' lang='grc'>79.</span> <span class='ocrx_word' id='word_1_472' title='bbox 1288 2714 1325 2744; x_wconf 88' lang='lat' dir='ltr'>in</span> <span class='ocrx_word' id='word_1_473' title='bbox 1343 2715 1518 2745; x_wconf 81' lang='lat' dir='ltr'>hactenus</span> <span class='ocrx_word' id='word_1_474' title='bbox 1534 2738 1542 2745; x_wconf 83' lang='lat'>.</span> <span class='ocrx_word' id='word_1_475' title='bbox 1562 2737 1569 2744; x_wconf 90' lang='lat'>.</span> <span class='ocrx_word' id='word_1_476' title='bbox 1589 2738 1597 2745; x_wconf 91' lang='lat'>.</span> <span class='ocrx_word' id='word_1_477' title='bbox 1617 2716 1670 2745; x_wconf 92' lang='lat'>80.</span> <span class='ocrx_word' id='word_1_478' title='bbox 1687 2715 1832 2754; x_wconf 82' lang='lat' dir='ltr'>grauius</span> <span class='ocrx_word' id='word_1_479' title='bbox 1848 2717 1894 2750; x_wconf 78' lang='lat' dir='ltr'>B:</span> 
     </span>
     <span class='ocr_line' id='line_1_54' title="bbox 298 2757 1894 2797; baseline 0 -6"><span class='ocrx_word' id='word_1_480' title='bbox 298 2761 525 2792; x_wconf 72' lang='lat' dir='ltr'>scholasticas</span> <span class='ocrx_word' id='word_1_481' title='bbox 548 2763 583 2791; x_wconf 90' lang='lat' dir='ltr'>et</span> <span class='ocrx_word' id='word_1_482' title='bbox 607 2760 765 2791; x_wconf 70' lang='lat' dir='ltr'>infantes</span> <span class='ocrx_word' id='word_1_483' title='bbox 787 2761 910 2791; x_wconf 88' lang='lat' dir='ltr'>literas</span> <span class='ocrx_word' id='word_1_484' title='bbox 927 2761 1023 2791; x_wconf 87' lang='lat' dir='ltr'>nihil</span> <span class='ocrx_word' id='word_1_485' title='bbox 1044 2759 1173 2790; x_wconf 77' lang='lat' dir='ltr'>habere</span> <span class='ocrx_word' id='word_1_486' title='bbox 1194 2758 1306 2788; x_wconf 83' lang='lat' dir='ltr'>bonae</span> <span class='ocrx_word' id='word_1_487' title='bbox 1329 2759 1392 2797; x_wconf 84' lang='lat' dir='ltr'>rci,</span> <span class='ocrx_word' id='word_1_488' title='bbox 1411 2759 1502 2788; x_wconf 83' lang='lat' dir='ltr'>sede</span> <span class='ocrx_word' id='word_1_489' title='bbox 1519 2757 1661 2788; x_wconf 86' lang='lat' dir='ltr'>diuerso</span> <span class='ocrx_word' id='word_1_490' title='bbox 1675 2769 1705 2789; x_wconf 87' lang='grc' dir='ltr'>α.</span> <span class='ocrx_word' id='word_1_491' title='bbox 1839 2760 1894 2791; x_wconf 87' lang='grc'>80.</span> 
     </span>
     <span class='ocr_line' id='line_1_55' title="bbox 298 2801 1892 2844; baseline -0.001 -9"><span class='ocrx_word' id='word_1_492' title='bbox 298 2806 460 2844; x_wconf 73' lang='lat' dir='ltr'>suggesto</span> <span class='ocrx_word' id='word_1_493' title='bbox 480 2815 513 2835; x_wconf 75' lang='lat' dir='ltr'>e:</span> <span class='ocrx_word' id='word_1_494' title='bbox 538 2806 576 2841; x_wconf 85' lang='lat' dir='ltr'>cs.</span> <span class='ocrx_word' id='word_1_495' title='bbox 598 2806 677 2841; x_wconf 62' lang='grc' dir='ltr'>ΕΜ).</span> <span class='ocrx_word' id='word_1_496' title='bbox 699 2806 792 2842; x_wconf 87' lang='lat'>1164.</span> <span class='ocrx_word' id='word_1_497' title='bbox 813 2814 866 2843; x_wconf 83' lang='lat'>25,</span> <span class='ocrx_word' id='word_1_498' title='bbox 886 2806 978 2843; x_wconf 90' lang='lat'><strong>1167.</strong></span> <span class='ocrx_word' id='word_1_499' title='bbox 997 2814 1052 2843; x_wconf 84' lang='lat'>34,</span> <span class='ocrx_word' id='word_1_500' title='bbox 1073 2802 1156 2841; x_wconf 92' lang='lat'>1196</span> <span class='ocrx_word' id='word_1_501' title='bbox 1172 2804 1228 2832; x_wconf 79' lang='lat' dir='ltr'>bis.</span> <span class='ocrx_word' id='word_1_502' title='bbox 1373 2802 1428 2832; x_wconf 90' lang='lat'>81.</span> <span class='ocrx_word' id='word_1_503' title='bbox 1451 2803 1497 2835; x_wconf 76' lang='lat' dir='ltr'>B:</span> <span class='ocrx_word' id='word_1_504' title='bbox 1523 2801 1731 2841; x_wconf 75' lang='lat' dir='ltr'>euangelica</span> <span class='ocrx_word' id='word_1_505' title='bbox 1755 2801 1840 2833; x_wconf 83' lang='lat' dir='ltr'>tuba</span> <span class='ocrx_word' id='word_1_506' title='bbox 1861 2814 1892 2833; x_wconf 88' lang='grc' dir='ltr'>α.</span> 
     </span>
     <span class='ocr_line' id='line_1_56' title="bbox 299 2844 1894 2885; baseline -0.001 -7"><span class='ocrx_word' id='word_1_507' title='bbox 299 2849 466 2879; x_wconf 70' lang='lat' dir='ltr'>seditiose</span> <span class='ocrx_word' id='word_1_508' title='bbox 483 2857 540 2878; x_wconf 83' lang='lat' dir='ltr'>om.</span> <span class='ocrx_word' id='word_1_509' title='bbox 559 2859 588 2877; x_wconf 88' lang='grc' dir='ltr'>α.</span> <span class='ocrx_word' id='word_1_510' title='bbox 694 2848 745 2879; x_wconf 89' lang='lat'>82.</span> <span class='ocrx_word' id='word_1_511' title='bbox 773 2848 903 2879; x_wconf 86' lang='lat' dir='ltr'>Arcete</span> <span class='ocrx_word' id='word_1_512' title='bbox 927 2872 935 2879; x_wconf 91' lang='lat'>.</span> <span class='ocrx_word' id='word_1_513' title='bbox 959 2871 967 2878; x_wconf 87' lang='lat'>.</span> <span class='ocrx_word' id='word_1_514' title='bbox 986 2871 994 2879; x_wconf 89' lang='lat'>.</span> <span class='ocrx_word' id='word_1_515' title='bbox 1013 2850 1065 2885; x_wconf 84' lang='lat'>83.</span> <span class='ocrx_word' id='word_1_516' title='bbox 1093 2846 1298 2885; x_wconf 78' lang='lat' dir='ltr'>temperant</span> <span class='ocrx_word' id='word_1_517' title='bbox 1321 2846 1365 2878; x_wconf 78' lang='lat' dir='ltr'>B:</span> <span class='ocrx_word' id='word_1_518' title='bbox 1395 2845 1447 2875; x_wconf 90' lang='lat' dir='ltr'>Ne</span> <span class='ocrx_word' id='word_1_519' title='bbox 1472 2846 1580 2875; x_wconf 84' lang='lat' dir='ltr'>sinite</span> <span class='ocrx_word' id='word_1_520' title='bbox 1604 2844 1735 2876; x_wconf 85' lang='lat' dir='ltr'>liberos</span> <span class='ocrx_word' id='word_1_521' title='bbox 1758 2849 1894 2878; x_wconf 86' lang='lat' dir='ltr'>vestros</span> 
     </span>
     <span class='ocr_line' id='line_1_57' title="bbox 298 2888 1891 2928; baseline 0 -7"><span class='ocrx_word' id='word_1_522' title='bbox 298 2893 433 2922; x_wconf 76' lang='lat' dir='ltr'>discere</span> <span class='ocrx_word' id='word_1_523' title='bbox 448 2891 597 2921; x_wconf 78' lang='lat' dir='ltr'>Graecas</span> <span class='ocrx_word' id='word_1_524' title='bbox 614 2891 736 2921; x_wconf 80' lang='lat' dir='ltr'>literas</span> <span class='ocrx_word' id='word_1_525' title='bbox 753 2903 760 2921; x_wconf 75' lang='grc' dir='ltr'>ε</span> <span class='ocrx_word' id='word_1_526' title='bbox 784 2902 826 2921; x_wconf 87' lang='lat' dir='ltr'>ex</span> <span class='ocrx_word' id='word_1_527' title='bbox 844 2892 900 2921; x_wconf 86' lang='lat' dir='ltr'>his</span> <span class='ocrx_word' id='word_1_528' title='bbox 914 2894 1111 2921; x_wconf 84' lang='lat' dir='ltr'>nascuntur</span> <span class='ocrx_word' id='word_1_529' title='bbox 1127 2889 1289 2919; x_wconf 73' lang='lat' dir='ltr'>haereses</span> <span class='ocrx_word' id='word_1_530' title='bbox 1305 2889 1340 2918; x_wconf 87' lang='lat' dir='ltr'>et</span> <span class='ocrx_word' id='word_1_531' title='bbox 1353 2889 1586 2919; x_wconf 81' lang='lat' dir='ltr'>Antichristi.</span> <span class='ocrx_word' id='word_1_532' title='bbox 1617 2888 1681 2919; x_wconf 82' lang='lat' dir='ltr'>Est</span> <span class='ocrx_word' id='word_1_533' title='bbox 1697 2888 1842 2928; x_wconf 85' lang='lat' dir='ltr'>quidam</span> <span class='ocrx_word' id='word_1_534' title='bbox 1859 2902 1891 2921; x_wconf 88' lang='grc' dir='ltr'>α.</span> 
     </span>
     <span class='ocr_line' id='line_1_58' title="bbox 298 2932 1812 2974; baseline -0.003 -8"><span class='ocrx_word' id='word_1_535' title='bbox 298 2937 352 2973; x_wconf 88' lang='lat'>84.</span> <span class='ocrx_word' id='word_1_536' title='bbox 378 2936 441 2974; x_wconf 91' lang='lat' dir='ltr'>qui</span> <span class='ocrx_word' id='word_1_537' title='bbox 458 2935 608 2974; x_wconf 82' lang='lat' dir='ltr'>castigat</span> <span class='ocrx_word' id='word_1_538' title='bbox 627 2959 632 2964; x_wconf 95' lang='lat'>.</span> <span class='ocrx_word' id='word_1_539' title='bbox 651 2957 660 2965; x_wconf 91' lang='lat'>.</span> <span class='ocrx_word' id='word_1_540' title='bbox 680 2960 686 2966; x_wconf 86' lang='lat'>.</span> <span class='ocrx_word' id='word_1_541' title='bbox 706 2936 759 2973; x_wconf 82' lang='lat'>85.</span> <span class='ocrx_word' id='word_1_542' title='bbox 784 2935 1010 2969; x_wconf 71' lang='lat' dir='ltr'>emendatfi:</span> <span class='ocrx_word' id='word_1_543' title='bbox 1035 2943 1074 2965; x_wconf 86' lang='lat' dir='ltr'>ac</span> <span class='ocrx_word' id='word_1_544' title='bbox 1093 2932 1308 2972; x_wconf 76' lang='lat' dir='ltr'>Magnfficat,</span> <span class='ocrx_word' id='word_1_545' title='bbox 1326 2933 1365 2962; x_wconf 88' lang='lat' dir='ltr'>vt</span> <span class='ocrx_word' id='word_1_546' title='bbox 1381 2934 1520 2971; x_wconf 80' lang='lat' dir='ltr'>vocant,</span> <span class='ocrx_word' id='word_1_547' title='bbox 1540 2932 1602 2971; x_wconf 89' lang='lat' dir='ltr'>qui</span> <span class='ocrx_word' id='word_1_548' title='bbox 1618 2932 1768 2971; x_wconf 81' lang='lat' dir='ltr'>castigat</span> <span class='ocrx_word' id='word_1_549' title='bbox 1783 2943 1812 2962; x_wconf 87' lang='grc' dir='ltr'>α.</span> 
     </span>
    </p>
   </div>
   <div class='ocr_carea' id='block_1_11' title="bbox 341 3031 1889 3117">
    <p class='ocr_par' dir='ltr' id='par_1_11' title="bbox 341 3031 1889 3117">
     <span class='ocr_line' id='line_1_59' title="bbox 341 3031 1746 3075; baseline -0.003 -11"><span class='ocrx_word' id='word_1_550' title='bbox 341 3045 393 3075; x_wconf 84' lang='grc'>57.</span> <span class='ocrx_word' id='word_1_551' title='bbox 419 3032 678 3073; x_wconf 83' lang='lat' dir='ltr'>irrumperent]</span> <span class='ocrx_word' id='word_1_552' title='bbox 696 3032 746 3063; x_wconf 90' lang='lat' dir='ltr'>Cf.</span> <span class='ocrx_word' id='word_1_553' title='bbox 765 3032 827 3071; x_wconf 81' lang='lat' dir='ltr'>Ep.</span> <span class='ocrx_word' id='word_1_554' title='bbox 852 3033 943 3070; x_wconf 89' lang='lat'>1167.</span> <span class='ocrx_word' id='word_1_555' title='bbox 965 3042 1012 3070; x_wconf 88' lang='lat'>14.</span> <span class='ocrx_word' id='word_1_556' title='bbox 1125 3031 1182 3062; x_wconf 80' lang='lat' dir='ltr'>Ov.</span> <span class='ocrx_word' id='word_1_557' title='bbox 1202 3034 1236 3062; x_wconf 87' lang='lat' dir='ltr'>F.</span> <span class='ocrx_word' id='word_1_558' title='bbox 1256 3040 1286 3069; x_wconf 90' lang='lat'>5.</span> <span class='ocrx_word' id='word_1_559' title='bbox 1306 3033 1369 3070; x_wconf 86' lang='lat'>634</span> <span class='ocrx_word' id='word_1_560' title='bbox 1387 3031 1459 3062; x_wconf 87' lang='lat' dir='ltr'>and</span> <span class='ocrx_word' id='word_1_561' title='bbox 1476 3031 1581 3062; x_wconf 87' lang='lat' dir='ltr'>other</span> <span class='ocrx_word' id='word_1_562' title='bbox 1596 3040 1746 3062; x_wconf 73' lang='lat' dir='ltr'>sources,</span> 
     </span>
     <span class='ocr_line' id='line_1_60' title="bbox 383 3074 1889 3117; baseline -0.001 -9"><span class='ocrx_word' id='word_1_563' title='bbox 383 3078 425 3108; x_wconf 88' lang='lat' dir='ltr'>de</span> <span class='ocrx_word' id='word_1_564' title='bbox 451 3076 573 3117; x_wconf 85' lang='lat' dir='ltr'>ponte]</span> <span class='ocrx_word' id='word_1_565' title='bbox 599 3078 662 3106; x_wconf 66' lang='lat' dir='ltr'>‚See</span> <span class='ocrx_word' id='word_1_566' title='bbox 686 3078 790 3113; x_wconf 64' lang='lat' dir='ltr'>Adags.</span> <span class='ocrx_word' id='word_1_567' title='bbox 817 3085 901 3114; x_wconf 82' lang='lat'>437;</span> <span class='ocrx_word' id='word_1_568' title='bbox 933 3076 1047 3115; x_wconf 76' lang='lat' dir='ltr'>cIting</span> <span class='ocrx_word' id='word_1_569' title='bbox 1168 3076 1220 3113; x_wconf 87' lang='lat'>84.</span> <span class='ocrx_word' id='word_1_570' title='bbox 1246 3074 1506 3115; x_wconf 67' lang='lat' dir='ltr'>Precationem]</span> <span class='ocrx_word' id='word_1_571' title='bbox 1520 3075 1571 3106; x_wconf 87' lang='lat' dir='ltr'>Cf.</span> <span class='ocrx_word' id='word_1_572' title='bbox 1582 3074 1889 3114; x_wconf 82' lang='lat' dir='ltr'>Ep.948.108,114.</span> 
     </span>
    </p>
   </div>
  </div>
 </body>
</html>
