1990 3353
316 101 396 139 492
786 100 1035 139 LETTERS
1074 101 1144 139 OF
1183 100 1450 140 ERASMUS
1791 97 1833 154 [1
1843 114 1888 150 52
1900 114 1915 138 1

316 210 522 260 legendos,
556 210 712 248 addens
741 223 791 247 ex
821 209 1013 260 Dionysii
1041 211 1158 249 libris
1188 224 1272 249 non
1301 210 1550 249 tantundem
1577 210 1737 248 fructus
1766 210 1921 260 percipi

237 277 296 309 225
318 266 521 315 quantum
559 264 674 302 tituli
706 264 930 302 videantur
967 265 1164 314 polliceri.
1238 265 1445 303 Lutherus
1479 265 1694 303 hominem
1727 265 1919 314 ineptum

318 321 448 363 vocat,
473 321 519 356 vt
538 318 702 367 accipio,
725 321 766 356 et
787 319 958 356 omnino
978 320 1089 357 lectu
1109 319 1340 370 indignum.

372 373 491 411 Bella
520 386 616 411 vero
646 373 927 421 congruentia,
952 374 986 411 si
1017 374 1127 424 quod
1157 388 1232 424 ego
1261 387 1334 423 per
1362 373 1617 412 occasionem
1638 386 1732 411 vere
1761 372 1849 410 dixi
1876 386 1925 411 ac

319 428 540 475 moderate,
564 427 669 465 alius
689 427 898 476 deprauet,
921 427 1030 466 vltra
1050 431 1164 478 septa
1184 428 1434 466 transiliens.
1475 426 1762 477 Iniquissimis
1781 429 1921 465 autem

318 481 481 530 legibus
501 494 663 519 mecum
684 484 829 531 agetur
852 482 888 519 si
912 484 1118 531 praestare
1141 496 1262 531 cogar
1289 496 1340 520 ne
1367 482 1461 532 quis
1487 481 1532 520 in
1555 484 1767 531 posterum
1793 481 1924 520 etiam

238 549 299 579 230
317 535 483 584 scriptis
513 536 618 573 meis
652 536 868 574 abutatur:
914 550 1016 586 quae
1050 537 1226 575 felicitas
1261 550 1312 574 ne
1347 537 1480 575 Paulo
1514 536 1682 586 quidem
1717 535 1923 585 Apostolo

316 590 502 639 contigit,
527 590 562 627 si
591 590 716 628 huius
746 590 924 640 collegae
956 591 1080 629 Petro
1109 592 1329 629 credimus.
1389 591 1649 640 Quanquam,
1672 592 1719 628 vt
1744 590 1921 640 ingenue

319 645 465 692 dicam,
489 644 524 682 si
545 645 813 694 praescissem
843 645 1086 684 huiusmodi
1115 646 1301 684 seculum
1333 645 1602 693 exoriturum,
1625 647 1697 683 aut
1722 657 1805 682 non
1826 644 1926 683 scri--

316 699 494 748 psissem
516 700 718 748 quaedam
740 713 843 748 quae
863 700 1018 749 scripsi,
1043 702 1114 738 aut
1138 701 1261 739 aliter
1282 700 1554 749 scripsissem.
1612 699 1680 738 Sic
1700 699 1813 737 enim
1833 712 1921 748 pro-

317 753 433 791 desse
454 754 647 802 cupimus
670 754 866 792 omnibus
885 756 941 801 vt,
964 755 999 792 si
1019 754 1108 792 fieri
1128 755 1271 804 possit,
1295 754 1508 792 neminem
1528 753 1752 791 laedamus.
1805 753 1925 802 Spar·

236 821 297 853 235
316 810 475 857 guntur
501 808 632 846 libelli
659 808 984 855 coniuratorum,
1007 810 1051 846 in
1079 810 1229 859 quibus
1258 809 1445 858 pingItur
1473 811 1514 846 et
1544 808 1756 847 Erasmus.
1816 807 1922 845 Mihi

316 875 415 901 vero
437 862 601 900 nullum
623 876 776 900 nomen
799 863 980 901 inuisius
1007 877 1133 913 quam
1160 863 1461 901 coniurationis
1489 865 1560 901 aut
1587 862 1824 900 schismatis
1850 864 1921 900 aut

316 917 520 954 factionis.

373 972 477 1008 Tota
506 972 603 1008 haec
631 971 766 1020 qualis
793 971 928 1021 qualis
953 974 1015 1010 est
1041 972 1180 1010 fabula
1199 986 1266 1010 me
1287 972 1532 1010 dehortante
1552 973 1694 1020 coepta
1714 973 1788 1018 est,
1810 972 1926 1008 certe

317 1026 489 1063 modum
508 1028 745 1064 constanter
765 1027 1038 1075 improbante.
1083 1028 1197 1065 Meae
1212 1028 1352 1066 literae
1373 1026 1479 1064 nulli
1496 1026 1669 1064 factioni
1687 1025 1923 1063 seruierunt

237 1088 298 1120 240
318 1093 515 1129 vnquam,
531 1093 657 1128 quam
671 1080 839 1129 Christi,
857 1082 928 1130 qui
944 1082 1180 1119 communis
1196 1084 1260 1119 est
1275 1081 1477 1120 omnium.
1521 1080 1629 1128 Quid
1645 1080 1722 1118 hoc
1737 1079 1918 1129 ingenio,

317 1134 415 1183 quid
442 1134 510 1172 his
534 1134 669 1172 literis
688 1135 852 1173 valeam
874 1135 1035 1183 nescio;
1065 1139 1176 1174 certe
1202 1138 1373 1174 conatus
1399 1148 1493 1173 sum
1520 1138 1560 1172 et
1585 1134 1706 1183 cupio
1731 1134 1927 1183 prodesse

318 1202 401 1226 non
433 1189 556 1226 modo
587 1189 817 1237 Germanis,
845 1190 915 1228 sed
947 1190 1090 1234 Gallis,
1119 1191 1333 1240 Hispanis,
1359 1190 1584 1233 Britannis,
1608 1189 1817 1235 Bohemis‚
1842 1188 1922 1226 Ru-

318 1243 440 1290 tenis,
463 1246 585 1292 atque
615 1243 715 1281 adeo
744 1245 888 1282 Turcis
917 1258 1080 1293 quoque
1108 1258 1153 1282 ac
1183 1245 1427 1292 sarracenis,
1458 1245 1492 1282 si
1523 1256 1681 1294 queam.
1739 1243 1923 1281 Tantum

318 1297 431 1335 abest
461 1302 507 1336 vt
540 1298 711 1335 factioni
744 1301 830 1336 tam
860 1299 1113 1347 periculosae
1141 1314 1208 1338 me
1237 1299 1443 1337 voluerim
1472 1311 1657 1348 vnquam
1686 1297 1921 1335 admiscere.

236 1361 297 1393 245
320 1353 459 1401 Atque
497 1352 670 1390 interim
708 1353 973 1402 prudentiam
1013 1354 1139 1392 etiam
1177 1354 1365 1392 desidero
1400 1353 1445 1390 in
1478 1353 1544 1390 his
1579 1353 1650 1401 qui
1684 1351 1922 1389 huiusmodi

319 1407 481 1444 technis
502 1420 739 1455 quenquam
759 1407 870 1446 allici
890 1421 1006 1456 posse
1027 1409 1201 1446 credunt
1221 1409 1262 1446 in
1284 1411 1416 1446 castra
1433 1420 1517 1445 sua.
1579 1407 1623 1445 Si
1644 1420 1767 1456 quem
1790 1406 1924 1444 corda—

318 1464 409 1498 tum
440 1461 578 1498 virum
608 1462 787 1500 alienare
816 1463 984 1511 vellent,
1010 1476 1091 1512 qua
1121 1463 1280 1501 ratione
1308 1463 1349 1500 id
1379 1463 1519 1511 potius
1547 1462 1765 1500 facerent?
1815 1460 1923 1498 Satis

319 1518 460 1552 autem
481 1515 691 1553 declarant
711 1517 866 1565 συκίνην
885 1530 983 1565 esse,
1007 1518 1114 1566 quod
1136 1518 1266 1564 aiunt,
1292 1517 1512 1566 ἐπικουρίαν,
1537 1529 1667 1565 quum
1694 1516 1738 1553 in
1766 1528 1810 1552 re
1837 1517 1923 1552 tam

318 1569 546 1618 periculosa
575 1570 731 1608 talibus
756 1571 894 1609 fidunt
920 1571 1148 1620 praesidiis.
1206 1573 1269 1609 Ac
1298 1572 1448 1610 misere
1477 1584 1621 1610 vereor
1650 1583 1701 1607 ne
1731 1582 1795 1607 res
1822 1569 1927 1607 haec

236 1638 300 1670 250
318 1625 427 1672 apud
458 1624 636 1674 reliquas
665 1625 856 1663 nationes
884 1625 1035 1675 ingens
1065 1626 1241 1664 dedecus
1270 1627 1426 1664 adferat
1461 1627 1625 1663 nostrae
1659 1624 1920 1670 Germaniae,

319 1678 670 1727 quemadmodum
685 1680 839 1729 vulgus
858 1681 1079 1718 hominum
1100 1681 1203 1719 solet
1224 1693 1450 1731 paucorum
1465 1679 1692 1718 stulticiam
1709 1678 1924 1716 vniuersae

318 1733 478 1770 nationi
498 1733 717 1782 imputare.
1407 1754 1411 1758 *

377 1787 454 1824 Tot
474 1787 605 1835 igitur
625 1789 832 1826 atrocibus
851 1789 1019 1837 libellis,
1044 1791 1107 1827 tot
1130 1789 1270 1837 fumis,
1295 1791 1356 1827 tot
1377 1787 1713 1827 formidabilibus
1733 1787 1862 1825 minis
1882 1789 1923 1824 et

322 1841 532 1890 ampullis,
565 1856 727 1891 quaeso,
761 1843 860 1892 quid
890 1844 1004 1882 aliud
1034 1846 1175 1882 actum
1204 1846 1267 1881 est
1296 1843 1377 1881 nisi
1406 1845 1452 1881 vt
1481 1842 1588 1892 quod
1619 1844 1714 1879 ante
1744 1841 1925 1890 disputa-

240 1904 300 1936 255
322 1896 445 1933 batur
464 1896 509 1933 in
530 1896 682 1934 scholis
700 1898 816 1935 velut
836 1899 977 1946 opinio
999 1899 1231 1947 probabilis,
1255 1898 1425 1947 posthac
1451 1898 1506 1935 sit
1533 1896 1733 1934 articulus
1753 1896 1861 1943 fidei,
1883 1898 1923 1932 et

320 1950 404 1987 iam
423 1950 490 1988 vel
511 1950 788 2000 Euangelium
810 1965 958 2001 parum
978 1955 1120 1990 tutum
1141 1952 1196 1990 sit
1216 1953 1369 1999 docere,
1393 1952 1494 1990 dum
1520 1950 1769 1989 exulceratis
1795 1950 1923 1987 omni·

320 2004 399 2042 bus
418 2004 526 2042 nihil
547 2018 630 2042 non
652 2006 809 2055 rapitur
833 2007 884 2044 ad
904 2007 1157 2045 calumniam
1174 2009 1194 2045 Ῥ
1242 2006 1408 2044 Poterat
1429 2006 1638 2044 Lutherus
1658 2017 1809 2054 magno
1829 2017 1923 2042 cum

320 2058 460 2096 fructu
490 2060 719 2098 Christiani
745 2061 880 2110 gregis
909 2062 1067 2099 tradere
1099 2061 1408 2111 philosophiam
1437 2060 1742 2108 Euangelicam‚
1766 2060 1925 2108 poterat

321 2113 516 2151 aedendis
536 2114 654 2151 libris
674 2116 867 2164 prodesse
888 2116 1058 2164 mundo,
1083 2117 1119 2153 si
1139 2116 1190 2153 ab
1212 2116 1278 2154 his
1299 2118 1567 2164 temperasset
1588 2127 1690 2163 quae
1709 2126 1795 2150 non
1813 2115 1925 2162 pote-

241 2171 304 2204 260
322 2169 416 2205 rant
444 2181 529 2205 non
559 2168 671 2205 exire
699 2169 743 2206 in
773 2170 1017 2208 tumultum.
1077 2170 1182 2208 Meis
1206 2183 1369 2219 quoquc
1393 2168 1751 2207 lucubrationibus
1772 2167 1924 2205 bonam

323 2222 475 2270 captati
502 2224 662 2260 fructus
685 2226 844 2272 partem
866 2225 1055 2262 detraxit.
1115 2224 1177 2262 Ne
1198 2224 1499 2273 disputationes
1519 2223 1688 2272 quidem
1708 2222 1753 2259 in
1773 2222 1925 2259 scholis

322 2275 474 2314 liberae
504 2281 616 2320 sunt,
647 2291 750 2326 quae
776 2278 914 2316 solent
942 2292 1031 2317 esse
1060 2279 1308 2316 liberrimae.
1370 2278 1417 2315 Si
1436 2278 1495 2316 fas
1516 2278 1624 2315 esset
1645 2276 1778 2313 odisse
1798 2288 1929 2324 quen--

323 2342 449 2378 quam
488 2330 539 2368 ob
579 2332 765 2380 priuatas
800 2333 987 2379 offensas,
1026 2333 1241 2371 neminem
1281 2333 1413 2381 magis
1451 2332 1660 2370 laeserunt
1699 2329 1926 2368 Lutherani

323 2397 449 2432 quam
482 2398 560 2423 me.
621 2385 676 2423 Et
696 2389 835 2424 tamen
857 2388 1034 2436 optarim
1056 2388 1129 2425 illo
1149 2387 1265 2425 saluo
1285 2387 1362 2424 hoc
1381 2387 1504 2435 longe
1524 2384 1926 2435 perniciosissimum

241 2444 303 2486 265
323 2438 545 2476 dissidium
572 2440 776 2488 componi,
801 2444 842 2479 et
862 2441 915 2479 iis
935 2442 1166 2479 rationibus
1186 2441 1389 2489 componi,
1415 2453 1466 2477 ne
1490 2443 1584 2490 post
1612 2439 1798 2488 grauiore
1828 2451 1924 2476 cum

322 2492 505 2541 periculo
524 2498 725 2543 erumpat,
748 2496 1096 2544 quemadmodum
1117 2495 1252 2533 solent
1273 2496 1382 2533 male
1402 2496 1539 2532 curata
1558 2494 1704 2531 Vlcera.

379 2546 498 2584 Dices
519 2547 636 2594 mihi,
662 2548 901 2587 charissime
926 2550 1038 2597 Iona,
1064 2563 1262 2599 quorsum
1285 2549 1392 2587 mihi
1413 2550 1520 2586 texis
1539 2549 1663 2586 istam
1684 2548 1767 2585 iam
1790 2559 1927 2584 seram

323 2600 535 2648 querelam
548 2602 569 2639 ⁵?
624 2601 818 2641 Primum
845 2603 897 2641 ob
924 2604 1010 2649 hoc,
1035 2607 1081 2642 vt
1102 2617 1339 2653 quanquam
1360 2617 1424 2640 res
1444 2603 1609 2652 longius
1628 2613 1843 2651 progressa
1862 2604 1925 2638 est

324 2667 449 2702 quam
489 2656 682 2703 oportuit,
718 2660 858 2695 tamen
892 2659 1123 2696 etiamnum
1159 2658 1409 2707 aduigiletur
1443 2658 1478 2695 si
1513 2670 1595 2706 quo
1627 2656 1749 2694 modo
1783 2657 1931 2692 tantus>

368 2806 441 2835 224.
471 2795 651 2835 Dionysii]
667 2796 721 2829 Cf.
739 2797 799 2836 Ep.
821 2808 880 2828 122
907 2822 912 2828 .
933 2808 1049 2837 235-7.
1204 2809 1278 2836 242.
1306 2798 1471 2839 Rutenis]
1488 2799 1551 2829 See
1570 2798 1633 2838 Ep.
1655 2807 1747 2836 1177.
1769 2806 1844 2836 1311.

368 2850 442 2878 230.
469 2840 591 2879 Paulo]
609 2840 659 2871 Cf.
679 2850 698 2869 2
717 2841 822 2871 Peter
837 2851 868 2880 3.
890 2851 942 2880 15,
962 2843 1010 2872 16.
1204 2851 1275 2880 243.
1303 2842 1438 2881 Turcis]
1455 2842 1509 2874 Cf.
1527 2842 1589 2881 Ep.
1612 2850 1705 2879 1041.
1724 2841 1804 2872 2811.

368 2893 442 2922 235.
467 2885 503 2913 et
521 2883 700 2923 Erasmus]
718 2885 820 2914 Asin
832 2887 883 2915 Ex
894 2889 1091 2917 obscurorum
1204 2887 1278 2923 248.
1303 2885 1445 2925 συκίνην]
1470 2886 1521 2917 Cf.
1537 2888 1642 2922 Aday.
1661 2885 1736 2922 685.

322 2929 459 2957 virorum
480 2929 598 2956 salibus
614 2930 765 2958 ‹ambi-atus
780 2930 922 2966 dialoyus
937 2941 944 2959 :
962 2929 1045 2960 Eov.
1066 2930 1088 2968 i,
1204 2938 1278 2967 250.
1304 2931 1445 2960 nostrae
1494 2927 1723 2968 Germaniae]
1770 2927 1820 2958 Of.
1861 2927 1928 2967 Ep..

325 2980 382 3009 pp.
401 2971 543 3009 301—16.
591 2970 641 3001 Cf.
660 2971 733 3001 also
751 2971 813 3010 Ep.
835 2981 953 3011 145911.
1164 2982 1254 3003 1111.
1273 2973 1353 3003 8111.
