1990 3353
329 152 406 190 174
800 152 1050 195 LETTERS
1089 154 1158 191 OF
1196 153 1460 193 ERASMUS
1795 150 1834 206 [1
1844 165 1922 202 520

242 260 303 292 555
324 253 371 290 vt
401 251 478 290 tibi
506 250 686 289 liberum
716 253 834 299 esset,
871 251 907 289 si
942 265 1007 290 res
1036 251 1262 290 admodum
1292 254 1467 301 vrgeret,
1499 251 1646 290 sistere
1675 265 1845 290 cursum
1874 252 1918 290 in

326 306 463 344 medio
493 306 679 356 impetu;
709 308 781 343 aut
811 305 846 344 si
875 306 981 344 forte
1009 319 1111 355 opus
1141 306 1359 357 procedere
1378 307 1585 355 patereris,
1609 308 1773 344 tantum
1793 306 1918 344 inter-

325 360 540 398 missionis
573 362 872 409 impetraturus
905 373 1024 407 esses,
1059 374 1140 410 quo
1171 360 1415 410 respondere
1444 361 1599 398 interea
1627 360 1841 410 potuisses,
1875 361 1920 398 vt

325 414 482 453 simul
470 427 514 452 m
534 414 747 463 publicum
767 415 978 452 aeder-etin
997 427 1092 452 cum
1112 427 1205 453 meo
1224 428 1345 464 opere
1364 415 1490 452 etiam
1510 417 1581 453 tua
1599 414 1823 464 responsio.

380 468 475 517 Ipse
506 469 640 506 fassus
675 481 718 506 es
747 468 854 507 mihi
884 468 1114 517 subiidens,
1151 468 1315 507 etiamsi
1349 469 1592 518 pellexisset
1626 468 1916 518 typographus,

242 526 305 567 560
324 522 451 560 fuisse
471 524 612 560 tamen
632 535 720 560 rem
741 523 1088 571 protrahendam‘
1077 536 1122 561 111
1143 523 1312 562 tertium
1331 536 1529 563 mensem.
1552 536 1681 572 quum
1703 523 1738 560 is
1756 535 1920 561 mecum

325 577 596 626 transegisset
617 576 693 614 vt
682 590 725 613 111
756 577 923 614 teitiam
953 577 1220 615 ebdomadam
1246 580 1459 627 piostaiet.
1519 577 1639 615 Vnde
1669 590 1753 615 non
1778 577 1920 615 obscu-

326 644 420 668 rum
455 633 517 669 est
550 632 590 668 te
621 630 765 668 dolum
797 631 997 669 struxisse
1029 631 1146 669 mihi.
1208 631 1292 669 Nec
1325 632 1450 669 etiam
1486 632 1634 669 desunt
1668 631 1739 680 qui
1771 633 1920 681 putant

323 685 495 723 allatam
527 685 578 722 ad
608 687 648 723 te
682 685 862 735 primam
893 685 1122 723 chartulam
1152 685 1297 724 furtim
1330 698 1531 724 excusam.
1592 686 1719 724 Cuius
1751 685 1811 723 rei
1839 685 1920 724 duo

324 738 430 777 mihi
448 739 573 777 fidem
592 737 773 777 faciunt:
803 740 980 777 alterum
1001 740 1108 789 quod
1130 741 1423 790 typographus,
1445 742 1664 789 postquam
1687 739 1920 778 retrocessit

242 796 304 837 565
326 806 349 830 a
375 795 504 842 pacto,
535 793 720 831 monitus
747 807 770 831 a
799 807 865 831 me
891 796 937 832 vt
963 794 1214 832 characteres
1243 808 1265 832 a
1293 794 1535 832 retinaculis
1564 795 1605 831 in
1637 793 1805 832 cellulas
1825 805 1921 832 suas

326 849 471 886 statim
491 860 583 885 meo
604 848 782 897 quodam
804 851 1015 897 spectante
1032 848 1297 886 distribueret
1313 852 1476 898 (nempe
1496 851 1536 886 et
1553 849 1626 886 has
1643 848 1811 886 technas
1832 848 1920 897 ipse

326 903 419 939 tum
445 902 681 951 praesensi),
709 902 890 940 noluerit
914 902 955 940 id
983 903 1126 949 facere,
1158 915 1286 952 quum
1315 903 1468 952 alioqui
1493 903 1610 940 nulla
1635 905 1744 940 esset
1771 902 1920 940 idonea

326 968 445 994 causa
465 969 536 994 cur
556 956 686 994 facere
710 958 927 1005 recusaret,
952 957 1036 995 nisi
1055 960 1101 994 vt
1122 957 1437 1007 quaternionem
1458 957 1605 995 furtim
1625 970 1822 995 excusum
1840 956 1918 994 tibi

325 1010 540 1059 proderet3
569 1010 747 1049 alterum
768 1011 874 1060 quod
895 1025 917 1049 e
936 1011 1021 1049 tuis
1036 1011 1204 1061 quidam
1220 1011 1345 1060 primi
1358 1011 1473 1049 illius
1489 1010 1774 1060 quaternionis
1794 1023 1919 1060 quan·

243 1076 305 1108 570
326 1064 421 1102 dam
440 1064 754 1103 annotationem
773 1065 965 1103 audiente
985 1065 1164 1115 quodam
1184 1079 1276 1103 meo
1297 1066 1540 1104 recitauerit.
1603 1065 1713 1113 Quin
1739 1066 1781 1103 et
1807 1069 1920 1114 typo·

325 1119 507 1168 graphus
526 1119 613 1168 ipse
633 1119 740 1157 hanc
755 1120 985 1168 praetexuit
1004 1120 1319 1167 excusationem,
1335 1134 1356 1158 e
1372 1120 1494 1158 sociis
1513 1120 1719 1169 quendam
1738 1119 1919 1158 voluisse

324 1172 403 1210 tibi
424 1172 632 1211 chartulas
650 1173 792 1212 statim
818 1187 842 1211 a
863 1174 998 1223 praelo
1021 1174 1262 1224 prodidisse,
1286 1177 1326 1212 et
1350 1176 1561 1224 propterea
1585 1173 1806 1212 desciuisse
1832 1186 1874 1211 se
1897 1186 1921 1211 a

324 1227 522 1276 pactione,
547 1241 598 1265 ne
619 1227 754 1265 alieno
777 1227 928 1266 scelere
948 1229 1022 1266 hac
1041 1228 1132 1266 labe
1153 1231 1424 1278 spargeretur.
1485 1229 1540 1266 Et
1565 1230 1704 1266 tamen
1725 1227 1917 1277 quicquid

324 1281 396 1319 ille
416 1294 527 1319 nunc
547 1282 785 1329 mentiatur,
805 1284 962 1321 certum
984 1285 1045 1321 est
1066 1282 1246 1333 seipsum
1267 1283 1533 1321 concinnasse
1549 1283 1660 1321 hunc
1679 1282 1833 1328 dolum,
1849 1281 1917 1320 sed

242 1343 303 1377 575
324 1336 396 1373 abs
414 1337 454 1373 te
473 1336 707 1385 pellectum.

379 1390 475 1428 Huc
504 1390 659 1428 accedit
690 1390 811 1438 quod,
849 1404 980 1440 quum
1013 1393 1155 1440 postea
1186 1391 1229 1428 in
1265 1392 1444 1441 quodam
1475 1393 1616 1429 nostro
1647 1390 1849 1440 colloquio
1877 1389 1919 1428 in

324 1444 481 1493 templo
497 1444 583 1482 diui
603 1445 717 1482 Petri
738 1445 911 1482 Louanii
931 1459 1141 1495 negassem
1157 1445 1285 1484 fuisse
1306 1459 1371 1483 me
1391 1446 1641 1483 traditurum
1662 1444 1919 1494 typographo

325 1498 491 1547 librum,
516 1498 597 1537 nisi
616 1498 705 1548 ipse
725 1499 957 1537 monuisses
973 1500 1013 1537 id
1030 1500 1107 1538 tibi
1119 1500 1403 1549 gratissimum
1418 1500 1515 1548 fore,
1536 1500 1657 1549 plane
1672 1499 1713 1536 in
1721 1498 1919 1537 ficiabaris

325 1554 366 1589 te
385 1566 567 1602 vnquam
588 1553 629 1590 id
650 1553 812 1591 dixisse.
872 1553 950 1592 Sed
973 1554 1054 1592 nisi
1067 1554 1199 1603 premi
1220 1556 1357 1603 posset
1377 1567 1529 1602 rumor,
1547 1553 1710 1591 dicebas
1724 1553 1919 1591 maluisse

243 1607 306 1649 580
325 1609 367 1644 te
387 1607 477 1646 aedi
497 1620 621 1657 quam
642 1607 773 1656 premi
795 1607 962 1646 librum.
1021 1610 1080 1647 At
1099 1608 1184 1646 iani
1204 1609 1320 1647 adest
1348 1608 1547 1658 quiddam
1573 1608 1723 1646 certius
1751 1607 1917 1646 indicio.

325 1660 498 1699 Possem
517 1661 734 1699 nominare
754 1662 819 1699 cui
840 1662 983 1700 dixisti
1001 1662 1084 1700 iam
1112 1663 1322 1712 poenitere
1347 1666 1387 1701 te
1412 1664 1520 1712 quod
1537 1662 1798 1711 *aeditionem
1821 1660 1920 1699 libri

324 1714 578 1764 impedisses.
635 1718 694 1754 At
725 1715 831 1754 nihil
864 1716 1004 1755 minus
1034 1718 1151 1755 credo
1186 1731 1308 1766 quam
1339 1717 1517 1755 voluisse
1544 1717 1669 1754 illum
1699 1716 1919 1766 quicquam

325 1769 480 1818 fingere
500 1771 644 1808 contra
663 1771 729 1808 te:
761 1783 858 1808 nam
879 1784 927 1808 ex
947 1771 1014 1809 his
1034 1774 1095 1810 est
1116 1772 1187 1821 qui
1207 1774 1246 1809 te
1266 1772 1497 1810 obseruant.

380 1823 607 1874 Postquam
631 1824 700 1862 hic
727 1824 809 1862 iam
839 1825 1046 1863 reiecisset
1075 1839 1172 1873 rem,
1207 1825 1443 1873 Hillenium
1473 1827 1614 1875 postea
1642 1827 1782 1872 tento3
1812 1827 1853 1863 et
1882 1824 1917 1862 is

242 1879 304 1920 585
325 1890 450 1927 prope
469 1878 656 1917 ambiens
675 1891 773 1925 rem⁷
798 1879 909 1917 diem
929 1879 1029 1918 dicit
1053 1880 1246 1918 Mercurii
1260 1881 1447 1918 futurum
1464 1881 1514 1918 ad
1528 1879 1758 1929 auspicium
1770 1879 1915 1929 operis.

323 1932 405 1970 Vix
426 1933 509 1970 iam
529 1933 791 1981 praeterierat
810 1933 966 1981 horula,
989 1947 1116 1983 quum
1144 1934 1225 1973 alia
1248 1937 1355 1973 esset
1381 1935 1596 1981 sententia,
1624 1934 1748 1972 dubio
1774 1933 1917 1983 procul

323 1986 395 2024 abs
417 1988 458 2024 te
478 1989 517 2024 et
538 1986 622 2025 tuis
641 1989 712 2025 aut
733 1988 906 2036 pecunia
926 1990 1143 2038 corruptus
1163 1991 1233 2027 aut
1254 1988 1380 2027 minis
1407 1989 1637 2026 deterritus.
1697 1988 1752 2025 Et
1776 1990 1916 2026 tamen

324 2041 586 2079 rethoricaris
606 2041 775 2091 indigne
797 2042 942 2080 tulisse
961 2044 1002 2080 te
1023 2043 1130 2092 quod
1159 2056 1223 2081 res
1249 2044 1298 2082 ad
1326 2043 1505 2081 nihilum
1526 2042 1730 2090 reciderit,
1754 2044 1796 2080 et
1818 2055 1916 2080 mox

322 2095 452 2133 accito
480 2095 737 2145 typographo
766 2096 898 2145 egisse
924 2099 972 2134 vt
1000 2098 1236 2146 pactionem
1265 2097 1524 2141 instauraret,
1558 2097 1628 2134 sed
1662 2109 1730 2134 me
1758 2098 1917 2134 mutata

242 2158 305 2190 590
323 2149 529 2188 sententia
566 2163 702 2187 meme
740 2150 825 2188 iam
863 2150 1117 2190 subduxisse.
1178 2151 1336 2201 Ecquid
1375 2165 1458 2189 non
1497 2151 1624 2201 pudet
1662 2150 1918 2199 impudentis

324 2203 562 2242 mendacii?
618 2203 706 2253 Ego
744 2207 837 2253 post
875 2205 1074 2243 reiectum
1112 2219 1215 2254 opus
1253 2205 1431 2244 Sabbato
1470 2206 1573 2243 hora
1610 2205 1769 2242 decima
1807 2206 1916 2243 ante-

324 2257 554 2296 meridiana
600 2258 736 2296 mansi
783 2259 1062 2309 Anteuerpiae
1105 2259 1332 2298 Sabbatum
1380 2262 1515 2297 totum
1558 2261 1599 2298 et
1646 2258 1915 2298 Dominicum

324 2314 471 2360 totum,
513 2325 641 2360 vsque
687 2312 737 2350 ad
777 2313 894 2351 Lune
931 2314 1152 2363 septimam
1194 2314 1575 2352 antemeridianam.
1648 2313 1732 2351 Nec
1773 2315 1915 2351 tamen

323 2365 480 2404 interea
518 2367 737 2415 quisquam
778 2367 828 2404 ad
870 2380 937 2405 me
976 2368 1155 2406 accessit.
1213 2368 1306 2406 Imo
1345 2382 1396 2405 ne
1436 2370 1475 2405 te
1513 2367 1674 2405 rediens
1711 2367 1911 2414 fallerem,

241 2428 303 2459 595
324 2420 544 2469 diligenter
581 2420 806 2458 obseruans
845 2422 944 2470 quid
976 2435 1051 2471 ego
1084 2435 1256 2471 agerem,
1296 2422 1484 2471 proximo
1517 2435 1637 2459 curru
1672 2423 1839 2459 secutus
1871 2434 1915 2460 es

323 2487 490 2512 currum
511 2488 653 2512 meum
673 2487 697 2512 a
716 2474 942 2513 Mechlinia
961 2489 1091 2526 Vsque
1112 2475 1344 2514 Louanium
1363 2490 1371 2523 3
1403 2490 1476 2514 nec
1496 2476 1554 2513 sic
1579 2478 1810 2523 contentus,
1833 2488 1914 2525 quo

323 2528 473 2566 certior
506 2541 616 2566 esses
647 2541 715 2567 me
746 2541 832 2567 esse
865 2529 911 2567 in
941 2543 1073 2578 curru,
1108 2530 1354 2568 descendisti
1385 2532 1423 2568 et
1454 2530 1672 2579 inspexisti
1701 2530 1744 2567 in
1774 2542 1915 2568 meum

409 2658 483 2697 580.
510 2657 646 2688 indicio
661 2660 781 2697 scripsi,
800 2661 837 2696 cf.
855 2661 872 2689 l.
897 2669 954 2699 134
973 2671 981 2690 t
1006 2660 1137 2691 iudicio
1154 2672 1184 2691 α.
1319 2660 1391 2698 584.
1421 2660 1622 2691 Hillemum
1641 2672 1661 2689 α
1677 2671 1683 2691 :
1708 2662 1831 2692 correxi.

368 2780 442 2819 581.
469 2780 526 2809 cui
565 2779 706 2819 dixisti]
747 2780 910 2819 I‘ossibly
946 2781 1021 2811 Nic.
1054 2781 1091 2811 of
1148 2781 1274 2820 April;
1297 2790 1353 2811 sec
1370 2781 1392 2812 l.
1410 2791 1510 2820 59311.

326 2822 617 2862 Hei-togenbosch
649 2822 725 2862 (Ep.
755 2824 827 2853 616.
870 2823 948 2861 1411)
968 2835 974 2861 ;
1008 2825 1089 2855 who
1180 2834 1252 2863 593.
1273 2824 1388 2865 Luno]
1398 2825 1501 2855 From
1515 2825 1683 2856 thedates
1693 2823 1916 2856 ofErasmus'

328 2867 411 2897 took
428 2868 506 2906 part
532 2867 569 2896 in
594 2866 693 2895 thes«-
719 2867 957 2905 negotiat-ions
984 2870 1089 2905 (Apol.
1152 2870 1373 2898 inovenicnts
1397 2870 1435 2898 in
1462 2868 1521 2898 the
1546 2869 1670 2908 spring
1697 2868 1734 2899 of
1764 2877 1859 2907 1519,
1883 2868 1913 2899 it

327 2920 389 2947 qua
401 2912 561 2946 respondet
576 2908 616 2940 f0.
638 2908 700 2946 B⁸;
728 2910 848 2940 Jortin
867 2911 902 2941 ii.
920 2911 1012 2949 502).
1151 2921 1263 2941 seems
1279 2911 1360 2942 that
1378 2913 1398 2941 6
1413 2912 1508 2942 June
1525 2912 1555 2942 is
1573 2912 1633 2942 the
1651 2912 1738 2951 only
1757 2911 1913 2951 Monday

369 2955 442 2993 584.
470 2952 544 2993 hic]
558 2952 631 2982 The
646 2953 723 2982 first
736 2954 876 2991 printcr
892 2965 899 2991 3
916 2956 952 2984 cf
965 2955 1001 2985 ll.
1021 2964 1093 2993 112,
1151 2964 1197 2984 on
1214 2955 1333 2985 which
1350 2955 1394 2985 hc
1412 2955 1515 2985 could
1533 2955 1623 2985 have
1636 2955 1805 2986 returned
1822 2955 1913 2986 from

327 2999 401 3036 536.
1154 2998 1327 3038 Antwerp
1350 3000 1386 3028 to
1410 2998 1590 3030 Louvain:
1615 2998 1736 3029 unless
1758 2998 1914 3038 perhaps

369 3042 443 3079 585.
471 3038 655 3079 Mercurii]
674 3039 831 3079 Perhaps
848 3050 859 3068 1
874 3041 981 3080 June,
1000 3051 1036 3071 or
1054 3051 1093 3079 27
1154 3052 1172 3071 2
1191 3041 1270 3080 May
1288 3042 1347 3081 (cs.
1366 3042 1426 3081 Ep.
1447 3044 1511 3081 965
1529 3041 1689 3081 iut1·0d.).
