1990 3353
93 150 214 206 1096]
579 152 735 192 FROM
773 151 1007 191 THOMAS
1045 151 1200 192 MORE
1610 152 1691 191 255

92 264 283 314 imperes.
344 262 452 301 Nam
490 261 612 311 plane
649 261 684 299 si
722 274 808 299 non
846 259 1110 309 respondero,
1150 259 1328 310 putabor
1372 260 1520 299 multis
1565 260 1692 300 huius

90 317 376 367 ineptissimae
395 317 506 355 rixae
525 314 761 366 praebuisse
778 327 956 363 causam,
980 316 1020 352 et
1046 314 1155 353 nihil
1182 315 1406 364 quicquam
1431 317 1689 364 prouocatus,

91 375 233 411 tamen
261 371 434 421 probris,
466 370 566 409 diris
594 372 635 408 et
664 368 995 408 execrationibus
1023 368 1250 407 insectatus
1277 368 1428 407 illum:
1467 369 1575 418 quod
1606 382 1692 407 non
1714 380 1776 414 170

91 426 234 465 minus
247 426 395 464 fuisset
413 425 704 470 inhumanum,
723 436 847 473 quam
867 436 979 461 nunc
999 423 1152 462 falsum
1167 436 1255 461 esse
1270 423 1402 470 docui,
1421 423 1457 461 si
1472 426 1518 461 tu
1536 423 1691 462 librum

90 480 261 530 patieris
297 480 420 518 exire.
480 479 535 518 In
572 492 652 529 quo
686 478 794 527 quod
829 477 1012 516 secundo
1043 477 1135 516 loco
1170 490 1327 525 mones,
1363 479 1410 515 vt
1448 477 1483 515 si
1520 477 1692 516 omnino

89 534 305 573 decretum
337 535 392 572 sit
425 533 627 580 emittere,
664 531 891 570 curandum
925 530 1032 570 mihi
1065 532 1121 570 sit
1153 534 1200 570 vt
1233 531 1358 581 (quod
1390 532 1591 570 hactenus
1624 545 1692 570 me

91 588 344 638 praestitisse
373 588 493 637 dicis)
521 587 756 625 eruditione
784 588 952 624 tantum
980 585 1122 624 videar
1150 588 1192 624 et
1221 599 1342 624 causa
1369 585 1573 634 Brixium,
1608 599 1692 624 non

90 643 218 682 etiam
248 642 447 681 conuiciis
475 642 667 688 vincere3
705 653 792 689 ego,
826 640 887 678 mi
915 640 1100 687 Erasme,
1131 642 1179 679 vt
1207 640 1439 679 eruditione
1473 642 1692 679 contentus
1714 654 1772 687 175

91 696 174 736 sim
206 696 242 735 si
275 696 422 735 Brixio
460 709 628 746 compar
661 696 752 743 sim,
787 694 847 733 ita
879 707 1000 734 causa
1032 708 1117 733 non
1155 694 1298 733 dubito
1327 694 1430 744 quin
1459 695 1581 744 longe
1610 694 1693 733 sim

92 751 291 802 superior,
314 751 584 801 quantumuis
607 763 727 789 suam
754 748 924 788 Brixius
951 751 1107 788 asserat
1132 749 1297 797 bonam,
1320 749 1496 797 facilem,
1520 748 1692 787 vincibi-

91 805 177 844 lem
193 820 202 853 ;
231 806 338 856 quod
354 805 608 855 principium
629 818 679 842 ex
697 806 784 843 arte
799 803 905 842 solet
919 803 1108 842 adhiberi
1123 803 1174 842 ad
1191 803 1493 842 defendendam
1510 803 1689 842 noxiam.

91 859 305 898 Oonuiciis
341 860 523 909 profecto
560 859 679 897 facile
721 871 789 897 me
828 858 941 896 vinci
981 857 1126 908 patiar,
1167 871 1248 908 quo
1289 871 1502 896 armorum
1542 870 1692 907 genere

91 927 309 964 nunquam
330 927 512 964 pugnare
539 914 678 952 statui.
736 913 792 951 Et
818 914 959 951 tamen
985 912 1074 951 fieri
1100 914 1236 962 potest
1260 915 1307 951 vt
1333 913 1441 962 quod
1469 911 1575 950 mihi
1601 925 1694 951 mea
1715 920 1776 950 180

91 968 190 1007 facit
207 968 362 1007 iniuria
381 968 489 1006 nihil
508 968 703 1007 acerbum
723 966 867 1014 videri,
889 966 1000 1005 idem
1020 967 1126 1006 alius
1144 967 1211 1005 cui
1229 980 1315 1005 non
1335 967 1447 1005 idem
1467 966 1527 1004 rei
1546 978 1693 1005 sensus

89 1025 171 1071 est,
200 1023 357 1062 iudicet
383 1035 469 1061 esse
496 1021 796 1062 mordaculum.
856 1021 973 1070 Quod
1004 1021 1039 1060 si
1067 1021 1152 1060 fors
1180 1021 1372 1060 acciderit
1400 1021 1573 1071 vspiam,
1606 1034 1693 1059 non

91 1077 192 1116 adeo
227 1076 445 1116 reuerebor
477 1077 730 1127 aequitatem
767 1076 979 1124 lectorum,
1016 1076 1117 1126 quin
1157 1078 1197 1114 et
1234 1075 1278 1113 in
1317 1088 1384 1113 me
1425 1089 1596 1126 quoque,
1632 1075 1693 1113 mi

91 1132 706 1182 Erasme,-quantumcunque
744 1143 911 1180 grauem
951 1143 1170 1179 personam
1208 1131 1306 1169 tuus
1344 1131 1465 1169 nobis
1503 1130 1693 1180 imponat

89 1199 217 1234 amor,
255 1186 329 1237 qui
361 1199 512 1236 magna
546 1186 595 1224 de
632 1199 699 1224 me
733 1184 856 1235 fingit
890 1185 1056 1232 omnia3
1094 1186 1234 1223 tamen
1269 1185 1371 1225 dum
1409 1185 1544 1223 adhuc
1583 1184 1693 1223 inter
1713 1192 1772 1232 185

91 1241 289 1279 mortales
320 1253 470 1289 versor,
501 1240 689 1278 nondum
718 1239 839 1289 plane
867 1240 1022 1278 relatus
1051 1239 1095 1277 in
1125 1239 1254 1287 diuos,
1286 1241 1333 1277 vt
1362 1240 1406 1277 in
1440 1252 1483 1277 re
1518 1238 1692 1277 lidicula

92 1295 314 1342 rideamus,
337 1308 424 1333 non
443 1294 658 1342 verebor,
647 1307 834 1343 mquam,
855 1294 958 1343 quin
978 1293 1134 1344 aliquid
1161 1294 1264 1332 etin
1289 1307 1357 1332 me
1386 1293 1692 1332 condonaturus

89 1349 147 1387 sit
172 1349 381 1388 humanus
407 1349 538 1387 lector
563 1349 771 1397 humanis,
795 1361 897 1398 quos
922 1348 1142 1386 hominum
1163 1361 1286 1387 nemo
1306 1361 1473 1398 prorsus
1493 1347 1686 1397 excussit,

90 1404 317 1443 affectibus.
375 1403 488 1450 Vale,
512 1403 573 1441 mi
593 1403 764 1441 Erasme
783 1403 1034 1441 charissime.

145 1458 285 1507 Quum
320 1457 526 1497 Caletium
554 1457 807 1505 venerimus,
838 1470 919 1507 quo
953 1457 1041 1495 Rex
1073 1456 1312 1507 propediem
1346 1456 1564 1496 adornabit
1597 1457 1691 1505 iter,
1714 1473 1774 1506 ¹90

89 1525 207 1562 spero
244 1513 331 1551 fore
369 1514 415 1551 vt
452 1524 589 1550 coram
626 1511 694 1550 his
731 1512 780 1550 de
818 1511 940 1549 rebus
978 1514 1308 1549 commentemur
1343 1510 1520 1561 plenius.
1582 1512 1690 1550 Nam

91 1567 263 1606 omnino
283 1567 327 1605 in
347 1566 426 1605 hoc
445 1566 607 1616 Regum
627 1567 835 1604 conuentu
855 1568 895 1604 te
915 1568 1094 1616 expecto,
1117 1567 1237 1615 atque
1258 1566 1317 1603 ita
1343 1565 1535 1604 Brixium
1552 1580 1561 1604 ε
1591 1579 1691 1604 nam

90 1623 133 1660 et
147 1621 305 1671 Regina
325 1620 543 1660 Gallorum
563 1620 710 1668 aderit,
725 1620 790 1659 cui
809 1633 905 1659 cum
925 1620 981 1659 sit
1000 1634 1024 1659 a
1042 1620 1210 1659 secretis
1223 1619 1404 1668 Brixius,
1425 1633 1508 1658 non
1524 1620 1687 1670 poterit,

91 1675 247 1726 opinor,
279 1676 428 1715 abesse.
486 1675 554 1714 Ita
587 1675 696 1725 quod
729 1675 779 1713 ad
813 1688 881 1713 me
918 1674 1077 1723 attinet,
1109 1674 1229 1713 facile
1264 1688 1352 1712 rem
1386 1688 1608 1725 compones
1640 1687 1691 1713 ex

90 1730 300 1769 sententia
329 1732 413 1769 tua.
475 1729 584 1768 Nam
618 1730 697 1768 etsi
729 1728 845 1768 nulla
874 1729 923 1768 de
957 1742 1078 1768 causa
1110 1729 1168 1767 sic
1202 1729 1284 1779 egit
1313 1729 1357 1767 in
1391 1743 1457 1767 me
1486 1731 1534 1769 vt
1567 1728 1692 1779 plane
1715 1745 1772 1777 195

89 1783 359 1824 declarauerit
390 1784 497 1823 nihil
529 1784 581 1823 ad
614 1797 753 1822 meam
786 1783 1013 1834 perniciem
1046 1786 1207 1834 praeter
1234 1784 1343 1822 vires
1373 1783 1551 1823 defuisse
1585 1783 1691 1832 sibi3

89 1840 229 1878 tamen
258 1839 423 1889 quando
451 1841 510 1887 tu,
542 1838 603 1876 mi
631 1838 815 1885 Erasme,
848 1837 943 1888 plus
973 1851 1016 1877 es
1044 1838 1151 1876 mihi
1181 1851 1305 1888 quam
1335 1838 1560 1876 dimidium
1593 1839 1687 1885 mei,

89 1893 184 1943 plus
217 1894 326 1944 apud
360 1906 427 1932 me
454 1893 610 1932 valebit
642 1893 687 1931 in
717 1892 859 1931 Brixio
888 1893 996 1943 quod
1026 1893 1082 1932 sit
1110 1893 1268 1931 amicus
1297 1894 1395 1931 tuus
1426 1905 1550 1943 quam
1579 1892 1689 1942 quod

88 1947 287 1987 inimicus
306 1961 436 1987 meus.
494 1948 655 1986 Iterum
674 1947 777 1986 vale.
838 1960 998 1986 M.D.xx.

527 2105 727 2145 10901097.
788 2102 852 2144 To
880 2102 1076 2144 THOMAs
1107 2101 1254 2144 MORE.

136 2212 330 2259 Epistolae
347 2212 394 2247 ad
412 2211 579 2248 diuersos
597 2224 633 2257 p.
655 2221 733 2257 544.
1400 2208 1592 2252 Antwerp.

136 2269 228 2308 HN:
256 2271 370 2307 Lond.
391 2270 462 2305 xiv.
487 2271 553 2306 16:
582 2269 656 2305 LB.
678 2279 756 2315 505.
1373 2276 1391 2299 2
1411 2266 1500 2311 May
1526 2276 1627 2311 1520.

546 2367 843 2409 [contemporary
859 2366 950 2397 with
970 2366 1055 2406 Epp.
1080 2364 1226 2406 1098‚9.]

302 2473 506 2503 ERASMVS
539 2472 874 2502 RO’PERODAMVS
905 2471 1097 2501 THOMAE
1127 2470 1253 2500 MORO
1285 2470 1366 2499 SVO
1398 2471 1432 2500 S.
1456 2470 1498 2500 D.

147 2571 239 2610 Nox
262 2570 511 2622 ignorabam,
535 2570 691 2620 optime
717 2570 841 2618 More,
863 2569 1086 2608 consilium
1113 2568 1222 2606 istud
1243 2570 1442 2616 vestrum,
1469 2570 1688 2619 quantum-

92 2623 196 2665 libet
217 2625 530 2664 incommodum
549 2624 668 2672 mihi,
685 2624 736 2662 ab
757 2624 896 2663 animo
915 2623 1203 2662 amantissimo
1223 2623 1435 2672 proficisci,
1455 2626 1576 2673 atque
1596 2623 1688 2661 ideo

92 2693 178 2718 non
190 2680 308 2730 potui
322 2692 405 2718 non
419 2679 516 2717 boni
533 2680 768 2717 consulere:
790 2691 1027 2728 quanquam
1043 2677 1209 2715 interim
1225 2677 1391 2716 saedulo
1406 2679 1581 2716 testatus
1594 2690 1686 2715 sum

92 2746 166 2773 vos
193 2734 275 2773 Leo
301 2732 523 2782 consulere,
550 2746 634 2771 non
664 2733 780 2772 mihi.
841 2733 1110 2782 Perspectum
1136 2733 1222 2769 erat
1249 2731 1432 2770 hominis
1452 2731 1683 2782 ingenium,

288 2846 382 2878 1096.
406 2847 476 2885 187.
503 2845 641 2886 aliquid
658 2845 750 2877 FN2:
773 2845 874 2877 aliud
890 2845 934 2876 N¹
946 2845 971 2877 ³.
1116 2856 1188 2886 199.
1211 2855 1335 2877 maxx
1352 2849 1427 2877 add.
1444 2848 1487 2877 H.

139 2990 233 3020 1096.
255 2999 324 3028 190.
352 2988 547 3030 Caletium]
573 2989 636 3020 See
653 2998 684 3029 p.
704 2990 779 3028 296.
938 3000 974 3028 14
991 2990 1066 3020 Oct.
1089 2999 1259 3029 1499—20
1274 2990 1361 3030 July
1382 3001 1472 3030 1524.

141 3043 212 3073 193.
239 3032 388 3074 Regina]
441 3032 576 3064 Claude
626 3032 663 3063 of
721 3033 863 3073 Franco,
937 3034 1030 3065 1097.
1049 3044 1079 3071 4.
1100 3034 1169 3064 Leo
1183 3034 1380 3075 consulere]
1400 3035 1452 3065 Cf.
1464 3035 1525 3074 Ep.
1540 3043 1613 3074 973.
1635 3044 1683 3072 17.
